2569 4061
403 247 532 313 338
1078 245 1386 303 DIODORI
1423 244 1658 302 SICULI

404 428 558 476 ουσι
619 409 744 493 τὴν
806 410 1135 493 παράλιον
1197 404 1531 493 προσηνὲς
1591 405 1700 472 καὶ
1765 409 1968 491 πολύ,
2023 410 2190 494 πρὸς
2251 405 2331 475 δὲ

402 517 662 592 τούτοις
696 515 996 598 ὑγιεινὸν
1022 512 1134 580 καὶ
1169 513 1725 600 παρηλλαγμένον
1761 513 1834 579 ἐκ
1860 525 1995 580 τῶν
2031 514 2331 599 ἀρίστων

401 633 630 706 μῖγμα,
682 623 835 688 αὔτε
886 623 1066 709 [γάρ]
1116 620 1526 706 τετμημένου
1570 630 1694 686 τοῦ
1738 630 1998 706 καρποῦ
2042 619 2156 686 καὶ
2201 624 2328 706 τὴν

403 728 583 794 ἰδίαν
665 730 879 814 ἀκμὴν
952 728 1500 810 ἐκπεπνευκότος,
1575 728 1729 794 οὔτε
1799 729 1922 811 τὴν
1997 727 2330 794 ἀπόθεσιν

401 837 670 920 ἔχοντος
726 834 801 902 ἐν
856 833 1307 920 ἑτερογενέσιν
1369 833 1690 917 ἀγγείοις,
1755 829 1899 899 ἀλλ’
1953 828 2066 898 ἀπ’
2118 834 2325 919 αὐτῆς
2360 853 2388 894 5

399 951 517 1025 τῆς
577 943 991 1029 νεαρωτάτης
1055 942 1233 1028 ὥρας
1295 939 1407 1006 καὶ
1472 943 1591 1006 τὸν
1659 942 1948 1024 βλαστὸν
2013 939 2328 1028 ἀκέραιον

400 1046 851 1134 παρεχομένης
886 1057 1001 1132 τῆς
1040 1051 1232 1124 θείας
1268 1048 1557 1132 φύσεως,
1605 1049 1772 1113 ὥστε
1809 1050 1967 1124 τοὺς
2004 1053 2330 1133 μεταλαμ-

401 1157 729 1239 βάνοντας
770 1162 886 1237 τῆς
924 1155 1252 1238 ἰδιότητος
1292 1156 1517 1220 δοκεῖν
1556 1153 1918 1220 ἀπολαύειν
1959 1162 2077 1238 τῆς
2114 1155 2328 1239 μυθο-

401 1259 810 1347 λογουμένης
866 1259 1233 1345 ἀμβροσίας
1294 1262 1406 1325 διὰ
1460 1262 1537 1326 τὸ
1591 1262 1714 1344 τὴν
1767 1260 2147 1345 ὑπερβολὴν
2209 1268 2327 1345 τῆς

400 1366 681 1442 εὐωδίας
709 1367 1038 1451 μηδεμίαν
1067 1365 1299 1453 ἑτέραν
1341 1366 1674 1454 εὑρίσκειν
1704 1367 1959 1432 οἰκείαν
1997 1383 2329 1454 προσηγο-
2358 1385 2411 1426 10

293 1472 378 1536 47
402 1475 573 1558 ρίαν.
667 1472 749 1538 οὐ
809 1474 941 1557 μὴν
996 1473 1366 1560 ὁλόκληρον
1430 1471 1542 1540 καὶ
1606 1471 1805 1558 χωρὶς
1867 1476 2142 1557 φθόνου
2203 1476 2330 1558 τὴν

401 1579 835 1664 εὐδαιμονίαν
896 1591 1036 1657 τοῖς
1101 1580 1491 1667 ἀνθρώποις
1552 1581 1594 1664 ἡ
1666 1580 1832 1665 τύχη
1906 1580 2325 1668 περιέθηκεν,

400 1685 567 1751 ἀλλά
610 1697 752 1763 τοῖς
793 1687 1209 1770 τηλικούτοις
1254 1688 1601 1773 δωρήμασι
1653 1684 2002 1773 παρέζευξε
2047 1689 2121 1752 τὸ
2168 1687 2327 1769 βλά-

399 1815 567 1858 πτον
619 1790 731 1858 καὶ
785 1799 1202 1876 νουθετῆσον
1247 1794 1406 1868 τοὺς
1463 1794 1575 1857 διὰ
1621 1794 1746 1876 τὴν
1796 1791 2144 1877 συνέχειαν
2188 1802 2328 1858 τῶν

330 1919 362 1967 2
402 1898 680 1983 ἀγαθῶν
719 1900 1041 1975 εἰωθότας
1075 1910 1524 1983 καταφρονεῖν
1561 1909 1697 1964 τῶν
1733 1906 1929 1965 θεῶν.
1989 1897 2154 1961 κατὰ
2190 1898 2320 1984 γὰρ
2353 1915 2409 1956 15

399 2009 558 2084 τοὺς
594 2005 1087 2084 εὐωδεστάτους
1134 2006 1432 2092 δρυμοὺς
1468 2007 1691 2091 ὄφεων
1727 2005 2007 2092 ὑπάρχει
2041 2008 2323 2090 πλῆθος,

402 2116 474 2179 οἳ
502 2116 577 2179 τὸ
616 2109 737 2198 μὲν
773 2123 1002 2200 χρῶμα
1039 2119 1399 2196 φοινικοῦν
1435 2114 1682 2197 ἔχουσι,
1726 2121 1932 2197 μῆκος
1955 2108 2046 2177 ’δὲ
2084 2118 2326 2177 σπιθα«

400 2228 554 2305 μῆς,
614 2222 913 2305 δήγματα
970 2215 1045 2283 δὲ
1098 2227 1452 2285 ποιοῦνται
1505 2224 1840 2297 παντελῶς
1892 2219 2154 2284 ἀνίατα·
2211 2220 2324 2283 δά-

399 2343 636 2393 κνουσι
694 2321 767 2390 δὲ
811 2326 1328 2411 προσπηδῶντες
1379 2323 1491 2390 καὶ
1537 2323 1889 2408 ἁλλόμενοι
1946 2327 2111 2411 πρὸς
2156 2324 2327 2403 ὕψος
2401 2323 2404 2326 ’

330 2452 362 2500 3
401 2433 791 2518 αἱμάττουσι
825 2432 945 2496 τὸν
980 2440 1217 2515 χρῶτα.
1295 2433 1473 2496 ἴδιον
1513 2431 1592 2496 δέ
1631 2454 1696 2495 τι
1731 2432 1908 2517 παρὰ
1948 2441 2090 2507 τοῖς
2127 2430 2325 2515 ἐγχω-
2353 2449 2408 2490 20

400 2540 572 2621 ρίοις
618 2539 967 2621 συμβαίνει
1012 2534 1165 2620 περὶ
1210 2538 1368 2614 τοὺς
1403 2537 1862 2621 ἠσθενηκότας
1905 2536 2036 2602 ὑπὸ
2074 2548 2325 2623 μακρᾶς

398 2645 608 2708 νόσου
653 2644 733 2706 τά
782 2641 1064 2725 σώματα.
1151 2642 1636 2728 διαπνεομένου
1680 2645 1808 2729 γὰρ
1855 2651 1977 2709 τοῦ
2026 2645 2326 2728 σώματος

400 2743 509 2814 ὑπ’
554 2748 844 2835 ἀκράτου
888 2746 1001 2814 καὶ
1044 2758 1358 2834 τμητικῆς
1403 2752 1692 2835 φύσεως,
1738 2748 1850 2816 καὶ
1894 2759 2011 2834 τῆς
2058 2754 2325 2835 συγκρί-

399 2872 564 2933 σεως
608 2865 744 2921 τῶν
790 2857 1007 2938 ὄγκων
1050 2857 1144 2932 εἰς
1180 2856 1482 2943 ἀραίωμα
1521 2855 1998 2942 συναγομένης,
2038 2859 2301 2933 ἔκλυσις
2318 2876 2426 2928 215

397 2963 847 3029 ἐπακολουθεῖ
908 2965 1400 3047 δυσβοήθητος·
1477 2964 1707 3051 διόπερ
1782 2974 1923 3040 τοῖς
1996 2964 2324 3041 τοιούτοις
2350 2981 2406 3022 25

398 3072 741 3155 ἄσφαλτον
795 3076 1268 3156 παραθυμιῶσι
1323 3070 1433 3135 καὶ
1487 3070 1738 3156 τράγου
1793 3071 2114 3154 πώγωνα,
2179 3079 2321 3146 ταῖς

398 3174 729 3252 ἐναντίαις
765 3177 1011 3261 φύσεσι
1054 3178 1583 3261 καταμαχόμενοι
1618 3178 1743 3260 τὴν
1788 3176 2168 3262 ὑπερβολὴν
2203 3182 2322 3258 τῆς

541 3371 573 3417 3
611 3362 720 3434 γὰρ
758 3367 865 3421 del.
903 3366 1068 3420 Dind.
1144 3371 1177 3420 ὅ
1218 3362 1341 3421 ἐν’
1312 3386 1373 3420 ετ
1343 3364 1469 3435 τέρο
1473 3387 1523 3429 ις
1559 3364 1782 3436 γένεσιν
1810 3363 1846 3454 ᾗ
1885 3363 1949 3422 ἔν
1988 3363 2207 3437 ἀγγείοι
2187 3387 2237 3429 ις
2272 3367 2321 3421 D

395 3428 500 3484 ἀπ’
538 3450 645 3487 om.
675 3435 724 3487 D
802 3442 949 3504 11φ
906 3432 1383 3561 φθόνουὶπόνου
1421 3436 1470 3490 D
1548 3442 1613 3491 19
1652 3435 1996 3509 παλλόμενοι
2027 3439 2232 3507 Agath.
2253 3443 2322 3493 98

396 3503 533 3551 22τ
503 3498 572 3553 τὰ
611 3502 841 3570 σώματα
879 3506 969 3559 del
1024 3505 1156 3561 Reis
