2569 4061
978 343 1057 398 IV
1092 350 1179 399 82.
1209 349 1294 399 83.
1992 345 2123 409 529

144 512 564 590 κατασκευῇ
619 514 743 570 τοῦ
797 507 926 571 νεὼ
984 505 1094 571 καὶ
1149 514 1239 594 τῷ
1295 509 1541 590 πλήθει
1595 517 1731 572 τῶν
1777 507 2124 592 ἀναθημά-

150 636 342 679 των.
438 613 561 696 τὴν
618 608 694 677 δὲ
748 614 918 677 θεὸν
978 614 1088 678 διά
1142 635 1212 677 τε
1259 614 1384 697 τὴν
1431 612 1558 678 άπὸ
1605 622 1738 678 τῶν
1785 612 2124 701 ἐγχωρίων
2161 633 2193 681 2

149 715 541 801 εὐσέβειαν
594 716 708 784 καὶ
765 719 877 783 διὰ
929 719 1054 802 τὴν
1109 719 1236 783 ἀπὸ
1294 727 1416 783 τοῦ
1470 717 1924 797 τεκνωθέντος
1967 721 2124 786 υἱοῦ

149 823 393 909 τιμὴν
458 823 793 907 ἀγαπῆσαι
856 826 1321 911 περιττότερον
1393 824 1517 908 τὴν
1587 827 1815 890 πόλιν·
1891 827 2122 911 διόπερ

84 951 119 992 5
156 930 409 1012 αὐτὴν
428 927 835 1015 Ἀφροδίτην
856 927 1214 1016 Ἐρυκίνην
1242 931 1728 1015 ὀνομασθῆναι.
1776 932 2124 1014 θαυμάσαι

157 1034 236 1103 δ’
293 1035 387 1100 ἄν
432 1057 533 1111 τις
568 1036 836 1110 εἰκότως
873 1034 1441 1121 ἀναλογισάμενος
1475 1036 1599 1119 τὴν
1636 1033 1788 1121 περὶ
1824 1037 1900 1101 τὸ
1941 1036 2124 1118 ἱερὸν

154 1150 391 1209 τοῦτο
446 1137 817 1223 γενομένην
873 1139 1105 1218 δόξαν·
1164 1143 1247 1204 τὰ
1302 1137 1426 1225 μὲν
1479 1141 1605 1226 γὰρ
1662 1141 1831 1206 ἄλλα
1883 1139 2119 1225 τεμένη
2160 1163 2193 1211 3

162 1247 588 1328 ἀνθήσαντα
649 1255 793 1322 ταῖς
865 1243 1089 1323 δόξαις
1151 1247 1468 1324 πολλάκις
1532 1248 1645 1311 διὰ
1706 1246 2122 1332 περιστάσεις

161 1354 384 1430 τινὰς
427 1356 918 1435 τεταπείνωται,
966 1354 1177 1435 μόνον
1225 1349 1302 1418 δὲ
1343 1363 1545 1419 τοῦτο
1591 1364 1726 1419 τῶν
1773 1353 1839 1434 ἐξ
1878 1355 2122 1430 αἰῶνος

74 1483 134 1523 10
167 1460 409 1548 ἀρχὴν
446 1460 656 1541 λαβὸν
694 1456 1014 1524 οὐδέποτε
1053 1456 1308 1523 διέλιπε
1351 1460 1747 1543 τιμώμενον,
1797 1459 1965 1525 ἀλλὰ
2009 1458 2120 1525 καὶ

163 1565 595 1634 τούναντίον
632 1559 735 1627 ἀεὶ
774 1560 1099 1629 διετέλεσε
1126 1568 1375 1647 πολλῆς
1401 1564 1736 1647 τυγχάνον
1763 1563 2118 1647 αὐξήσεως.

170 1674 353 1760 μετὰ
401 1671 528 1754 γὰρ
565 1670 682 1747 τὰς
716 1672 1202 1755 προειρημένας
1240 1668 1352 1735 ὑπ’
1388 1668 1673 1756 ’Ἐρυκος
1707 1671 1899 1753 τιμὰς
1934 1670 2119 1738 ὕστε·
2159 1694 2192 1741 4

177 1803 315 1868 ρον
365 1778 641 1853 Αἰνείας
699 1777 736 1841 ὁ
792 1773 1194 1863 Ἀφροδίτης
1239 1774 1462 1842 πλέων
1521 1778 1616 1852 εἰς
1669 1769 1951 1842 Ἰταλίαν
2010 1775 2122 1842 καὶ

174 1880 720 1972 προσορμισθεὶς
745 1891 824 1968 τῇ
853 1885 1038 1971 νήσω
1066 1887 1341 1959 πολλοῖς
1377 1882 1763 1968 ἀναθήμασι
1798 1884 1874 1948 τὸ
1914 1884 2120 1967 ίερόν,

98 2010 152 2053 15
183 1995 279 2071 ὡς
343 1988 430 2055 ἂν
492 1990 666 2065 ἰδίας
725 1990 972 2075 μητρὸς
1028 1989 1355 2076 ὑπάρχον,
1414 1988 1760 2075 ἐκόσμησε·
1825 1991 1986 2075 μετὰ
2047 1986 2122 2059 δὲ

176 2108 435 2166 τοῦτον
482 2092 588 2160 ἐπὶ
633 2096 884 2172 πολλὰς
927 2098 1158 2177 γενεὰς
1202 2108 1520 2180 τιμῶντες
1567 2096 1637 2162 οἱ
1667 2095 1951 2163 Σικανοὶ
1997 2098 2121 2181 τὴν

180 2206 359 2271 θεὸν
418 2202 692 2275 θυσίαις
744 2221 815 2264 τε
870 2199 1396 2283 μεγαλοπρεπέσι
1451 2213 1746 2287 συνεχῶς
1805 2200 1915 2268 καὶ
1961 2202 2120 2269 ἄνα-

180 2311 496 2392 θήμασιν
561 2304 923 2388 ἐκόσμουν·
1006 2306 1168 2389 μετὰ
1233 2302 1309 2371 δὲ
1371 2317 1577 2372 ταῦτα
1638 2310 2117 2394 Καρχηδόνιοι,

187 2412 440 2500 μέρους
482 2418 599 2492 τῆς
644 2413 957 2487 Σικελίας
999 2412 1500 2496 κυριεύσαντες,
1548 2413 1631 2478 οὐ
1678 2412 1979 2480 διέλιπον
2023 2438 2117 2479 τι-

105 2541 160 2582 20
191 2530 447 2604 μῶντες
498 2516 623 2599 τὴν
675 2518 845 2582 θεὸν
901 2517 1374 2602 διαφερόντως.
1464 2519 1541 2582 τὸ
1603 2514 1679 2583 δὲ
1736 2524 2117 2587 τελευταῖον

181 2624 514 2708 Ῥωμαῖοι,
542 2623 756 2707 πάσης
783 2625 1097 2700 Σικελίας
1121 2625 1588 2709 κρατήσαντες,
1623 2625 2115 2711 ὑπερεβάλοντο

193 2731 444 2805 πάντας
505 2730 666 2806 τοὺς
726 2730 856 2815 πρὸ
922 2728 1145 2795 αὐτῶν
1208 2740 1354 2807 ταῖς
1416 2731 1511 2807 εἰς
1571 2731 1821 2815 ταύτην
1878 2744 2115 2817 τιμαῖς.

195 2835 306 2904 καὶ
340 2843 539 2901 τοῦτο
577 2837 846 2914 εἰκότως
883 2836 1184 2902 ἐποίουν·
1228 2838 1305 2901 τὸ
1343 2838 1471 2923 γὰρ
1506 2836 1702 2920 γένος
1738 2840 1834 2915 εἰς
1866 2841 2117 2924 ταύτην
2154 2859 2186 2908 5

202 2938 710 3024 ἀναπέμποντες,
756 2939 868 3006 καὶ
916 2941 1027 3006 διὰ
1071 2950 1271 3006 τοῦτο
1319 2941 1393 3007 ἐν
1436 2952 1581 3019 ταῖς
1624 2943 1942 3028 πράξεσιν
1979 2943 2117 3009 ἐπι-

129 3066 178 3108 25
203 3056 416 3130 τυχεῖς
468 3047 685 3129 ὄντες,
748 3047 872 3129 τὴν
926 3048 1146 3112 αἰτίαν
1200 3055 1318 3130 τῆς
1372 3048 1708 3131 αὐξήσεως
1760 3047 2113 3131 ἠμείβοντο

206 3163 343 3229 ταῖς
393 3153 885 3237 προσηκούσαις
938 3153 1162 3238 χάρισι
1217 3152 1330 3218 καὶ
1382 3164 1616 3237 τιμαῖς.
1710 3154 1782 3218 oc
1819 3150 1942 3238 μὲν
1985 3157 2113 3241 γὰρ
2152 3176 2184 3229 6

207 3269 643 3335 καταντῶντες
697 3261 792 3334 εἰς
844 3259 968 3342 τὴν
1019 3269 1232 3343 νῆσον
1287 3260 1528 3325 ὕπατοι
1585 3257 1698 3325 καὶ
1757 3259 2114 3347 στρατηγοὶ
2157 3282 2160 3287 ·

380 3455 410 3503 2
453 3469 511 3504 τε
562 3465 668 3505 om.
707 3450 860 3519 vulg.
1041 3457 1074 3506 5
1122 3446 1404 3521 ὀνομάσαι
1439 3450 1493 3504 II
1672 3457 1704 3506 8
1744 3447 2108 3523 ἀνθήσαντα]

219 3515 522 3588 αὐξήσαντα
551 3520 605 3574 11
712 3526 744 3576 9
783 3522 894 3577 τῶν
930 3522 1207 3588 wetsten,
1244 3518 1349 3590 τὴν
1387 3522 1508 3577 eod.
1622 3527 1688 3577 13
1728 3518 1758 3576 ὁ
1791 3517 2113 3594 Ἀφροδίτης

220 3605 317 3645 om.
355 3589 451 3644 PM
553 3596 621 3646 22
661 3589 742 3654 εἰς
778 3588 956 3662 αὐτὴν
993 3594 1042 3646 D
1151 3599 1219 3648 23
1260 3591 1583 3649 ἐποιοῦντο·
1622 3590 1684 3647 τὸ
1723 3592 1788 3649 D.

317 3688 551 3733 Dtononus
580 3691 619 3732 1.
1723 3688 1793 3737 34
