2569 4061
971 341 998 394 Ι
1034 346 1119 397 48.
1158 346 1245 399 49.
1990 340 2077 408 85

150 510 330 588 φθαι
381 506 737 588 τριάκοντα
790 505 909 569 τὸν
965 502 1292 590 ἀριθμόν,
1356 501 1467 567 καὶ
1519 503 1689 571 κατὰ
1740 504 1816 569 τὸ
1874 500 2083 589 μέσον

149 611 270 676 τὸν
324 610 828 696 ἀρχιδικαστήν,
889 613 1125 695 ἔχοντα
1179 610 1304 694 τὴν
1361 608 1686 694 ἀλήθειαν
1731 609 2083 698 ἐξηρτημέ-

151 739 279 800 νην
335 716 407 782 ἐκ
459 725 581 782 τοῦ
634 720 971 802 τραχήλου
1023 714 1135 782 καὶ
1190 718 1352 791 τοὺς
1405 715 1805 800 ὀφθαλμοὺς
1850 716 2081 803 ἐπιμύ-

153 846 336 906 οντα,
363 822 475 889 καὶ
498 825 778 906 βιβλίων
807 822 985 910 αὐτῷ
1014 824 1506 909 παρακείμενον
1531 827 1814 903 πλῆθος·
1844 825 2085 901 ταύτας

98 965 123 1005 5
154 927 229 995 δὲ
273 931 388 1006 τὰς
432 931 697 1007 εἰκόνας
740 928 1216 995 ἐνδείκνυσθαι
1264 929 1379 992 διὰ
1432 934 1557 991 τοῦ
1610 929 1939 1011 σχήματος
1984 929 2087 994 ὅτι

152 1039 308 1114 τοὺς
353 1033 475 1121 μὲν
522 1036 836 1113 δικαστὰς
881 1030 1085 1101 οὐδὲν
1133 1036 1241 1102 δεῖ
1281 1034 1681 1118 λαμβάνειν,
1737 1034 1859 1098 τὸν
1905 1032 2085 1119 ἀρχι-

154 1144 472 1227 δικαστὴν
502 1138 578 1208 δὲ
603 1144 771 1229 πρὸς
806 1144 1023 1226 μόνην
1059 1138 1332 1224 βλέπειν
1365 1142 1490 1225 τὴν
1526 1140 1873 1224 ἀλήθειαν.
1941 1138 2087 1223 ἑξῆς
2104 1142 2191 1208 49

154 1246 215 1312 δ’
278 1250 603 1336 ὑπάρχειν
659 1251 1023 1335 περίπατον
1079 1252 1283 1312 οἴκων
1339 1248 1787 1316 παντοδαπῶν
1841 1249 2085 1333 πλήρη,

152 1350 309 1424 καθ’
362 1355 481 1433 οὓς
526 1366 809 1422 παντοῖα
855 1352 1018 1438 γε’νη
1064 1349 1340 1438 βρωτῶν
1384 1356 1913 1424 κατεσκευάσθαι
1949 1363 2087 1419 τῶν

73 1497 127 1537 10
155 1464 321 1547 πρὸς
366 1461 740 1527 ἀπόλαυσιν
785 1460 1097 1542 ἡδίστων.
1177 1456 1336 1523 καθ’
1386 1458 1473 1524 ὃν
1513 1461 1597 1542 δὴ
1642 1465 1933 1545 γλυφαῖς
1976 1460 2081 1527 ἐν·
2119 1466 2152 1516 2

151 1578 379 1652 τυχεῖν
408 1565 579 1632 εἶναι
605 1564 719 1631 καὶ
745 1567 1088 1651 χρώμασιν
1115 1563 1615 1649 ἐπηνθισμένον
1640 1568 1759 1631 τὸν
1782 1566 2083 1651 βασιλέα,

156 1672 453 1757 φέροντα
497 1677 589 1757 τῷ
627 1675 769 1756 θεῷ
806 1670 1062 1755 χρυσὸν
1096 1667 1209 1733 καὶ
1246 1670 1570 1754 ἄργυρον,
1607 1669 1688 1734 ὃν
1724 1670 1792 1748 ἐξ
1826 1672 2087 1756 ἁπάσης

158 1776 490 1859 ἐλάμβανε
541 1782 659 1858 τῆς
702 1775 1051 1856 Αἰγύπτου
1104 1771 1246 1839 κατ’
1302 1773 1615 1839 ἐνιαυτὸν
1667 1773 1741 1839 ἐκ
1791 1786 1927 1841 τῶν
1975 1777 2089 1860 ἀρ-

157 1884 449 1968 γυρείων
492 1879 604 1948 καὶ
648 1883 980 1967 χρυσείων
1025 1881 1369 1966 μετάλλων
1384 1900 1401 1914 ·
1453 1879 1973 1967 ὑπογεγράφθαι
2016 1879 2091 1948 δὲ

75 2024 128 2066 15
156 1986 270 2056 καὶ
315 1989 391 2055 τὸ
437 1993 729 2073 πλῆθος,
781 1987 817 2054 ὃ
865 1988 1576 2073 συγκεφαλαιούμενον
1621 1985 1717 2066 εἰς
1764 1986 2092 2076 ἀργυρίου
2176 2027 2177 2030 “

156 2100 361 2181 λόγον
406 2091 583 2162 εἶναι
629 2106 818 2180 μνῶν
872 2098 1237 2182 τρισχιλίας
1295 2093 1410 2161 καὶ
1465 2095 1808 2173 διακοσίας
1854 2097 2092 2182 μυριά-

158 2206 293 2282 δας.
370 2201 517 2286 ἑξῆς
563 2196 626 2267 δ’
678 2201 1003 2287 ὑπάρχειν
1047 2202 1172 2285 τὴν
1220 2201 1411 2288 ἱερὰν
1453 2196 1926 2286 βιβλιοθήκην,
1973 2200 2079 2288 ἐφ’
2124 2209 2158 2259 3

157 2305 235 2393 ἧς
270 2308 765 2395 ἐπιγεγράφθαι
814 2312 1043 2392 Ψυχῆς
1082 2309 1400 2394 ἰατρεῖον,
1437 2317 1737 2392 συνεχεῖς
1775 2303 1848 2375 δὲ
1884 2309 2091 2395 ταύτῃ

158 2427 296 2482 τῶν
355 2413 497 2482 κατ’
569 2420 921 2498 Αἴγυπτον
982 2421 1168 2479 θεῶν
1233 2413 1549 2481 ἁπάντων
1612 2415 1905 2499 εἰκόνας,
1969 2425 2091 2482 τοῦ

81 2556 138 2597 20
162 2520 482 2604 βασιλέως
545 2521 794 2606 ὁμοίως
866 2522 1427 2608 δωροφοροῦντος
1492 2519 1534 2584 ἃ
1596 2529 1943 2606 προσῆκον
2004 2517 2093 2606 ἦν

164 2625 481 2713 ἑκάστοις,
507 2629 814 2713 καθάπερ
842 2624 1363 2712 ἐνδεικνυμένου
1388 2628 1556 2713 πρός
1582 2649 1652 2692 τε
1687 2628 1808 2693 τὸν
1826 2627 2093 2715 Ὄσιριν

160 2733 273 2800 καὶ
315 2738 473 2812 τοὺς
524 2736 700 2801 κάτω
754 2731 1132 2821 παρέδρους
1186 2734 1293 2799 ὅτι
1341 2734 1461 2799 τὸν
1513 2736 1666 2817 βίον
1721 2733 2090 2814 ἐξετέλεσεν

162 2841 460 2924 εὐσεβῶν
503 2839 615 2906 καὶ
662 2842 1161 2926 δικαιοπραγῶν
1197 2843 1367 2926 πρός
1411 2861 1482 2905 τε
1527 2838 1935 2925 ἀνθρώπους
1978 2839 2090 2907 καὶ

56 2967 121 3016 59
159 2949 388 3025 θεούς.
469 2947 823 3032 ὁμότοιχον
860 2943 936 3011 δὲ
980 2954 1062 3032 τῇ
1108 2948 1516 3031 βιβλιοθήκῃ
1562 2948 2093 3013 κατεσκευάσθαι
2125 2953 2161 3001 4

83 3087 134 3129 25
160 3065 480 3139 περιττῶς
538 3047 746 3119 οἶκον.
782 3054 1257 3136 εἰκοσίκλινον,
1324 3054 1561 3136 ἔχοντα
1624 3062 1744 3118 τοῦ
1799 3076 1870 3118 τε
1923 3053 2093 3126 Διὸς
2152 3088 2157 3111 ;

161 3159 271 3226 καὶ
317 3168 434 3244 τῆς
463 3158 706 3245 ’“Ἠρας,
766 3161 864 3237 ἔτι
911 3154 986 3225 δὲ
1030 3168 1150 3225 τοῦ
1197 3156 1522 3242 βασιλέως
1569 3160 1862 3240 εἰκόνας,
1917 3156 1991 3219 ἐν
2038 3145 2091 3240 ᾧ

275 3395 302 3443 1
334 3382 479 3457 άρνθ
521 3382 681 3459 όν]”
642 3405 875 3458 αχειρας
895 3387 1125 3474 supplet
1147 3385 1409 3442 Hertlein
1437 3388 1527 3455 (ex
1553 3385 1701 3440 Plut.
1732 3383 1803 3436 de
1821 3378 1968 3433 Iside
2001 3379 2091 3444 10)

164 3454 228 3512 τὸ
266 3475 375 3514 οιιι.
416 3408 518 3512 Οὗι
681 3463 720 3512 3
755 3454 848 3513 ἐπι
852 3455 1108 3529 μύουσαν
1145 3456 1385 3524 codices,
1424 3473 1564 3533 οοιι.
1602 3450 1860 3508 Hertlein
2024 3451 2089 3500 10

167 3526 428 3600 ἐντυχαῖς
462 3530 525 3601 F,
563 3523 826 3592 εὖτυκοις
852 3479 1139 3585 Wesselin
1256 3499 1503 3597 ἕμψῖὅχοι
1483 3546 1534 3588 ις
1544 3519 1893 3587 Είοὶιεῡῆᾱίι,
1931 3514 2090 3572 ἔκτυ

164 3619 275 3656 πον
313 3573 538 3670 malim3
575 3597 794 3670 γλυφὰς
832 3597 895 3656 ἐν
931 3601 1098 3672 τοίχῳ
1139 3546 1260 3653 ῗδε
1228 3602 1284 3651 ἵν
1324 3592 1474 3650 εἶναι
1508 3593 1734 3649 Reiske.
