2569 4061
879 332 948 385 -1
987 338 1069 388 97.
1112 340 1197 388 98.
1898 336 2027 400 165
2470 307 2511 418 Ι
2562 415 2569 418 -

4 584 10 589 .
103 505 341 579 σημεῖα
388 492 674 580 φέρουσι
718 492 829 559 καὶ
876 496 1160 579 μάλιστα
1203 495 1327 577 τὴν
1372 504 1488 578 τῆς
1521 493 1790 583 Ἑλένης
1833 521 2029 581 γενο-

5 627 17 654 1
103 600 314 685 μένην
374 603 552 688 παρὰ
604 602 931 689 Μενελάῳ
994 602 1385 686 Τηλεμάχου
1445 607 1858 687 φαρμακείαν
1911 604 2025 670 καὶ

103 710 327 792 λήθην
370 718 504 772 τῶν
550 710 1071 791 συμβεβηκότων.
1102 718 1344 773 κακῶν.
1415 709 1491 771 τὸ
1529 692 1655 795 γὰρ
1691 708 2023 793 νηπενθὲς

106 814 477 900 φάρμακον,
516 813 553 877 ὃ
590 816 820 896 λαβεῖν
858 830 1068 897 φησιν
1100 813 1136 879 ὁ
1175 814 1454 897 ποιητὴς
1490 815 1610 897 τὴν
1639 812 1912 898 Ἑλένην
1948 817 2022 883 ἐκ

51 941 78 981 5
106 930 242 985 τῶν
266 921 653 1003 Αἰγυπτίων
684 923 926 1004 Θηβῶν
954 921 1134 1006 παρὰ
1162 920 1616 1004 Πολυδάμνης
1651 929 1765 1003 τῆς
1793 924 2027 999 Θῶνος

103 1029 444 1109 γυναικός,
502 1025 790 1111 ἀκριβῶς
844 1025 1167 1109 ἐξητακὼς
1212 1028 1545 1110 φαίνεται·
1607 1028 1704 1090 ἔτι
1749 1028 1877 1111 γὰρ
1913 1026 2024 1093 καὶ

104 1142 230 1197 νῦν
273 1133 390 1209 τὰς
435 1131 509 1197 ἐν
545 1132 751 1217 ταύτῃ
788 1141 1109 1214 γυναῖκας
1142 1140 1222 1215 τῇ
1263 1130 1709 1217 προειρημένῃ
1748 1132 2028 1216 δυνάμει

103 1244 397 1325 χρῆσθαι
451 1235 751 1321 λέγουσι,
805 1236 919 1303 καὶ
973 1238 1150 1324 παρά
1196 1239 1430 1321 μόναις
1473 1249 1616 1315 ταῖς
1664 1242 2028 1304 Διοσπολί-

104 1361 281 1411 τισιν
328 1344 399 1410 ἐκ
444 1349 746 1409 παλαιῶν
788 1346 1053 1429 χρόνων
1099 1342 1301 1429 ὀργῆς
1353 1342 1464 1409 καὶ
1509 1346 1722 1429 λύπης
1766 1347 2029 1432 φάρμα-

26 1488 78 1527 10
104 1475 228 1518 κον
274 1450 611 1537 εὑρῆσθαί
651 1466 847 1533 φασι·
900 1451 1017 1525 τὰς
1062 1445 1137 1513 δὲ
1183 1452 1408 1533 Θήβας
1459 1449 1571 1516 καὶ
1618 1454 1787 1530 Διὸς
1829 1456 2027 1518 πόλιν

104 1560 230 1642 τὴν
258 1558 471 1639 αὐτὴν
497 1556 836 1640 ὑπάρχειν.
901 1557 1025 1637 τήν
1056 1577 1126 1619 τε
1156 1553 1557 1641 Ἀφροδίτην
1585 1558 2026 1642 ὀνομάζεσθαι
2067 1581 2099 1627 8

108 1665 290 1749 παρὰ
324 1672 465 1738 τοῖς
488 1660 844 1746 Δἐγχωρίοις
878 1668 1136 1746 χρυσῆν
1164 1659 1235 1726 ἐκ
1270 1666 1550 1739 παλαιᾶς
1577 1666 2027 1748 παραδόσεως,

0 1791 109 1841 110
130 1767 243 1834 καὶ
305 1769 537 1833 πεδίον
601 1761 775 1832 εἶναι
836 1767 1261 1851 καλούμενοι
1323 1777 1572 1854 χρυσῆς
1637 1766 2030 1854 Ἀφροδίτης

108 1872 263 1961 περὶ
299 1875 421 1957 τὴν
464 1872 958 1958 ὀνομαζομένην
994 1874 1395 1959 Μώμεμφιν.
1478 1875 1560 1939 τά
1602 1897 1673 1939 τε
1718 1873 1871 1959 περὶ
1914 1876 2033 1940 τὸν
2070 1897 2101 1945 9

31 2001 82 2043 15
113 1985 251 2048 Δία
295 1979 406 2047 καὶ
442 1983 566 2065 τὴν
588 1979 807 2068 ’Ἠραν
842 1982 1402 2067 μυθολογούμενα
1447 1979 1598 2068 περὶ
1634 1990 1751 2066 τῆς
1787 1998 2034 2047 συνου-

110 2094 255 2168 σίας
299 2089 411 2155 καὶ
455 2091 579 2173 τὴν
624 2091 719 2166 εἰς
754 2090 1127 2154 Αἰθιοπίαν
1164 2088 1485 2172 ἐκδημίαν
1529 2087 1788 2154 ἐκεῖθεν
1825 2088 2031 2153 αὐτὸν

111 2207 547 2281 μετενεγκεῖν·
612 2192 754 2261 κατ’
827 2194 1135 2260 ἐνιαυτὸν
1198 2195 1327 2279 γὰρ
1392 2196 1570 2279 παρὰ
1633 2205 1773 2270 τοῖς
1823 2196 2034 2277 Αὐγυ-

109 2307 323 2381 πτίοις
358 2306 478 2368 τὸν
513 2302 687 2367 νεὼν
722 2308 845 2365 τοῦ
882 2302 1051 2376 Διὸς
1086 2305 1536 2385 περαιοῦσθαι
1571 2300 1691 2364 τὸν
1734 2300 2034 2383 ποταμὸν

114 2412 207 2486 εἰς
250 2411 373 2493 τὴν
417 2408 714 2491 Λιβύην,
764 2404 875 2472 καὶ
921 2403 1075 2490 μεθ’
1127 2404 1375 2490 ἡμέρας
1419 2407 1606 2482 τινάς
1649 2406 1851 2470 πάλιν
1897 2405 2035 2471 ἐπι-

34 2534 88 2573 20
115 2515 445 2601 στρέφειν,
493 2516 583 2592 ὡς
628 2512 694 2592 ἐξ
720 2514 1087 2588 Αἰθιοπίας
1131 2520 1253 2577 τοῦ
1298 2517 1469 2577 θεοῦ
1509 2514 1864 2598 παρόντος·
1910 2515 2032 2598 τήν

114 2645 185 2687 τε
232 2625 595 2687 συνουσίαν
649 2630 785 2685 τῶν
838 2626 1021 2685 θεῶν
1073 2619 1362 2702 τούτων,
1418 2618 1492 2684 ἐν
1544 2629 1687 2696 ταῖς
1729 2621 2036 2704 ,πανηγύ-

115 2745 259 2815 ρεσι
305 2738 438 2794 τῶν
472 2737 657 2794 ναῶν
696 2724 1274 2811 ἀνακομιζομένων
1312 2723 1706 2811 ἀμφοτέρων
1742 2728 1837 2803 εἰς
1874 2728 2031 2813 ὄρος

114 2835 353 2900 ἄνθεσι
404 2837 748 2910 παντοίοις
809 2833 940 2897 ὑπὸ
999 2843 1135 2898 τῶν
1191 2830 1424 2918 ἱερέων
1476 2830 2033 2917 κατεστρωμένον.

113 2940 224 3007 καὶ
270 2946 671 3027 Λυκοῦργον
718 2936 791 3006 δὲ
837 2937 946 3004 καὶ
986 2939 1318 3005 Πλάτωνα
1354 2936 1463 3004 καὶ
1499 2942 1786 3004 Σόλωνα
1819 2937 2032 3003 πολλὰ
2053 2935 2135 3000 98

37 3063 87 3103 25
114 3057 250 3112 τῶν
287 3047 354 3126 ἐξ
385 3048 736 3130 Αἰγύπτου
771 3048 1073 3130 νομίμων
1109 3047 1203 3122 εἰς
1239 3046 1357 3122 τὰς
1394 3043 1648 3110 ἑαυτῶν
1683 3042 2037 3120 κατατάξαι

116 3156 538 3238 νομοθεσίας.
604 3154 1025 3238 Πυθαγόραν
1052 3175 1121 3217 τε
1158 3153 1239 3216 τὰ
1274 3153 1439 3216 κατὰ
1476 3153 1593 3217 τὸν
1624 3151 1806 3234 ἱερὸν
1833 3149 2036 3228 λόγον
2073 3166 2105 3212 2

264 3388 295 3438 5
342 3381 442 3452 τῆς
490 3375 869 3451 Πολυδάμνης
914 3379 1116 3436 Euseb.
1162 3397 1244 3449 pr.
1284 3395 1368 3432 ev.
1409 3376 1462 3430 X
1499 3384 1560 3443 8,
1600 3373 1693 3443 10]
1741 3367 2038 3451 Πολυμνή-

119 3470 251 3523 στης
287 3454 356 3522 D,
394 3454 493 3522 τῆς
520 3449 924 3522 Πολυμνήστης
962 3449 1134 3505 ceteri
1254 3447 1473 3510 Θώνιος
1517 3446 1612 3501 DF
1722 3447 1754 3495 8
1792 3441 2042 3508 χρησθαι

115 3526 248 3595 post
283 3528 562 3594 γυναῖκας
600 3524 751 3593 vulg.
900 3528 967 3575 14
1011 3517 1255 3590 Μέμφιν
1302 3517 1397 3574 vul
1441 3559 1454 3573 .
1602 3519 1668 3567 16
1714 3514 1812 3578 τῆς
1850 3549 1863 3562 .
1894 3546 1908 3560 .
1947 3504 2041 3561 ἐκ·

120 3596 325 3666 δημίας
362 3595 411 3649 D
548 3600 615 3648 21
655 3586 1031 3662 πανηγύρεσι]
1069 3591 1335 3659 γίνεσθαι
1371 3605 1405 3642 a
1447 3587 1500 3639 d.
1538 3584 1718 3638 Wess.
