2569 4061
368 294 527 359 442‘
1034 290 1343 346 monom
1381 291 1613 348 SICULI

369 458 727 543 ἐγχωρίων,
764 453 1333 540 κατεκληρούχησε
1379 455 1454 518 τὸ
1500 454 1855 519 κάλλιστον
1896 461 2013 537 τῆς
2059 456 2302 538 νήσου,

372 561 480 628 καὶ
526 563 808 645 μάλιστα
853 564 976 646 τὴν
1020 562 1305 626 πεδιάδα
1349 561 1597 647 χώραν,
1635 561 1721 644 ἣν
1768 559 1960 646 μέχρι
2004 569 2127 626 τοῦ
2167 570 2302 626 νῦν

300 690 332 738 6
370 673 720 734 καλεῖσθαι
758 663 1089 734 Ἰολαεῖον.
1164 667 1579 753 ἐξημερώσας
1626 664 1699 732 δὲ
1742 669 1867 752 τὴν
1912 667 2139 752 χώραν
2185 666 2300 732 καὶ

366 775 870 861 καταφυτεύσας
908 775 1212 861 δένδρεσι
1250 775 1604 859 καρπίμοις
1641 775 2076 839 κατεσκεύασε
2115 794 2299 860 περι-

368 880 844 971 μάχητονζέπὶ
889 890 1168 947 τοσοῦτο
1213 882 1342 966 γὰρ
1389 880 1430 964 ἡ
1477 888 1684 964 νῆσος
1731 880 2166 963 διωνομάσθη
2212 888 2293 965 τῇ
2330 896 2359 937 5

369 1000 504 1055 τῶν
547 1000 825 1075 καρπῶν
870 988 1174 1074 ἀφθονίᾳ
1231 988 1398 1052 ὥστε
1447 989 1957 1073 Καρχηδονίους
2010 986 2299 1072 ὕστερον

368 1094 780 1180 αὐξηθέντας
853 1092 1262 1178 ἐπιθυμῆσαι
1332 1102 1450 1178 τῆς
1521 1095 1765 1176 νήσου,
1831 1091 1942 1158 καὶ
2006 1095 2297 1170 πολλοὺς

369 1202 630 1285 ἀγῶνας
693 1198 801 1265 καὶ
871 1200 1232 1277 κινδύνους
1305 1195 1472 1286 ὑπὲρ
1549 1199 1751 1284 αὐτῆς
1823 1198 2291 1278 ἀναδέξασθαι.

368 1306 535 1372 ἀλλὰ
580 1304 730 1392 περὶ
775 1302 898 1390 μὲν
934 1306 1191 1372 τούτων
1231 1306 1304 1371 ἐν
1340 1317 1481 1383 τοῖς
1518 1308 1788 1384 οἰκείοις
1824 1310 2091 1393 χρόνοις
2132 1306 2293 1370 ἄνα-

263 1411 350 1476 30
367 1413 728 1498 γράψομεν.
819 1415 966 1477 τότε
1024 1409 1082 1476 δ’
1140 1411 1176 1477 ὁ
1226 1408 1475 1489 Ἰόλαος
1528 1413 1939 1495 καταστήσας
1991 1412 2073 1476 τὰ
2138 1409 2289 1497 περὶ
2322 1429 2381 1468 10

365 1520 488 1603 τὴν
549 1517 892 1601 ἀποικίαν,
947 1516 1058 1583 καὶ
1110 1520 1231 1583 τὸν
1277 1519 1626 1583 Δαίδαλον
1681 1516 1753 1582 ἐκ
1806 1526 1924 1600 τῆς
1979 1519 2291 1594 Σικελίας

365 1626 980 1710 μεταπεμψάμενος,
1028 1618 1506 1690 κατεσκεύασεν
1552 1625 1714 1709 ἔργα
1760 1624 1974 1689 πολλὰ
2023 1622 2135 1688 καὶ
2181 1649 2291 1708 με-

366 1733 537 1814 γάλα
596 1730 784 1818 μέχρι
849 1742 984 1797 τῶν
1047 1741 1176 1797 νῦν
1230 1741 1483 1817 καιρῶν
1541 1728 1940 1815 διαμένοντα
1994 1728 2105 1794 καὶ
2161 1730 2289 1795 ἀπὸ

366 1847 487 1904 τοῦ
549 1839 1162 1913 κατασκευάσαντος
1214 1838 1587 1902 Δαιδάλεια
1640 1836 2033 1921 καλούμενα.
2125 1831 2290 1923 ᾠκο-

370 1947 618 2029 δόμησε
683 1941 756 2009 δὲ
819 1943 930 2008 καὶ
975 1944 1311 2028 γυμνάσια
1359 1944 1610 2026 μεγάλα
1669 1966 1738 2007 τε
1783 1941 1896 2008 καὶ
1941 1946 2287 2024 πολυτελῆ,
2320 1958 2379 1998 15

367 2050 479 2117 καὶ
535 2053 924 2137 δικαστήρια
979 2049 1335 2134 κατέστησε
1390 2048 1502 2115 καὶ
1559 2051 1764 2115 τᾶλλα
1818 2051 1899 2115 τὰ
1952 2051 2117 2136 πρὸς
2167 2051 2292 2133 τὴν

298 2174 330 2221 2
368 2157 800 2242 εὐδαιμονίαν
876 2160 1324 2223 συντείνοντα.
1427 2157 1729 2241 ὠνόμασε
1807 2152 1881 2221 δὲ
1952 2153 2062 2221 καὶ
2134 2158 2292 2232 τοὺς

368 2266 569 2341 λαοὺς
599 2262 974 2347 Ἰολαείους,
1021 2258 1138 2350 ἀφ’
1184 2262 1426 2329 ἑαυτοῦ
1472 2262 1756 2346 θέμενος
1800 2264 1925 2347 τὴν
1961 2279 2292 2347 προσηγο-

368 2374 544 2457 ρίαν,
592 2370 1166 2457 συγχωρησάντων
1212 2381 1347 2436 τῶν
1397 2370 1822 2452 Θεσπιαδῶν,
1871 2366 1983 2434 καὶ
2031 2371 2290 2435 δόντων

366 2478 545 2566 αὐτῷ
590 2486 787 2542 τοῦτο
823 2478 899 2541 τὸ
938 2475 1134 2563 γε’ρας
1168 2479 1541 2563 καθαπερεί
1569 2499 1702 2541 τινι
1737 2479 1952 2561 πατρί.
2009 2476 2121 2539 διὰ
2157 2476 2287 2561 γὰρ
2318 2491 2377 2529 20

367 2585 489 2667 τὴν
535 2584 699 2668 πρὸς
746 2583 988 2659 αὐτοὺς
1035 2583 1341 2665 σπουδὴν
1378 2581 1484 2648 ἐπὶ
1519 2577 1783 2648 τοσοῦτ’
1826 2581 2091 2658 εὐνοίας
2128 2603 2289 2666 προ-

370 2691 678 2772 ήχθησαν
725 2686 877 2752 ὥστ’
934 2687 1288 2771 ἐπώνυμον
1334 2689 1511 2778 αὐτῷ
1559 2696 1935 2776 περιθεῖναι
1989 2690 2112 2772 τὴν
2167 2696 2288 2752 τοῦ

367 2791 616 2878 γονέως
661 2798 1140 2880 προσηγορίαν·
1210 2798 1442 2882 διόπερ
1497 2795 1572 2861 ἐν
1625 2806 1764 2873 τοῖς
1808 2795 2091 2881 ὕστερον
2137 2796 2291 2879 χρό-

367 2925 511 2978 νοις
557 2901 628 2966 os
665 2903 781 2978 τὰς
827 2904 1076 2979 θυσίας
1119 2908 1465 2979 τελοῦντες
1512 2904 1723 2991 τούτῳ
1770 2911 1861 2991 τῷ
1898 2908 2039 2990 θεῷ
2085 2909 2406 2986 προσ-275

369 3009 811 3096 αγορεύουσιν
885 3009 1090 3075 αὐτὸν
1156 3004 1411 3075 Ἰόλαον
1481 3008 1729 3095 πατέρα
1745 3058 1765 3092 ,
1840 3010 2142 3093 καθάπερ
2225 3007 2379 3072 01525

299 3130 330 3178 3
372 3115 627 3202 Πέρσαι
681 3119 800 3182 τὸν
847 3119 1096 3203 Κῦρον.
1189 3117 1349 3200 μετὰ
1406 3111 1480 3181 δὲ
1533 3123 1738 3181 ταῦτα
1784 3115 1820 3181 ὁ
1880 3111 2003 3200 μὲν
2045 3109 2291 3192 Ἰόλαος

369 3221 658 3287 ἐπανιὼν
704 3223 798 3297 εἰς
843 3222 964 3304 τὴν
999 3219 1316 3304 Ἑλλάδα,
1362 3218 1473 3286 καὶ
1526 3222 1989 3307 προσπλεύσας
2043 3231 2123 3307 τῇ
2169 3225 2291 3285 Σι-

521 3413 557 3459 4
593 3406 924 3478 κατάφυτον
974 3409 1039 3476 03
1097 3408 1430 3479 κατάφυτον
1478 3414 1528 3465 δ.
1569 3431 1618 3467 κ.
1656 3408 1900 3479 ποιήσας
1939 3413 2002 3466 F
2110 3419 2175 3467 10
2214 3432 2285 3466 τα

367 3474 494 3553 neq}
533 3494 638 3530 om.
679 3478 731 3531 II
807 3486 873 3532 14
911 3476 1177 3534 δαιδάλια
1218 3483 1264 3535 D
1354 3488 1418 3536 15
1455 3500 1512 3535 τε
1555 3498 1662 3536 om.
1703 3483 1855 3551 vulg.
1940 3488 2007 3542 18
2051 3479 2290 3546 Ιολάους

368 3542 607 3611 cedmae,
645 3562 784 3601 corr.
824 3549 1000 3603 Wess.
