2569 4061
1037 279 1117 334 IV
1155 285 1240 334 54.
1273 285 1380 334 552—
1633 286 1643 292 ”
2051 283 2185 348 483

258 467 399 509 των
445 442 519 509 ἐν
563 451 654 531 τῷ
701 451 816 527 τῆς
847 441 1058 528 Ἥρας
1102 439 1359 526 τεμένει
1403 442 1649 526 θάψαι]
1697 444 1809 510 καὶ
1844 447 2005 530 μετὰ
2050 456 2186 511 τῶν

258 550 673 615 πιστοτάτων
716 550 1220 635 θεραπαινίδων
1266 550 1361 613 ἔτι
1407 551 1648 626 νυκτὸς
1692 550 1895 635 μέσης
1941 562 2185 636 φυγεῖν

260 656 335 722 ἐκ
388 666 504 741 τῆς
548 657 934 742 Κορίνθου,
997 652 1109 721 καὶ
1166 655 1540 721 διεκπεσεῖν
1593 657 1688 732 εἰς
1742 659 1965 739 Θήβας
2018 660 2187 745 πρὸς

249 758 604 848 Ἡρακλέα·
658 770 901 828 τοῦτον
939 761 1066 846 γὰρ
1105 761 1380 844 μεσίτην
1418 762 1739 843 γεγονότα
1774 772 1911 827 τῶν
1948 762 2183 846 ὁμολο-

202 884 230 926 5
259 879 428 950 γιῶν
474 868 548 934 ἐν
585 870 870 952 Κόλχοις
908 864 1315 949 ἐπηγγέλθαι
1352 868 1725 950 βοηθήσειν
1771 868 1938 954 αὐτῇ
1976 890 2183 950 παρα-

260 972 744 1059 σπονδουμένῃ.
810 971 884 1037 ἐν
919 972 1216 1060 τοσούτω
1256 968 1330 1038 δὲ
1357 973 1477 1038 τὸν
1514 970 1635 1058 μὲν
1657 970 1919 1040 Ἰάσονα
1953 990 2182 1061 στερη-
2204 975 2290 1043 55

257 1080 469 1147 θέντα
539 1077 791 1146 τέκνων
871 1075 982 1144 καὶ
1055 1080 1372 1161 γυναικὸς
1455 1079 1646 1158 δόξαι
1715 1089 1877 1146 πᾶσι
1961 1083 2185 1147 δίκαια

257 1184 699 1254 πεπονθέναι·
748 1186 853 1250 διὸ
900 1183 1013 1251 καὶ
1056 1186 1146 1269 μὴ
1196 1186 1577 1271 δυνάμενον
1622 1186 1915 1272 ἐνεγκεῖν
1959 1190 2044 1253 τὸ·
2074 1186 2181 1273 μέ-

256 1300 463 1377 γεθος
497 1301 613 1377 τῆς
657 1300 1010 1377 συμφορᾶς
1045 1290 1119 1357 ἐκ
1163 1301 1283 1357 τοῦ
1324 1296 1439 1377 ζῆν
1486 1292 1728 1360 ἑαυτὸν
1764 1304 2181 1380 μεταστῆσαι.

175 1418 230 1458 ιο
256 1404 414 1476 τοὺς
461 1395 535 1463 δὲ·
571 1400 991 1483 Κορινθίους
1029 1396 1478 1482 ἐκπεπλῆχθαι
1515 1396 1638 1483 μὲν
1673 1402 1795 1483 τὴν
1834 1403 2183 1487 δεινότητα

257 1515 376 1589 τῆς
410 1508 841 1591 περιπετείας,
889 1506 1173 1589 μάλιστα
1210 1503 1272 1568 δ’
1309 1505 1588 1591 ἀπορεῖν
1623 1505 1775 1590 περὶ
1819 1517 1934 1591 τῆς
1968 1517 2186 1593 ταφῆς

257 1622 394 1677 τῶν
434 1612 709 1677 παίδων.
778 1612 1012 1697 διόπερ
1051 1610 1586 1676 ἀποστειλάντων
1623 1611 1845 1676 αὐτῶν
1886 1614 2183 1679 Πυθώδε

256 1721 415 1797 τοὺς
470 1719 1007 1804 ἐπερωτήσοντας
1051 1719 1172 1782 τὸν
1225 1719 1394 1782 θεὸν
1442 1717 1620 1794 ὅπως
1672 1715 1996 1803 χρηστέον
2044 1717 2184 1784 ἐστὶ

255 1836 396 1903 τοῖς
450 1826 709 1909 σώμασι
768 1835 904 1889 τῶν
958 1824 1248 1907 παίδων,
1309 1823 1672 1907 προστάξαι
1725 1824 1848 1907 τὴν
1902 1827 2184 1889 Πυθίαν

180 1957 231 1998 15
260 1932 332 1998 ἐν
378 1940 470 2021 τῷ
525 1929 782 2016 τεμένει
835 1939 951 2014 τῆς
982 1927 1195 2016 ““Ήρας
1250 1930 1497 2007 αὐτοὺς
1540 1931 1760 2007 θάψαι
1814 1928 1927 1996 καὶ
1971 1941 2184 2015 τιμῶν

258 2037 561 2121 ἡρωικῶν
599 2039 842 2115 αὐτοὺς
879 2036 1129 2116 ἀξιοῦν.
1192 2039 1619 2120 ποιησάντων
1657 2035 1730 2103 δὲ
1766 2048 1901 2104 τῶν
1935 2042 2179 2124 Κοριν-
2219 2061 2251 2110 2

255 2145 435 2208 θίων
480 2146 553 2210 τὸ
608 2143 1062 2229 προσταχθέν,
1110 2142 1278 2230 φασὶ
1325 2146 1661 2210 Θετταλὸν
1706 2141 1827 2229 μὲν
1872 2147 1991 2211 τὸν
2039 2148 2182 2212 δια-

259 2252 562 2334 φυγόντα
615 2253 733 2318 τὸν
788 2252 916 2317 ἀπὸ
971 2260 1088 2335 τῆς
1141 2253 1387 2337 μητρὸς
1445 2254 1663 2336 φόνον
1718 2251 1791 2317 ἐν
1855 2256 2179 2341 Κορίνθῳ

151 2370 253 2419 299
273 2353 609 2440 τραφέντα
645 2359 804 2441 μετὰ
840 2367 1046 2423 ταῦτα
1084 2357 1481 2424 ἐπανελθεῖν
1509 2358 1604 2435 εἰς
1634 2355 1924 2441 Ἰωλκόν,
1966 2353 2181 2425 οὖσαν

177 2490 230 2530 20
250 2460 544 2539 Ἰάσονος
614 2465 925 2549 πατρίδα·
1000 2463 1075 2530 ἐν
1136 2456 1180 2552 ᾗ
1250 2466 1710 2548 καταλαβόντα
1776 2466 2181 2550 προσφάτως

236 2567 566 2634 ’Ἀκαστον
602 2570 720 2634 τὸν
750 2573 1003 2636 Πελίου
1030 2573 1533 2655 τετελευτηκότα
1570 2575 1978 2657 παραλαβεῖν
2009 2574 2179 2638 κατὰ

252 2675 445 2760 γένος
507 2678 991 2763 προσήκουσαν,
1042 2679 1166 2760 τὴν
1223 2680 1602 2762 βασιλείαν,
1666 2676 1776 2743 καὶ
1829 2681 1988 2756 τοὺς
2049 2677 2171 2764 ὑφ’

252 2780 489 2849 ἑαυτὸν
534 2780 974 2867 τεταγμένους
1011 2779 1129 2867 ἀφ’
1163 2781 1406 2849 ἑαυτοῦ
1443 2793 1979 2870 προσαγορεῦσαι
2021 2789 2178 2850 Θετ-

249 2890 508 2966 ταλούς.
575 2889 699 2955 οὐκ
737 2889 960 2972 ἀγνοῶ
1002 2886 1074 2955 δὲ
1113 2891 1287 2955 διότι
1321 2888 1473 2976 περὶ
1510 2899 1627 2975 τῆς
1661 2901 1797 2957 τῶν
1827 2894 2174 2955 Θετταλῶν
2211 2909 2245 2956 3

173 3020 223 3062 25
249 2997 697 3080 προσηγορίας
754 2996 836 3060 οὐ
882 2996 1131 3079 ταύτην
1185 2998 1403 3080 μόνην
1459 2998 1580 3079 τὴν
1629 2996 1951 3080 ἱστορίαν,
2000 2994 2173 3059 ἀλλά

249 3098 360 3164 καὶ
432 3099 818 3184 διαφώνους
890 3101 1114 3188 ἑτέρας
1184 3103 1689 3188 παραδεδόσθαι
1771 3097 2173 3184 συμβέβηκε,

249 3203 398 3293 περὶ
436 3201 533 3272 ὧν
568 3204 643 3271 ἐν
681 3206 1104 3294 οἰκειοτέροις
1138 3211 1676 3292 μνησθησόμεθα
1709 3215 1983 3291 καιροῖς.
2048 3207 2170 3290 τὴν
2207 3222 2243 3272 4

389 3405 421 3453 2
460 3397 663 3462 νυκτὸς
700 3398 872 3470 μέσης
936 3401 1144 3469 πολλῆς
1179 3397 1383 3461 νυκτὸς
1421 3395 1594 3467 οὔσης
1634 3398 1737 3454 OF
1886 3404 1951 3452 13
1990 3394 2170 3469 ὅπως]

247 3471 361 3534 πῶς
396 3470 449 3524 ῙΙ
560 3466 675 3526 ἐστὶ
713 3488 821 3526 om.
907 3470 970 3525 F
1100 3477 1165 3527 21
1206 3489 1478 3526 αικαστον
1516 3470 1565 3522 D
1702 3475 1768 3523 22
1806 3464 1909 3538 τὴν
1948 3486 2056 3524 om.
2094 3468 2173 3538 D3

247 3541 283 3597 f.
323 3544 454 3597 ante
491 3539 639 3597 κατὰ
679 3542 1002 3612 ponendum
1111 3549 1180 3597 26
1217 3539 1653 3611 παραγενέσθαι
1687 3539 1755 3594 D.

1743 3629 1854 3683 31*
