2569 4061
1076 318 1155 372 111
1194 325 1277 375 47.
1309 324 1395 374 48.
2067 322 2190 387 341

273 479 403 545 ἀπὸ
460 481 587 564 γὰρ
654 482 862 564 μηνὸς
926 480 1006 545 ὃν
1070 485 1393 546 καλοῦσιν
1434 475 1778 565 Ἀθηναῖοι
1837 507 2198 567 μαιμακτη-

273 595 486 670 ριῶνα
547 595 681 650 τῶν
750 583 911 651 ἑπτὰ
974 596 1108 650 τῶν
1172 587 1338 651 κατὰ
1399 586 1523 668 τὴν
1593 586 1837 671 ἄρκτον
1899 588 2196 674 ἀστέρων

276 689 523 757 οὐδένα
566 692 776 778 φασὶν
823 692 1113 778 ὁρᾶσθαι
1169 690 1359 780 μέχρι
1404 700 1521 776 τῆς
1565 694 1828 777 πρώτης
1874 700 2194 780 φυλακῆς,

277 807 365 888 τῷ
423 796 495 865 δὲ
549 800 945 866 ποσειδεῶνι
1002 798 1193 885 μέχρι
1250 796 1594 885 δευτέρας,
1658 795 1766 863 καὶ
1820 802 1986 865 κατὰ
2037 806 2196 879 τοὺς

222 925 248 965 5
278 904 421 990 ἑξῆς
467 905 539 973 ἐκ
583 915 705 972 τοῦ
750 900 892 971 κατ’
935 906 1167 988 ὀλίγον
1210 902 1717 988 [πλοϊζομένοις]
1769 903 2200 990 ἀθεωρήτους

272 1012 612 1100 ὑπάρχειν.
700 1022 835 1077 τῶν
882 1009 943 1076 δ’
988 1012 1213 1077 ἄλλων
1256 1014 1414 1088 τοὺς
1460 1009 1990 1096 ὀνομαζομένους
2034 1014 2196 1077 πλά-
2235 1035 2268 1084 2

273 1142 478 1203 νητας
521 1122 680 1196 τοὺς
724 1115 847 1202 μὲν
884 1120 1187 1202 μείζονας
1230 1127 1365 1183 τῶν
1401 1112 1556 1204 παρ’
1592 1117 1775 1202 ἡμῖν,
1821 1115 2088 1204 ἑτέρους
2125 1116 2200 1183 δὲ

275 1222 442 1311 μηδὲ
477 1227 594 1302 τὰς
631 1225 864 1309 ὁμοίας
902 1224 1227 1301 ἀνατολὰς
1262 1222 1374 1289 καὶ
1414 1226 1638 1302 δύσεις
1674 1232 2043 1292 ποιεῖσθαι·
2079 1226 2198 1290 τὸν

278 1327 339 1397 δ’
372 1333 567 1415 ἥλιον
614 1331 736 1416 οὐχ
783 1332 1004 1416 ὥσπερ
1051 1324 1205 1415 παρ’
1237 1330 1400 1415 ἡμῖν
1444 1335 1658 1417 βραχὺ
1694 1336 1822 1418 πρὸ
1868 1342 1984 1418 τῆς
2022 1335 2197 1409 ἰδίας

196 1456 250 1496 10
278 1438 604 1522 ἀνατολῆς
657 1435 1219 1524 προαποστέλλειν
1273 1439 1350 1502 τὸ
1396 1449 1570 1522 φῶς,
1623 1433 1766 1504 ἀλλ’
1819 1441 1914 1504 ἔτι
1958 1441 2198 1516 νυκτὸς

278 1545 484 1626 οὔσης
512 1546 828 1608 σκοταίου
854 1543 1244 1628 παραδόξως
1267 1545 1461 1627 ἄφνω
1491 1542 1786 1628 φανέντα
1827 1544 2199 1629 ἐκλάμπειν.

279 1651 385 1714 διὸ
424 1646 534 1714 καὶ
576 1647 908 1733 μηδέποθ’
933 1648 1188 1736 ἡμέραν
1217 1646 1341 1735 μὲν
1370 1649 1444 1715 έν
1481 1648 1759 1728 ἐκείνοις
1793 1661 1933 1728 τοῖς
1968 1654 2196 1728 τόποις
2231 1673 2265 1722 3

278 1759 589 1839 γίνεσθαι
642 1754 803 1840 πρὶν
859 1756 1192 1841 ὁραθῆναι
1258 1757 1378 1821 τὸν
1441 1757 1664 1840 ἥλιον,
1734 1757 1806 1823 ἐκ
1860 1756 2068 1840 μέσου
2128 1757 2202 1823 δὲ

276 1871 399 1928 τοῦ
444 1863 774 1945 πελάγους
819 1861 1030 1947 φασὶν
1069 1862 1612 1948 ἀναφαινόμενον
1659 1863 1865 1929 αὐτὸν
1913 1864 2204 1949 ὁρᾶσθαι

201 1985 253 2026 15
282 1965 402 2055 μὲν
448 1971 740 2056 ἄνθρακι
793 1972 1258 2057 παραπλήσιον
1312 1979 1404 2059 τῷ
1450 1971 1967 2060 πυρωδεστάτῳ,
2016 1987 2204 2037 σπιν-

279 2082 493 2162 θῆρας
539 2071 600 2141 δ’
636 2075 753 2162 ἀφ’
790 2076 1031 2143 ἑαυτοῦ
1078 2079 1407 2162 μεγάλους
1455 2077 1906 2164 ἀπορρίπτειν,
1952 2077 2066 2143 καὶ
2109 2086 2202 2167 τῷ

278 2183 460 2270 τύπω
503 2184 590 2267 μὴ
638 2184 962 2267 κωνοειδῆ
1002 2186 1390 2266 φαίνεσθαι,
1435 2184 1737 2268 καθάπερ
1773 2181 1961 2267 ἡμεῖς
2007 2183 2205 2262 δοξά-

281 2292 504 2373 ζομεν,
552 2288 720 2354 ἀλλὰ
764 2291 942 2355 κίονι
986 2291 1106 2354 τὸν
1150 2290 1364 2355 τύπον
1411 2294 1584 2375 ἔχειν
1631 2290 1914 2376 ἐμφερῆ,
1961 2293 2199 2376 μικρὸν

280 2395 800 2480 ἐμβριθεστέραν
857 2398 1074 2480 ἔχοντι
1118 2397 1241 2479 τὴν
1297 2396 1423 2461 ἀπὸ
1470 2406 1584 2480 τῆς
1628 2401 1919 2480 κεφαλῆς
1968 2396 2203 2482 ἐπιφά-

201 2516 255 2556 20
280 2525 498 2584 νειαν,
571 2503 735 2588 πρὸς
799 2498 873 2567 δὲ
944 2502 1207 2579 τούτοις
1269 2500 1422 2588 μήτ’
1477 2503 1691 2586 αὐγὴν
1757 2514 1975 2569 ποιεῖν
2047 2501 2195 2588 μήτ’

128 2602 131 2605 ’
282 2606 548 2684 ἀκτῖνας
613 2608 884 2691 βάλλειν
954 2609 1108 2694 ἄχρι
1179 2611 1444 2694 πρώτης
1507 2610 1713 2695 ὥρας,
1788 2609 2202 2695 φαινομένου

278 2715 489 2801 πυρὸς
535 2714 876 2799 ἀλαμποῦς
922 2715 996 2781 έν
1042 2719 1292 2781 σκότει·
1350 2715 1662 2801 δευτέρας
1717 2712 1778 2781 δ’
1833 2715 2204 2802 ἀρχομένης

280 2820 671 2904 ἀσπιδοειδῆ
719 2824 1029 2903 γίνεσθαι
1074 2820 1186 2886 καὶ
1231 2823 1306 2886 τὸ
1355 2832 1499 2906 φῶς
1545 2824 1816 2906 βάλλειν
1864 2823 2200 2909 ἀπότομον

278 2926 390 2993 καὶ
433 2928 739 3014 πυρῶδες
792 2924 949 2993 καθ’
1003 2928 1399 3013 ὑπερβολήν.
1491 2931 1656 2994 κατὰ
1704 2926 1776 2995 δὲ
1831 2931 1956 3013 την
2003 2931 2200 2995 δύσιν
2237 2948 2272 2996 4

201 3048 251 3088 25
281 3033 548 3100 ἐναντία
604 3036 915 3116 γίνεσθαι
969 3035 1418 3119 συμπτώματα
1473 3033 1622 3121 περὶ
1680 3035 1910 3100 αὐτόν·
1977 3036 2201 3099 δοκεῖν

281 3142 406 3226 γὰρ
446 3150 587 3217 τοῖς
632 3140 840 3227 ὁρῶσι
875 3153 1135 3219 καιναῖς
1182 3141 1398 3207 ἀκτῖσι
1435 3146 1742 3226 φωτίζειν
1788 3142 1907 3205 τὸν
1947 3141 2200 3223 κόσμον

425 3300 481 3351 ὅ
509 3293 637 3351 κατ’
681 3295 896 3369 ὀλίγον]
944 3296 1089 3352 κατὰ
1139 3297 1309 3365 λόγον
1355 3298 1561 3367 Agath.
1606 3304 1706 3350 104
1744 3364 1756 3377 ⁶
1816 3294 2201 3379 πλοιζομένοις

277 3364 1141 3510 ἷῗωὲἵὲῖζὶαἷπέἕξῗὲήῇῗξ
1168 3368 1760 3509 ἶῗέξζὲῗῖοὲἒιίῗῖθῖι
1832 3371 1897 3490 1⁶2
1914 3369 2201 3505 πῇἕῖηέἔς

275 3511 467 3634 ῗ13.ὲ
533 3512 928 3636 1ῗῖδόσκοειδῆ
965 3511 1171 3582 Agath.
1274 3516 1343 3565 25
1381 3509 1534 3580 περὶ]
1574 3505 1713 3579 πρὸς
1749 3507 1802 3560 II
1902 3513 1970 3561 26
2008 3510 2202 3567 κεναῖς

338 3620 353 3649 ,
401 3600 439 3650 μ
472 3600 505 3635 ν
543 3601 581 3634 α
608 3601 635 3644 ς
719 3624 731 3637 .
