2569 4061
345 324 478 391 280
1040 320 1351 378 monom
1388 318 1622 376 smum

346 485 741 554 συνέπονται
814 493 954 561 τοῖς
1026 481 1345 568 ἐλέφασιν
1416 485 1513 559 εἰς
1585 482 1707 565 τὴν
1777 479 2274 567 προειρημένην

344 593 851 678 παραποταμίαν
885 591 1241 667 διώκοντες
1274 590 1392 667 τὰς
1428 591 1752 674 συνήθεις
1786 589 2063 674 τροφάς,
2102 586 2275 672 φασὶ

344 701 503 774 τοὺς
545 698 979 783 τηλικούτους
1033 698 1223 781 ὄφεις
1275 696 1400 779 τὴν
1447 692 1569 780 μὲν
1616 695 1931 761 ἐπίπεδον
1975 703 2091 779 τῆς
2144 695 2275 779 χώ-

348 830 469 892 ρας
506 806 805 891 φεύγειν,
851 801 1003 889 περὶ
1041 800 1116 868 δὲ
1152 802 1275 886 τὴν
1306 801 1652 887 ,ὑπώρειαν
1689 801 1764 867 ἐν
1798 813 1942 879 ταῖς
1979 800 2273 886 φάραγξι

347 924 492 992 ταῖς
531 917 610 982 εἰς
646 913 720 977 τὸ
749 921 954 996 μῆκος
991 909 1394 995 ἀνηκούσαις
1429 909 1540 975 καὶ
1575 919 1715 986 τοῖς
1752 911 2100 992 σπηλαίοις
2132 918 2276 984 τοῖς
2332 923 2364 964 ⁵

349 1021 423 1085 τὸ
462 1018 678 1103 βάθος
714 1019 942 1101 ἔχουσι
979 1027 1272 1100 συνεχῶς
1309 1015 1796 1093 ἐναυλίζεσθαι·
1847 1015 2078 1099 διόπερ
2116 1016 2275 1091 τοὺς

352 1122 818 1211 συμφέροντας
869 1121 982 1188 καὶ
1036 1124 1358 1206 συνήθεις
1410 1124 1655 1199 τόπους
1709 1123 2027 1206 μηδαμῶς
2072 1120 2278 1186 ἐκλεί-

352 1253 533 1313 πειν,
600 1229 1087 1294 αὐτοδιδάκτου
1148 1230 1318 1313 πρὸς
1371 1230 1452 1293 τὰ
1511 1237 1785 1294 τοιαῦτα
1839 1236 1956 1312 τῆς
2011 1229 2279 1313 φύσεως

355 1337 560 1420 οὔσης
614 1335 819 1399 ἅπασι
871 1345 1011 1411 τοῖς
1067 1330 1271 1422 ζῴοις.
1363 1331 1513 1420 περὶ
1569 1331 1691 1418 μὲν
1747 1329 1873 1400 οὗν
1917 1336 2280 1400 Αἰθιόπων

354 1438 465 1506 καὶ
508 1448 625 1525 τῆς
668 1441 887 1526 χώρας
932 1440 1155 1506 αὐτῶν
1198 1452 1489 1508 τοσαῦτα
1534 1438 1831 1526 λέγομεν.
2311 1457 2366 1495 10

255 1557 331 1618 11
535 1545 707 1633 Περὶ
754 1544 828 1613 δὲ
872 1558 1008 1613 τῶν
1046 1545 1491 1633 συγγραφέων
1534 1547 1696 1633 ἡμῖν
1734 1546 2131 1633 διοριστέον,
2179 1548 2283 1613 ὅτι

356 1653 593 1722 πολλοὶ
632 1656 1136 1741 συγγεγράφασι
1178 1658 1340 1741 περί
1368 1678 1437 1720 τε
1475 1664 1590 1739 τῆς
1625 1655 1975 1738 Αἰγύπτου
2019 1654 2132 1721 καὶ
2166 1664 2284 1740 τῆς

356 1765 754 1846 Αἰθιοπίας,
811 1757 907 1827 ὧν
954 1763 1026 1828 οἱ
1074 1758 1198 1845 μὲν
1241 1763 1482 1839 ψευδεῖ
1524 1764 1709 1847 φήμῃ
1756 1765 2282 1844 πεπιστευκότες,

360 1871 432 1935 οἱ
491 1867 564 1936 δὲ
627 1862 783 1954 παρ’
847 1867 1101 1933 ἑαυτῶν
1163 1869 1378 1933 πολλὰ
1431 1876 1548 1951 τῆς
1609 1871 2034 1952 ψυχαγωγίας
2085 1866 2282 1932 ἕνεκα

291 2001 322 2050 2
360 1979 790 2060 πεπλακότες,
851 1976 1124 2053 δικαίως
1178 1972 1263 2039 ἂν
1312 1973 1714 2042 ἀπιστοῖντο.
1797 1973 2284 2060 Ἀγαθαρχίδης
2307 1968 2376 2047 ‘15

361 2082 483 2170 μὲν
528 2086 657 2170 γὰρ
704 2082 741 2148 ὁ
787 2083 1066 2160 Κνίδιος
1112 2081 1186 2147 έν
1231 2090 1311 2167 τῇ
1370 2080 1647 2168 δευτέρα
1691 2085 1905 2171 βίβλῳ
1951 2092 2088 2147 τῶν
2132 2080 2288 2167 περὶ

360 2193 486 2276 τὴν
543 2189 797 2272 Ἀσίαν,
863 2186 972 2254 καὶ
1038 2188 1075 2254 ὁ
1129 2190 1245 2265 τὰς
1309 2191 1733 2275 γεωγραφίας
1797 2189 2289 2273 συνταξάμενος

358 2293 836 2387 Ἀρτεμίδωρος
890 2296 927 2362 ὁ
981 2293 1287 2381 Ἐφέσιος
1340 2297 1505 2361 κατὰ
1558 2296 1684 2379 τὴν
1729 2295 1983 2379 ὀγδόην
2027 2299 2288 2381 βίβλον,

364 2407 482 2474 καί
539 2428 714 2481 τινες
776 2402 988 2489 ἕτεροι
1050 2413 1186 2467 τῶν
1251 2400 1327 2467 ἐν
1390 2402 1708 2489 Αἰγύπτῳ
1771 2403 2288 2486 κατοικούντων,

369 2512 787 2595 ἱστορηκότες
830 2511 911 2573 τὰ
954 2512 1227 2573 πλεῖστα
1280 2518 1417 2573 τῶν
1462 2507 1960 2594 προειρημένων
2008 2507 2082 2575 έν
2127 2519 2290 2575 πᾶσι
2321 2540 2378 2579 20

298 2642 330 2688 3
369 2615 609 2699 σχεδὸν
655 2613 1188 2698 ἐπιτυγχάνουσι.
1268 2610 1382 2679 καὶ
1425 2616 1553 2701 γὰρ
1599 2615 1786 2699 ἡμεῖς
1830 2612 1988 2682 καθ’
2032 2615 2113 2681 ὃν
2149 2640 2292 2682 και-

371 2722 493 2808 ρὸν
547 2721 1010 2808 παρεβάλομεν
1064 2722 1159 2798 εἰς
1212 2727 1590 2805 Αἴγυπτον,
1645 2726 1919 2799 πολλοῖς
1976 2719 2100 2808 μὲν
2157 2732 2294 2788 τῶν

373 2826 604 2911 ἱερέων
651 2827 1067 2912 ἐνετύχομεν,
1115 2827 1239 2894 οὐκ
1286 2828 1537 2911 ὀλίγοις
1584 2825 1657 2894 δὲ
1703 2826 1813 2893 καὶ
1859 2833 2295 2915 πρεσβευταῖς

373 2936 500 3002 ἀπὸ
538 2943 654 3020 τῆς
690 2937 1057 3013 Αἰθιοπίας
1093 2945 1426 3021 παροῦσιν
1463 2942 1558 3012 εἰς
1603 2939 1846 3019 λόγους
1884 2936 2291 3022 ἀφικόμεθα·

371 3041 526 3132 παρ’
582 3037 678 3111 ὧν
734 3042 1022 3129 ἀκριβῶς
1076 3041 1316 3108 ἕκαστα
1361 3046 1768 3128 πυθόμενοι,
1826 3042 1938 3108 καὶ
1983 3046 2141 3121 τοὺς
2186 3046 2294 3108 λό-
2326 3070 2382 3111 25

372 3176 537 3235 γους
572 3163 707 3219 τῶν
746 3152 1097 3236 ἱστορικῶν
1136 3148 1602 3233 ἐξελέγξαντες,
1637 3160 1778 3227 τοῖς
1814 3151 2096 3234 μάλιστα
2133 3165 2297 3235 συμ-

375 3268 725 3340 φωνοῦσιν
780 3256 1161 3322 ἀκόλουθον
1215 3256 1340 3338 τὴν
1404 3255 1804 3341 ἀναγραφὴν
1858 3261 2297 3341 πεποιήμεθα.

304 3384 339 3431 4
556 3361 727 3448 Περὶ
781 3359 903 3446 μὲν
960 3356 1085 3426 οὖν
1140 3363 1500 3427 Αἰθιόπων
1552 3373 1688 3426 τῶν
1741 3364 1907 3445 πρὸς
1969 3372 2050 3448 τῇ
2109 3365 2301 3429 δύσει

520 3521 553 3567 2
601 3516 744 3582 φασὶ
791 3516 1025 3584 Reiske‚
1073 3516 1216 3584 φασὶ
1261 3514 1328 3571 δὲ
1376 3516 1597 3571 codices
1753 3523 1784 3571 ὅ
1833 3517 1913 3581 εἰς
1949 3520 2077 3575 add.
2116 3520 2301 3576 WeSS.

379 3582 444 3627 12
483 3599 540 3631 τε
581 3600 689 3637 om.
727 3586 879 3652 vulg.
