2569 4061
405 191 492 257 32
1088 188 1396 246 DIODORI
1433 186 1664 245 SICULI

338 376 369 425 3
409 356 711 440 ρώνειαν.
803 350 911 418 καὶ
976 352 1342 436 Μακεδόνα
1406 348 1528 441 μὲν
1585 353 1704 418 τὸν
1766 351 1921 417 υἱὸν
1980 350 2331 417 ἀπολιπεῖν

404 458 683 545 βασιλέα
736 467 852 543 τῆς
906 453 1014 524 ἀπ’
1077 457 1339 525 ἐκείνου
1391 459 2053 544 προσαγορευθείσης
2106 460 2330 523 Μακε-

408 567 658 649 δονίας,
717 564 1141 654 Τριπτολέμῳ
1189 562 1250 630 δ’
1305 563 1645 651 ἐπιτρέψαι
1680 567 1797 642 τὰς
1842 565 2005 631 κατὰ
2040 565 2165 648 τὴν
2195 558 2331 629 Ἀτ-
2369 585 2441 634 24

405 672 598 757 τικὴν
651 675 991 758 γεωργίας.
1081 670 1270 750 τέλος
1332 667 1405 736 δὲ
1458 672 1579 737 τὸν
1616 670 1879 757 Ὄσιριν
1933 680 2155 737 πᾶσαν
2207 674 2332 756 τὴν

408 778 813 864 οἰκουμένην
851 778 1224 845 ἐπελθόντα
1268 778 1390 844 τὸν
1422 779 1655 844 κοινὸν
1666 781 1853 862 ,βίον
1898 788 2038 856 τοῖς
2077 777 2330 863 ἡμερω-
2356 795 2383 835 ⁶

336 905 372 954 4
405 888 628 963 τάτοις
662 896 943 972 καρποῖς
978 884 1420 971 εὐεργετῆσαι.
1512 886 1576 951 εί
1620 883 1700 951 δέ
1738 904 1838 962 τις
1872 886 2055 971 χώρα
2088 887 2165 950 τὸ
2205 910 2331 970 φυ-

407 996 529 1058 τὸν
563 1002 681 1076 τῆς
715 988 1017 1077 ἀμπέλου
1051 992 1141 1076 μὴ
1179 990 1640 1078 προσδέχοιτο,
1688 991 2070 1076 διδάξαιτὸ
2109 990 2182 1060 ἐκ
2217 1001 2333 1075 τῆς

409 1104 652 1184 κριθῆς
686 1100 1336 1182 κατασκευαζόμενον
1371 1100 1570 1182 πόμα,
1610 1102 2004 1183 λειπόμενον
2041 1098 2124 1165 οὐ
2160 1101 2332 1164 πολὺ

340 1226 372 1275 5
409 1213 526 1288 τῆς
561 1201 712 1290 περὶ
747 1205 867 1270 τὸν
904 1199 1095 1270 οἶνον
1129 1204 1414 1282 εὐωδίας
1448 1228 1518 1270 τε
1554 1203 1665 1271 καὶ
1705 1205 2063 1290 δυνάμεως.
2138 1203 2333 1270 ἐπαν-

413 1312 702 1376 ελθόντα
749 1303 812 1375 δ’
854 1311 949 1387 εἰς
992 1311 1116 1394 τὴν
1161 1315 1510 1394 Αἴγυπτον
1565 1314 2095 1397 συναποκομίσαι
2151 1311 2333 1396 δῶρά
2362 1328 2415 1367 10

410 1439 481 1482 τε
518 1419 940 1502 πανταχόθεν
976 1417 1057 1482 τὰ
1091 1417 1410 1503 κράτιστα
1453 1415 1565 1483 καὶ
1612 1419 1723 1484 διὰ
1768 1420 1841 1485 τὸ
1880 1417 2162 1503 μέγεθος
2197 1428 2333 1482 τῶν

413 1523 813 1609 εὐεργεσιῶν
858 1522 1484 1609 συμπεφωνημένην
1522 1526 1754 1607 λαβεῖν
1792 1524 1970 1610 παρὰ
2014 1533 2176 1589 πᾶσι
2209 1524 2333 1607 τὴν

345 1652 378 1700 6
415 1628 797 1696 ἀθανασίαν
832 1627 944 1695 καὶ
980 1630 1103 1714 τὴν
1140 1635 1296 1714 ἴσην
1331 1640 1471 1708 τοῖς
1507 1630 1851 1716 οὐρανίοις
1887 1632 2099 1714 τιμήν.
2173 1631 2333 1713 μετὰ

412 1733 487 1802 δὲ
539 1730 723 1801 ταῦτ’
785 1734 852 1813 ἐξ
915 1734 1298 1821 ἀνθρώπων
1355 1738 1452 1815 εἰς
1502 1738 1711 1812 θεοὺς
1763 1736 2168 1819 μεταστάντα
2221 1758 2333 1800 τυ-

410 1853 554 1927 χεῖν
591 1842 719 1907 ὑπὸ
740 1840 991 1919 Ἴσιδος
1025 1841 1136 1908 καὶ
1171 1839 1421 1929 Ἑρμοῦ
1464 1848 1728 1908 θυσιῶν
1772 1839 1885 1907 καὶ
1929 1850 2063 1905 τῶν
2109 1842 2331 1907 ἄλλων
2363 1859 2413 1900 15

412 1960 546 2013 τῶν
608 1947 1148 2035 ἐπιφανεστάτων
1202 1960 1429 2036 τιμῶν.
1519 1947 1799 2023 τούτους
1864 1943 1940 2012 δὲ
1991 1945 2102 2011 καὶ
2158 1953 2331 2014 τελε-

415 2058 530 2135 τὰς
574 2057 952 2137 καταδεῖξαι
1003 2055 1117 2122 καὶ
1171 2056 1386 2122 πολλὰ
1441 2063 1771 2138 μυστικῶς
1826 2055 2334 2140 εἰσηγήσασθαι,

414 2165 908 2249 μεγαλύνοντας
949 2172 1073 2229 τοῦ
1116 2169 1290 2228 θεοῦ
1333 2162 1456 2246 τὴν
1504 2160 1810 2244 δύναμιν.

309 2270 390 2336 21
600 2275 750 2337 Τῶν
799 2264 860 2335 δ’
913 2267 1145 2354 ἱερέων
1189 2266 1342 2353 περὶ
1385 2275 1503 2351 τῆς
1540 2265 1869 2353 Ὀσίριδος
1915 2273 2226 2353 τελευτῆς
2270 2268 2335 2348 ἐξ

415 2375 708 2460 ἀρχαίων
773 2375 847 2441 ἐν
902 2375 1302 2460 ἀπορρήτοις
1358 2377 1897 2459 παρειληφότων,
1962 2385 2053 2463 τῷ
2118 2379 2335 2465 χρόνῳ
2366 2393 2418 2433 20

414 2477 572 2547 ποτὲ
615 2478 861 2564 συνέβη
912 2480 1024 2545 διά
1067 2501 1272 2544 τινων
1319 2482 1413 2557 εἰς
1459 2483 1617 2558 τοὺς
1659 2484 1950 2560 πολλοὺς
1995 2481 2337 2568 ἐξενεχθῆ-

345 2608 377 2656 2
416 2611 528 2654 ναι
586 2589 663 2652 τὸ
719 2586 1169 2670 σιωπώμενον.
1261 2585 1428 2669 φασὶ
1491 2589 1619 2673 γὰρ
1681 2592 1979 2675 νομίμως
2032 2590 2337 2675 βασιλεύ-

417 2717 579 2759 οντα
615 2702 730 2778 τῆς
765 2693 1115 2777 Αὐγύπτου
1159 2695 1278 2758 τὸν
1298 2691 1561 2781 Ὄσιριν
1607 2694 1737 2761 ὑπὸ
1785 2700 2108 2781 Τυφῶνος
2153 2697 2337 2762 ἀναι-

416 2806 699 2887 ρεθῆναι
752 2800 1121 2885 τάδελφοῦ,
1184 2804 1412 2884 βιαίου
1466 2801 1578 2868 καὶ
1638 2802 1920 2887 ἀσεβοῦς
1975 2805 2191 2878 ὄντος·
2256 2801 2336 2866 ὃν

418 2909 723 2974 διελόντα
777 2910 853 2975 τὸ
909 2918 1097 2993 σῶμα
1140 2917 1263 2976 τοῦ
1319 2907 1778 2994 φονευθέντος
1832 2911 1926 2986 εἰς
1977 2908 2044 2987 ἓξ
2091 2905 2202 2973 καὶ
2247 2913 2334 2973 εἴ·
2364 2925 2416 2965 25

416 3034 567 3083 κοσι
622 3014 785 3103 μέρη
845 3016 1081 3082 δοῦναι
1134 3026 1269 3082 τῶν
1326 3013 1868 3100 συνεπιθεμένων
1923 3011 2171 3100 ἑκάστω
2228 3035 2339 3096 με-

418 3124 605 3210 ρίδα,
673 3125 1088 3207 βουλόμενον
1151 3123 1404 3201 πάντας
1466 3129 1813 3206 μετασχεῖν
1876 3128 1998 3184 τοῦ
2061 3119 2349 3203 μύσους,

415 3228 526 3295 καὶ
584 3231 696 3295 διὰ
749 3231 994 3295 τούτου
1048 3231 1402 3315 νομίζοντα
1459 3227 1959 3310 συναγωνιστὰς
2012 3224 2183 3306 ἕξειν
2229 3225 2337 3293 καὶ

558 3391 590 3439 2
630 3381 762 3457 ἀπ’]
791 3381 895 3442 ὑπ’
927 3386 977 3441 D
1056 3392 1120 3443 16
1148 3384 1351 3455 τιμῶν]
1390 3385 1548 3439 θεῶν
1576 3384 1753 3455 τιμῶν
1784 3383 1846 3450 0,
1877 3380 1940 3440 ἐν
1968 3388 2136 3448 θεοῖς
2162 3386 2336 3454 τιμῶν

418 3450 619 3507 Euseb.
640 3474 724 3524 pr.
747 3472 831 3510 ev.
848 3456 901 3512 II
924 3465 971 3527 1,
997 3464 1062 3514 15
1101 3463 1167 3512 21
1188 3453 1324 3511 πότε
1348 3455 1414 3527 G,
1434 3450 1558 3511 τότε
1580 3454 1754 3512 ceteri
1791 3461 1859 3513 28
1881 3453 1978 3512 διὰ
1999 3457 2166 3513 τοῦτο
2186 3456 2338 3526 vulg.
