2569 4061
1048 324 1128 377 111
1165 330 1251 380 20.
1295 331 1379 379 21.
1829 264 1836 273 ἱ
2054 327 2188 393 295

263 492 469 575 ἄκρας
520 498 656 554 τῶν
700 490 957 572 νήσων,
1018 492 1331 572 χελωνῶν
1378 483 1453 552 δὲ
1507 490 1885 554 θαλαττίων
1931 492 2191 572 πλῆθος

262 595 664 680 ἐνδιατρίβει
708 592 860 680 περὶ
904 596 1062 671 τοὺς
1105 597 1353 670 τόπους
1396 593 1707 677 τούτους,
1765 597 2190 679 πανταχόθεν

260 710 688 784 καταφεῦγον
722 703 889 787 πρὸς
918 701 1042 783 τὴν
1071 699 1142 766 ἐκ
1177 708 1295 783 τῆς
1321 702 1615 784 γαλήνης
1653 699 1917 785 σκέπην.
1993 696 2189 767 αὗται
2225 725 2257 773 2

266 804 341 872 δὲ
382 808 498 885 τὰς
541 804 664 891 μὲν
708 808 952 884 νύκτας
997 806 1074 872 ἐν
1117 810 1313 894 βυθῷ
1363 807 1823 891 διατρίβουσιν
1868 806 2189 891 ἀσχολού-

200 932 228 973 5
262 937 457 998 μεναι
499 911 651 1000 περὶ
696 914 823 997 τὴν
868 916 1113 999 νομήν,
1172 914 1291 989 τὰς
1337 909 1398 977 δ’
1450 911 1698 998 ἡμέρας
1751 915 1847 990 εἰς
1891 915 2014 996 τὴν
2062 914 2189 979 ἀνὰ

258 1019 464 1103 μέσον
526 1030 662 1085 τῶν
729 1022 957 1103 νήσων
1019 1019 1364 1084 θάλατταν
1433 1030 1761 1103 φοιτῶσαι
1824 1029 2189 1103 κοιμῶνται

256 1125 574 1211 μετέωροι
637 1136 778 1203 τοῖς
830 1127 1058 1191 κύτεσι
1110 1126 1277 1210 πρὸς
1335 1125 1454 1191 τὸν
1508 1126 1730 1209 ἥλιον,
1795 1134 2184 1211 παρεμφερῆ

259 1233 382 1316 τὴν
427 1235 764 1318 πρόσοψιν
816 1241 1131 1298 ποιοῦσαι
1183 1241 1330 1308 ταῖς
1382 1231 1982 1318 κατεστραμμέναις
2036 1232 2186 1299 ἀκά-

258 1360 423 1414 τοις·
464 1338 738 1417 ἐξαίσιοι
774 1340 902 1423 γὰρ
939 1347 1080 1415 τοῖς
1116 1336 1473 1422 μεγέθεσιν
1500 1340 1875 1426 ὑπάρχουσι
1901 1339 2014 1406 καὶ
2049 1351 2185 1406 τῶν

171 1463 226 1503 10
257 1444 619 1530 ἐλαχίστων
656 1444 952 1509 ἁλιάδων
989 1443 1114 1510 οὐκ
1150 1444 1480 1523 ἐλάττους.
1552 1447 1623 1512 οἱ
1664 1442 1738 1512 δὲ
1783 1447 1898 1523 τὰς
1932 1450 2183 1532 νήσους
2219 1466 2251 1516 3

254 1560 719 1626 κατοικοῦντες
789 1551 1117 1636 βάρβαροι
1197 1552 1365 1616 κατὰ
1443 1560 1683 1617 τοῦτον
1754 1554 1872 1619 τὸν
1943 1555 2181 1638 καιρὸν

253 1654 468 1741 ἠρέμα
510 1657 1002 1742 προσνήχονται
1048 1667 1191 1734 ταῖς
1243 1657 1591 1742 χελώναις·
1651 1659 1815 1743 πρὸς
1869 1656 2181 1742 ἑκάτερον

254 1758 329 1827 δὲ
366 1760 567 1848 μέρος
601 1764 1101 1847 πλησιάσαντες,
1141 1765 1213 1830 οἰ
1243 1760 1368 1848 μὲν
1405 1763 1764 1847 πιέζουσιν,
1803 1764 1874 1830 οἱ
1907 1763 1965 1829 δ’
2013 1764 2181 1844 ἐξαί-

253 1884 524 1952 ρουσιν,
569 1868 694 1946 ἕως
739 1879 814 1939 ὂὶν
860 1869 1101 1936 ὕπτιον
1145 1868 1419 1954 γένηται
1463 1871 1538 1934 τὸ
1579 1873 1762 1959 ζῷον.
1855 1864 2068 1935 ἔπειθ’
2114 1872 2185 1936 οἰ
2215 1893 2250 1941 4

172 1994 223 2036 15
253 1970 377 2059 μὲν
414 1974 480 2055 ἐξ
528 1974 841 2064 ἑκατέρου
887 1976 1130 2065 μέρους
1176 1978 1543 2056 οἰακίζουσι
1588 1978 1708 2043 τὸν
1746 1977 1906 2042 ὅλον
1950 1978 2178 2061 ὄγκον,

250 2083 363 2146 ’ἵνα
425 2083 514 2167 μὴ
581 2080 877 2169 στραφὲν
939 2084 1015 2148 τὸ
1082 2087 1251 2172 ζῷον
1305 2081 1417 2149 καὶ
1479 2083 1854 2167 νηξάμενον
1916 2090 2008 2171 τῷ
2063 2090 2179 2166 τῆς

251 2190 519 2273 φύσεως
563 2191 943 2274 βοηθήματι
989 2191 1173 2275 φύγῃ
1219 2191 1384 2255 κατὰ
1429 2190 1709 2273 βάθους,
1758 2181 1853 2266 εἷς
1899 2186 1959 2253 δ’
2006 2191 2177 2274 ἔχων

250 2293 544 2381 μέρμιθα
587 2297 849 2382 μακρὰν
884 2294 996 2361 καὶ
1043 2298 1251 2380 δήσας
1294 2304 1412 2379 τῆς
1449 2296 1655 2382 οὐρᾶς
1699 2297 1966 2379 νήχεται
2009 2297 2175 2381 πρὸς

250 2401 374 2484 τὴν
417 2411 544 2485 γῆν
588 2400 699 2467 καὶ
744 2401 1174 2488 προσέλκεται
1219 2403 1523 2487 μετάγων
1562 2404 1636 2466 τὸ
1687 2404 1854 2488 ζῷον
1900 2399 2007 2466 ἐπὶ
2051 2402 2175 2484 τὴν

170 2526 224 2565 2⁰
250 2505 512 2592 χέρσον,
559 2507 1323 2594 συμπαρακομιζομένων
1357 2519 1493 2574 τῶν
1530 2506 1596 2586 ἐξ
1635 2507 1839 2593 ἀρχῆς
1872 2509 1997 2591 τὴν
2036 2507 2173 2573 ἐπί-

245 2619 446 2677 θεσιν
497 2613 975 2700 πεποιημένων.
1068 2614 1228 2679 ὅταν
1284 2612 1346 2679 δ’
1400 2616 1495 2690 εἰς
1548 2614 1671 2696 τὴν
1724 2622 1936 2696 νῆσον
1990 2613 2172 2680 ἐκκο-
2210 2639 2241 2688 5

248 2722 511 2804 μίσωσι,
558 2723 639 2785 τὰ
684 2718 806 2806 μὲν
842 2721 1030 2798 ἐντὸς
1063 2722 1278 2786 πάντα
1315 2723 1573 2806 βραχὺν
1609 2723 1858 2806 χρόνον
1895 2719 1968 2784 ἐν
2003 2720 2169 2811 ἡλίῳ

243 2830 782 2912 παροπτήσαντες
825 2835 1377 2911 κατευωχοῦνται,
1426 2836 1563 2903 τοῖς
1602 2823 1675 2892 δὲ
1711 2828 1979 2892 κύτεσιν
2016 2822 2169 2893 οὖσι

146 2953 243 3003 190
265 2932 691 3019 σκαφοειδέσι
737 2944 1027 3020 χρῶνται
1078 2936 1246 3019 πρός
1290 2956 1360 2998 τε
1420 2934 1539 2998 τὸν
1586 2935 1680 3010 είς
1722 2934 1845 3017 τὴν
1890 2934 2168 3020 ἤπειρον

168 3059 217 3100 25
245 3041 602 3123 διάπλουν,
669 3039 749 3105 ὃν
811 3048 1160 3105 ποιοῦνται
1224 3048 1342 3122 τῆς
1402 3038 1675 3125 ὑδρείας
1736 3038 1993 3121 ἕνεκεν,
2056 3038 2168 3103 καὶ

241 3147 405 3231 πρὸς
449 3147 566 3222 τας
612 3146 975 3230 σκηνώσεις
984 3194 1004 3229 ,
1059 3144 1360 3222 τιθέντες
1412 3155 1685 3231 πρηνεῖς
1730 3140 1836 3228 ἐφ’
1888 3144 2167 3226 ὑψηλῶν

243 3253 486 3334 τόπων,
534 3252 701 3317 ὥστε
749 3253 973 3318 δοκεῖν
1016 3252 1279 3328 τούτοις
1323 3251 1448 3334 τὴν
1489 3252 1700 3335 φύσιν
1738 3250 2165 3334 δεδωρῆσθαι

382 3449 415 3496 6
455 3443 762 3515 φοιτῶσαι]
801 3448 1038 3513 φοιτῶσι
1074 3443 1172 3499 καὶ
1207 3443 1255 3497 D
1431 3449 1461 3498 7
1503 3439 1727 3496 σκύτεσι
1761 3438 1814 3493 H
1850 3441 1941 3509 (=
1978 3458 2032 3496 v,
2071 3441 2162 3505 23)

245 3509 420 3569 143&
458 3513 584 3569 add.
625 3515 790 3570 Dind.
939 3520 1005 3570 18
1043 3514 1335 3585 μέρμινθα
1371 3513 1438 3583 D,
1477 3512 1728 3583 μέρινθα
1768 3508 1810 3563 C
1933 3514 1999 3563 18
2038 3508 2159 3580 τῆς]

245 3579 307 3640 ἐκ
342 3585 441 3653 τῆς
469 3585 727 3639 Hertlein
802 3592 866 3642 19
904 3583 1187 3657 μετάγων]
1219 3581 1506 3656 μετάλλων
1546 3581 1605 3653 (i.
1626 3599 1672 3638 e.
1696 3576 1824 3651 μετ’
1856 3575 2060 3648 ἄλλων)
2096 3580 2158 3635 D.
