2569 4061
442 288 574 354 498
1182 284 1488 342 monom
1526 284 1760 341 smum

444 447 861 535 ἀμφοτέρους
915 448 1230 533 δεθῆναι,
1294 447 1406 515 καὶ
1463 446 1683 533 Θησέα
1739 444 1862 532 μὲν
1915 447 2212 532 ὕστερον
2288 451 2442 516 διὰ

441 557 564 639 τὴν
608 553 1016 641 Ἡρακλέους
1076 555 1272 641 χάριν
1337 554 1792 638 ἀπολυθῆναι,
1853 557 2257 640 Πειρίθουν
2335 554 2437 623 δὲ

444 662 556 727 διὰ
582 662 707 746 τὴν
736 659 1045 745 ἀσέβειαν
1074 660 1149 726 έν
1176 658 1352 747 ᾅδου
1379 660 1709 726 διατελεῖν
1736 663 2053 747 τιμωρίας
2084 663 2431 729 αἰωνίου

441 769 885 854 τυγχάνοντα·
940 770 1108 834 ἔνιοι
1163 762 1238 832 δὲ
1291 778 1429 833 τῶν
1473 767 1942 852 μυθογράφων
1990 766 2209 852 φασὶν
2270 769 2422 853 ἆμ-

374 896 407 945 5
444 874 774 962 φοτέρους
809 875 896 959 μὴ
933 882 1159 958 τυχεῖν
1193 881 1318 938 τοῦ
1352 873 1616 939 νόστου.
1681 869 1841 937 καθ’
1877 871 1958 937 ὃν
1998 874 2079 957 δὴ
2118 876 2420 959 χρόνον
2449 893 2477 933 5

445 980 715 1066 λέγουσι
786 982 945 1057 τοὺς
1015 978 1352 1064 ἀδελφοὺς
1423 987 1541 1063 τῆς
1603 975 1872 1063 Ἑλένης
1944 982 2412 1064 Διοσκόρους

445 1088 971 1175 στρατεύσαντας
1034 1083 1142 1150 ἐπὶ
1204 1086 1330 1170 τὴν
1395 1084 1732 1170 ’Ἄφιδναν
1796 1082 1907 1150 καὶ
1974 1085 2099 1169 τὴν
2175 1088 2414 1153 πόλιν

445 1193 714 1270 ἑλόντας
775 1194 1023 1276 ταύτην
1086 1187 1209 1276 μὲν
1273 1193 1719 1275 κατασκάψαι,
1784 1192 1910 1274 τὴν
1973 1189 2036 1256 δ’
2091 1187 2405 1276 Ἑλένην

443 1298 810 1382 ἀπαγαγεῖν
864 1298 958 1374 εἰς
1012 1298 1485 1382 Λακεδαίμονα
1543 1296 1892 1381 παρθένον
1953 1292 2200 1381 οὖσαν,
2269 1298 2399 1365 καὶ

443 1401 579 1489 μετ’
633 1403 836 1488 αὐτῆς
882 1404 1136 1489 δούλην
1181 1406 1308 1488 τὴν
1353 1403 1600 1491 μητέρα
1647 1403 1919 1488 Θησέως
1966 1410 2268 1491 Αἴθραν.
2419 1423 2473 1464 10

337 1512 424 1578 64
611 1507 840 1595 Ἡμεῖς
887 1507 961 1577 δὲ
1006 1509 1157 1598 περὶ
1202 1512 1462 1577 τούτων
1500 1510 1882 1598 ἀρκούντως
1918 1513 2262 1598 εἰρηκότες
2299 1515 2387 1578 τὰ

440 1615 593 1703 περὶ
628 1628 763 1683 τῶν
802 1616 962 1683 ἑπτὰ
998 1616 1105 1684 ἐπὶ
1144 1620 1368 1701 Θήβας
1406 1618 1871 1704 ἱστορήσομεν,
1918 1617 2380 1702 ἀναλαβόντες

442 1725 559 1802 τὰς
603 1723 670 1804 ἐξ
717 1724 921 1810 ἀρχῆς
965 1726 1178 1802 αἰτίας
1221 1734 1345 1790 τοῦ
1391 1724 1704 1809 πολέμου.
1795 1725 2008 1801 Λάιος
2046 1723 2082 1790 ὁ
2123 1727 2374 1808 Θηβῶν

443 1835 754 1916 βασιλεὺς
799 1834 1010 1915 γήμας
1040 1829 1382 1915 Ἰοκάστην
1416 1832 1542 1914 τὴν
1579 1829 1935 1917 Κρέοντος,
1972 1828 2082 1896 καὶ
2115 1833 2373 1915 χρόνον

446 1937 678 2004 ἰκανὸν
723 1938 920 2014 ἄπαις
966 1938 1081 2021 ὤν,
1129 1935 1510 2022 ἐπηρώτησε
1554 1936 1675 2001 τὸν
1718 1938 1888 2002 θεὸν
1925 1935 2072 2022 περὶ
2106 1933 2367 2001 τέκνων
2399 1953 2451 1996 ιι

444 2042 778 2129 γενέσεως.
878 2053 994 2129 τῆς
1052 2039 1126 2108 δὲ
1188 2046 1461 2121 Πυθίας
1522 2044 1770 2128 δούσης
1825 2044 2123 2129 χρησμὸν
2181 2040 2365 2130 αὐτῷ

444 2152 532 2236 μὴ
591 2150 960 2237 συμφέρειν
1012 2148 1329 2234 γενέσθαι
1381 2148 1579 2215 τέκνα
1637 2148 1785 2237 (τὸν
1842 2152 1971 2236 γὰρ
2033 2148 2097 2228 ἐξ
2157 2149 2362 2216 αὐτοῦ

443 2255 1122 2343 τεκνωθένταήῗπαῖδα
1166 2259 1622 2343 πατροκτόνον
1667 2259 1943 2323 ἔσεσθαι
1987 2254 2101 2323 καὶ
2145 2264 2361 2322 πᾶσαν

443 2365 568 2449 τὴν
604 2365 824 2430 οἰκίαν
857 2364 1233 2449 πληρώσειν
1269 2362 1575 2448 μεγάλων
1612 2362 2099 2449 ἀτυχημάτων),
2145 2363 2453 2434 gabaa-303

444 2472 737 2555 θόμενος
778 2478 902 2536 τοῦ
955 2479 1257 2556 χρησμοῦ
1311 2467 1423 2535 καὶ
1476 2471 1805 2553 γεννήσας
1859 2470 2036 2553 υἱόν,
2092 2468 2355 2554 ἐξέθηκε
2379 2489 2428 2529 20

443 2577 518 2640 τὸ
575 2575 824 2662 βρέφος
879 2577 1365 2660 διαπερονήσας
1418 2576 1627 2641 αὐτοῦ
1680 2576 1761 2640 τὰ
1806 2577 2036 2662 σφυρὰ
2081 2577 2353 2665 σιδήρῳ·

373 2702 406 2750 2
445 2677 535 2743 δι’
586 2680 673 2762 ἣν
727 2682 948 2745 αἰτίαν
998 2683 1321 2758 Οἰδίπους
1374 2682 1658 2768 ὕστερον
1704 2682 2089 2768 ὠνομάσθη.
2179 2683 2246 2747 οἰ
2283 2681 2345 2749 δ’

445 2783 691 2851 οἰκέται
737 2788 1052 2868 λαβόντες
1094 2787 1170 2851 τὸ
1215 2788 1489 2853 παιδίον
1536 2787 1833 2855 ἐκθεῖναι
1880 2784 2002 2872 μὲν
2041 2788 2162 2855 οὐκ
2200 2787 2350 2872 ἠθέ-

443 2898 685 2977 λησαν,
751 2889 1174 2975 ἐδωρήσαντο
1241 2888 1316 2957 δὲ
1378 2901 1457 2979 τῇ
1526 2895 1847 2978 Πολύβου
1903 2896 2210 2977 γυναικί,
2269 2895 2347 2960 οὐ

446 2996 783 3086 δυναμένῃ
828 3008 1145 3084 γεννῆσαι
1189 3001 1447 3078 παῖδας.
1530 3002 1690 3085 μετὰ
1738 2996 1809 3066 δὲ
1856 3006 2062 3066 ταῦτα
2107 3001 2346 3086 ἀνδρω-
2368 3020 2420 3063 25

443 3106 686 3185 θέντος
721 3115 841 3173 τοῦ
877 3107 1136 3190 παιδός,
1183 3105 1219 3172 ὁ
1257 3102 1380 3192 μὲν
1415 3107 1626 3183 Λάιος
1662 3110 1922 3192 ἔκρινεν
1958 3106 2344 3194 ἐπερωτῆσαι

442 3215 563 3279 τὸν
607 3212 784 3299 ζθεὸν
837 3211 989 3299 περὶ
1042 3221 1164 3277 τοῦ
1221 3210 1518 3299 βρέφους
1569 3222 1694 3279 τοῦ
1740 3212 2154 3297 ἐκτεθέντος,
2198 3214 2231 3280 ὁ
2272 3212 2344 3282 δὲ

447 3320 772 3396 Οἰδίπους
816 3321 1061 3403 μαθὼν
1105 3320 1283 3407 παρά
1327 3342 1512 3396 τινος
1556 3319 1681 3403 τὴν
1724 3318 1882 3386 καθ’
1925 3319 2161 3386 ἑαυτὸν
2192 3320 2341 3387 ὑπο·
2505 3366 2506 3373 1

446 3547 517 3594 24
553 3472 1126 3611 ι,15ημᾶὶὴεὶἕνὶῂ’ΒιοίεΙζο
1238 3481 1307 3530 10
1344 3473 1486 3545 μετὰ
1521 3473 1728 3545 ταύτης
1759 3477 1866 3532 CF
1932 3477 2144 3547 μητέρα
2168 3492 2262 3531 om.
2287 3476 2335 3532 D
