2569 4061
1069 293 1123 348 Π
1158 298 1245 349 4ο.
1275 300 1362 350 47.
2068 297 2201 363 245

276 453 339 522 δ’
392 455 603 539 αὐτὴν
659 456 922 538 εὔγειόν
976 478 1047 521 τε
1092 452 1209 520 καὶ
1257 441 1650 543 πάμφορον,
1704 460 1802 525 ἔτι
1857 455 1918 523 δ’
1973 458 2202 542 εὐκρα-

274 565 388 650 σία
435 561 926 647 διαφέρουσαν,
982 563 1249 639 διττοὺς
1292 556 1441 627 κατ’
1494 564 1639 639 ἔτος
1692 563 1999 653 ἐκφέρειν
2041 591 2201 653 καρ-

271 670 458 746 πούς.
549 672 1016 754 μυθολογοῦσι
1071 667 1131 733 δ’
1186 668 1261 736 ἐν
1309 668 1477 753 αὐτῆ
1521 668 1647 751 τὴν
1690 672 1890 752 Λητὼ
1935 672 2201 756 γεγονέ-
2237 694 2269 741 2

271 795 410 842 ναι·
460 776 565 840 διὸ
602 773 716 841 καὶ
751 776 871 840 τὸν
909 769 1202 841 Ἀπόλλω
1250 776 1535 859 μάλιστα
1578 785 1714 839 τῶν
1751 776 1972 842 ἄλλων
2015 786 2201 845 θεῶν

215 901 243 941 5
272 877 429 967 παρ’
473 882 702 958 αὐτοῖς
745 887 1096 967 τιμᾶσθαι·
1141 876 1316 946 εἶναι
1356 875 1418 946 δ’
1462 880 1710 958 αὐτοὺς
1746 881 1966 964 ὥσπερ
2005 883 2203 968 ἱερεῖς

271 1011 459 1066 τινας
514 985 930 1064 Ἀπόλλωνος
996 989 1110 1052 διὰ
1179 989 1255 1053 τὸ
1319 988 1444 1052 τὸν
1503 989 1674 1053 θεὸν
1734 995 1979 1054 τοῦτον
2042 985 2197 1054 καθ’

271 1094 526 1181 ἡμέραν
579 1092 693 1159 ὑπ’
757 1094 980 1159 αὐτῶν
1042 1093 1409 1177 ὑμνεῖσθαι
1469 1088 1606 1179 μετ’
1667 1089 1844 1182 95δῆ9
1908 1107 2204 1179 συνεχῶς

270 1201 383 1267 καὶ
435 1206 758 1286 τιμᾶσθαι
814 1202 1288 1285 διαφερόντως.
1380 1199 1704 1287 ὑπάρχειν
1750 1198 1826 1269 δὲ
1879 1200 1991 1270 καὶ
2036 1203 2203 1268 κατὰ

272 1310 397 1392 τὴν
431 1317 645 1391 νῆσον
678 1304 949 1388 τέμενός
986 1327 1057 1369 τε
1097 1302 1513 1383 ’Λπόλλωνος
1557 1306 2050 1396 μεγαλοπρεπὲς
2089 1307 2203 1375 καὶ

190 1434 246 1474 ιο
272 1415 443 1480 ναὸν
496 1412 848 1492 ἀξιόλογον
902 1409 1292 1494 ἀναθήμασι
1353 1418 1626 1489 πολλοῖς
1682 1415 2200 1500 κεκοσμημένον,

273 1519 672 1605 σφαιροειδῆ
730 1525 822 1602 τῷ
884 1518 1182 1600 σχήματι.
1274 1515 1388 1582 καὶ
1442 1521 1641 1583 πόλιν
1704 1517 1827 1603 μὲν
1878 1521 2202 1608 ὑπάρχειν
2240 1542 2271 1588 3

275 1627 464 1711 ἱερὰν
508 1630 631 1687 τοῦ
683 1627 855 1687 θεοῦ
899 1622 1176 1705 τούτου,
1227 1633 1367 1688 τῶν
1424 1620 1499 1689 δὲ
1549 1626 2042 1692 κατοικούντων
2086 1630 2204 1693 αὐ-

271 1732 399 1813 τὴν
443 1730 604 1804 τοὺς
646 1729 996 1805 πλείστους
1039 1725 1211 1795 εἶναι
1253 1730 1682 1815 κιθαριστάς,
1743 1728 1856 1794 καὶ
1909 1744 2205 1816 συνεχῶς

274 1834 350 1901 ἐν
384 1842 479 1924 τῷ
516 1841 652 1922 ναῷ
690 1837 1155 1920 κιθαρίζοντας
1190 1834 1449 1921 ὕμνους
1493 1834 1715 1919 λε’γειν
1750 1842 1842 1924 τῷ
1879 1841 2022 1925 θεῷ
2058 1836 2196 1922 μετ’

98 1963 103 1967 ·
188 1980 241 2020 15
271 1940 482 2032 ᾠδῆς,
546 1940 1135 2026 ἀποσεμνύνοντας
1198 1942 1411 2007 αὐτοῦ
1471 1942 1589 2019 τὰς
1650 1940 1935 2028 πράξεις.
2028 1944 2205 2027 ἔχειν
2239 1962 2275 2009 4

273 2046 349 2116 δὲ
382 2052 543 2125 τοὺς
570 2045 1046 2134 Ὑπερβορέους
1083 2051 1266 2117 ἰδίαν
1293 2050 1447 2115 τινὰ
1484 2050 1855 2132 διάλεκτον,
1891 2048 2005 2114 καὶ
2041 2053 2207 2136 πρὸς

270 2159 429 2233 τοὺς
465 2152 795 2240 Ἕλληνας
851 2157 1220 2222 οἰκειότατα
1277 2158 1691 2239 διακεῖσθαι,
1755 2153 1868 2221 καὶ
1921 2156 2204 2239 μάλιστα

269 2264 436 2349 πρὸς
470 2265 630 2339 τοὺς
658 2259 1061 2346 Ἀθηναίους
1096 2261 1210 2332 καὶ
1244 2264 1566 2346 Δηλίους,
1605 2260 1678 2327 ἐκ
1711 2267 2015 2328 παλαιῶν
2049 2266 2203 2349 χρό-

271 2394 415 2435 νων
464 2372 958 2455 παρειληφότας
1018 2369 1143 2452 τὴν
1198 2369 1475 2435 εὔνοιαν
1533 2370 1800 2454 ταύτην.
1892 2368 2006 2435 καὶ
2068 2380 2204 2436 τῶν

190 2513 248 2553 20
264 2472 603 2560 Ἑλλήνων
646 2477 834 2553 τινὰς
878 2480 1345 2559 μυθολογοῦσι
1388 2479 1801 2560 παραβαλεῖν
1848 2478 1944 2553 εἰς
1979 2474 2203 2563 Ὑπερ-

164 2603 272 2655 159
292 2580 593 2668 βορέους,
630 2581 744 2648 καὶ
781 2581 1178 2666 ἀναθήματα
1215 2587 1543 2666 πολυτελῆ
1576 2587 1961 2649 καταλιπεῖν
1995 2584 2203 2670 γράμ-

271 2704 474 2772 μασιν
511 2685 922 2773 Ἑλληνικοῖς
969 2687 1516 2774 ἐπιγεγραμμένα.
1609 2688 1924 2766 ὡσαύτως
1969 2687 2044 2756 δὲ
2088 2689 2202 2756 καὶ
2239 2710 2272 2759 5

271 2793 347 2860 ἐκ
388 2805 525 2860 τῶν
553 2792 1009 2881 Ὑπερβορέων
1036 2793 1321 2881 ’Ἀβαριν
1356 2797 1454 2871 εἰς
1492 2795 1617 2878 τὴν
1644 2793 1929 2861 Ἑλλάδα
1964 2818 2202 2862 καταν-

268 2902 562 2985 τήσαντα
620 2903 695 2966 τὸ
759 2902 1047 2966 παλαιὸν
1107 2901 1448 2967 ἀνασῶσαι
1502 2902 1627 2984 τὴν
1680 2902 1848 2986 πρὸς
1902 2906 2203 2986 Δηλίους

189 3024 245 3066 2⁵
272 3008 548 3074 εὔνοιάν
601 3030 673 3072 τε
729 3004 842 3073 καὶ
897 3006 1311 3090 συγγένειαν.
1403 3005 1572 3091 φασὶ
1632 3004 1707 3073 δὲ
1760 3006 1874 3073 καὶ
1927 3010 2051 3091 τὴν
2097 3023 2201 3070 σε·

269 3116 485 3198 λήνην
539 3113 612 3179 ἐκ
672 3114 918 3197 ταύτης
978 3122 1096 3197 τῆς
1157 3116 1375 3196 νήσου
1438 3117 1806 3199 φαίνεσθαι
1864 3115 2203 3185 παντελῶς

269 3220 504 3303 ὀλίγον
543 3218 922 3304 ἀπέχουσαν
957 3228 1073 3304 τῆς
1117 3227 1243 3303 γῆς
1275 3223 1394 3285 καί
1432 3243 1619 3297 τινας
1664 3218 1895 3302 ἐξοχὰς
1930 3215 2203 3298 γεώδεις

269 3328 561 3410 ἔχουσαν
607 3326 681 3392 ἐν
719 3327 885 3411 αὐτῇ
923 3327 1235 3413 φανεράς.
1319 3325 1577 3408 λέγεται
1614 3321 1689 3389 δὲ
1725 3321 1838 3388 καὶ
1874 3321 1993 3384 τὸν
2029 3318 2198 3382 θεὸν
2235 3332 2280 3386 6·

415 3561 447 3608 9
485 3573 544 3609 τε
585 3571 692 3611 om.
731 3556 780 3609 D
926 3559 995 3611 28
1035 3550 1099 3609 ἐν
1136 3548 1282 3623 αὖτῇ
1322 3568 1429 3607 om.
1467 3550 1539 3609 II.
