2569 4061
1034 331 1116 387 111
1153 338 1238 389 54.
1269 336 1354 388 55.
2029 329 2161 397 353

230 491 393 564 καθ’
428 496 509 562 ὃν
555 496 792 583 καιρὸν
827 497 986 572 τοὺς
1029 496 1197 578 πρὸς
1233 492 1522 579 ἑσπέραν
1566 494 1812 569 τόπους
1856 491 2163 558 ἐπελθὼν

232 606 429 669 ἔθετο
467 604 582 680 τὰς
620 600 727 668 ἐπὶ
762 609 880 685 τῆς
906 602 1166 685 Λιβύης
1202 603 1468 685 στήλας,
1506 601 1733 666 δεινὸν
1768 598 2161 683 ἡγούμενος,

234 711 300 775 εἰ
331 712 780 796 προελόμενος
814 711 890 774 τὸ
926 706 1122 792 γένος
1160 717 1356 795 κοινῇ
1393 718 1529 773 τῶν
1567 705 1950 791 ἀνθρώπων
1979 705 2163 792 εὐερ-

237 825 454 899 γετεῖν
498 817 892 901 περιόψεταί
938 837 1089 881 τινα
1133 825 1269 881 τῶν
1325 813 1551 880 ἐθνῶν
1601 812 2165 897 γυναικοκρατού·

180 940 208 981 5
239 945 420 1006 μενα.
488 921 748 1005 λέγεται
782 918 856 987 δὲ
882 919 995 987 καὶ
1030 922 1153 1005 τὴν
1189 920 1563 1007 Τριτωνίδα
1598 921 1844 1003 λίμνην
1871 928 2164 1001 σεισμῶν

231 1026 620 1113 γενομένων
666 1028 1153 1112 ἀφανισθῆναι,
1201 1025 1543 1114 ῥαγέντων
1579 1025 1783 1109 αὐτῆς
1827 1034 1963 1090 τῶν
1997 1025 2164 1109 πρὸς

230 1136 350 1200 τὸν
415 1134 714 1200 ὠκεανὸν
770 1144 992 1220 μερῶν
1033 1132 1456 1219 κεκλιμένων.
1545 1134 1670 1217 τὴν
1719 1127 1792 1197 δὲ
1837 1130 2158 1217 Μύρινάν
2200 1153 2233 1199 4

232 1256 400 1323 φασι
460 1249 578 1324 τῆς
641 1261 712 1304 τε
758 1240 1020 1324 Λιβύης
1075 1240 1199 1323 τὴν
1262 1242 1582 1324 πλείστην
1646 1238 1988 1321 ἐπελθεῖν,
2051 1233 2164 1302 καὶ

230 1348 757 1431 παραβαλοῦσαν
820 1347 915 1422 εἰς
972 1351 1324 1428 Αἴγυπτον
1387 1348 1555 1432 πρὸς
1608 1342 1731 1431 μὲν
1773 1337 1983 1432 Ὦρον
2043 1344 2164 1408 τὸν

152 1473 205 1513 ιο
215 1449 469 1528 Ἴσιδος
508 1452 951 1535 βασιλεύοντα
986 1454 1134 1517 τότε
1179 1460 1296 1536 τῆς
1332 1452 1684 1535 Αἰγύπτου
1729 1454 1966 1536 φιλίαν
2003 1467 2162 1516 συν-

232 1555 508 1639 θέσθαι,
554 1558 721 1642 πρὸς
768 1551 830 1621 δ’
877 1555 1172 1642 ’Ἀραβας
1218 1558 1801 1642 διαπολεμήσασαν
1845 1557 1955 1625 καὶ
2000 1562 2160 1623 πολ-

234 1663 396 1737 λοὺς
444 1660 669 1726 αὐτῶν
716 1660 1116 1745 ἀνελοῦσαν,
1161 1663 1287 1746 τὴν
1333 1660 1457 1748 μὲν
1500 1666 1765 1750 Συρίαν
1807 1661 2162 1748 καταστρέ-

233 1771 515 1850 ψασθαι,
567 1777 702 1832 τῶν
750 1763 825 1832 δὲ
870 1769 1170 1833 Κιλίκων
1215 1765 1740 1853 ἀπαντησάντων
1791 1771 1955 1856 αὐτῇ
2003 1769 2165 1853 μετὰ

235 1874 474 1959 δώρων
517 1870 629 1939 καὶ
672 1876 748 1940 τὸ
795 1876 1240 1959 κελευόμενον
1284 1878 1594 1960 ποιήσειν
1629 1875 2163 1960 ὁμολογούντων,

154 2000 206 2043 15
235 1979 637 2068 ἐλευθέρους
673 1980 949 2066 ἀφεῖναι
989 1985 1148 2060 τοὺς
1184 1980 1506 2061 ἑκουσίως
1540 1987 2163 2071 προσχωρήσαντας,

235 2086 354 2163 οὓς
394 2087 521 2153 ἀπὸ
557 2087 802 2171 ταύτης
836 2095 953 2171 τῆς
989 2090 1204 2166 αἰτίας
1241 2087 1433 2174 μέχρι
1468 2098 1591 2154 τοῦ
1626 2098 1757 2154 νῦν
1777 2084 2165 2173 Ἐλευθερο-

233 2194 485 2269 κίλικας
529 2197 897 2258 καλεῖσθαι.
991 2198 1526 2278 καταπολεμῆσαι
1574 2191 1636 2258 δ’
1672 2193 1883 2276 αὐτὴν
1926 2190 2038 2258 καὶ
2082 2194 2163 2258 τὰ
2201 2216 2235 2264 5

233 2296 384 2385 περὶ
429 2301 547 2365 τὸν
602 2303 870 2385 Ταῦρον
918 2299 1119 2384 ἔθνη,
1165 2299 1462 2385 διάφορα
1506 2309 1650 2378 ταῖς
1704 2299 1936 2376 ἀλκαῖς
1982 2301 2164 2382 ὄντα,

233 2402 343 2470 καὶ
395 2406 506 2470 διὰ
558 2407 858 2492 Φρυγίας
917 2412 1037 2488 τῆς
1082 2406 1372 2489 μεγάλης
1425 2402 1533 2471 ἐπὶ
1576 2406 1917 2471 θάλατταν
1969 2427 2167 2471 κατα-

155 2531 211 2572 20
236 2514 463 2595 βῆναι·
511 2509 658 2595 ἑξῆς
694 2509 767 2577 δὲ
810 2513 937 2596 τὴν
977 2513 1528 2598 παραθαλάττιον
1573 2513 1797 2600 χώραν
1832 2529 2167 2599 προσαγα-

234 2615 529 2702 γομένην
583 2618 783 2705 ὅρους
838 2617 1095 2684 θέσθαι
1163 2627 1279 2704 τῆς
1334 2622 1679 2706 στρατείας
1735 2622 1857 2686 τὸν
1908 2620 2166 2686 Κάικον

233 2726 549 2808 ποταμόν.
655 2732 771 2807 τῆς
838 2721 912 2789 δὲ
988 2726 1385 2810 δορικτήτου
1448 2727 1666 2813 χώρας
1728 2725 2167 2812 ἐκλεξαμένην
2215 2751 2247 2799 6

233 2832 391 2907 τοὺς
444 2827 768 2907 εὐθέτους
822 2832 1069 2908 τόπους
1126 2834 1221 2909 εἰς
1280 2835 1545 2900 πόλεων
1596 2835 1840 2911 κτίσεις
1905 2833 2167 2900 οἰκοδο-

234 2945 440 3022 μῆσαι
493 2937 765 3013 πλείους
807 2939 1062 3020 πόλεις,
1125 2935 1236 3002 καὶ
1279 2938 1541 3005 τούτων
1594 2938 1956 3024 ὁμώνυμον
2004 2941 2165 3022 μίαν

154 3060 206 3103 2⁵
235 3040 435 3128 ἑαυτῇ
481 3044 722 3126 κτίσαι,
768 3044 885 3121 τὰς
932 3038 1001 3108 δ’
1049 3045 1252 3121 ἄλλας
1297 3044 1425 3110 ἀπὸ
1470 3055 1607 3110 τῶν
1650 3046 1766 3122 τὰς
1808 3045 2168 3127 ἡγεμονίας
2262 3075 2269 3078 „

234 3151 349 3226 τὰς
394 3150 707 3234 μεγίστας
752 3148 1053 3234 ἐχουσῶν
1063 3197 1083 3233 ,
1130 3150 1404 3235 Κύμην,
1453 3151 1791 3232 Πιτάναν,
1835 3151 2163 3233 Πριήνην.

380 3383 412 3432 2
451 3376 598 3447 τὴν.
676 3375 924 3448 ,στήλην
962 3379 1016 3434 ΙΙ
1137 3383 1170 3434 8
1207 3398 1266 3434 τε
1308 3395 1418 3435 om.
1454 3378 1503 3433 D
1636 3383 1701 3432 12
1740 3369 1932 3430 αὐτων
1968 3390 2076 3430 om.
2115 3374 2163 3427 D

237 3453 309 3504 20
365 3448 797 3536 προσαγομένην
844 3448 893 3503 D
1076 3454 1145 3505 22
1214 3446 1563 3538 δορυκτήτου
1608 3449 1760 3517 vulg.
1942 3451 2010 3500 26
2065 3463 2168 3507 τας

236 3534 348 3573 om.
386 3516 437 3571 D
582 3516 841 3590 Πιτάνην
886 3520 1107 3577 codices
1252 3517 1536 3591 Πριήνην]
1574 3519 1840 3589 κρίνειαν
1886 3516 1948 3587 F,
1994 3534 2169 3585 πρετ·

237 3608 343 3643 ταν
313 3589 444 3644 νίαν
481 3608 595 3660 πρι·
636 3591 712 3658 D,
757 3594 1100 3664 πρεττανίαν
1147 3593 1359 3662 πρίμην
1395 3592 1461 3645 Α.

347 3688 508 3730 Dtnoo
511 3689 670 3731 stul
1777 3680 1846 3729 23
