2569 4061
982 291 1059 345 1V
1098 296 1183 347 63.
1224 296 1308 345 64.
1351 296 1435 346 65.
2044 290 2179 356 499

254 456 494 538 βολήν,
524 453 943 540 ἐπεχείρησεν
972 452 1379 539 ἐπερωτῆσαι
1407 454 1534 537 τὴν
1561 456 1841 520 Πυθίαν
1868 452 2020 539 περὶ
2049 464 2183 518 τῶν

250 554 400 625 κατ’·
442 558 767 643 ἀλήθειαν
801 557 1078 642 γονέων.
1149 560 1314 623 κατὰ
1353 554 1426 622 δὲ
1462 558 1587 641 τὴν
1619 561 1890 625 Φωκίδα
1924 561 2183 626 τούτων

255 665 570 749 ἀλλήλοις
626 665 1171 749 ἀπαντησάντων,
1230 663 1266 730 ὁ
1314 659 1437 749 μὲν
1483 664 1695 741 Λάιος
1737 665 2183 752 ὑπερηφάνως

254 771 573 860 ἐκχωρεῖν
616 782 731 858 τῆς
777 773 944 838 ὁδοῦ
988 769 1453 857 προσέταττεν,
1500 770 1536 837 ὁ
1585 769 1645 834 δ’
1702 772 2024 848 Οἰδίπους
2071 774 2182 857 ὀρ-

193 903 223 943 5
254 877 520 963 γισθεὶς
566 878 903 945 ἀπέκτεινε
940 879 1060 943 τὸν
1096 878 1338 961 Λάιον,
1386 877 1652 961 ἀγνοῶν
1698 878 1800 943 ὅτι
1844 879 2058 963 πατὴρ
2096 874 2182 961 ἧν

255 985 484 1053 αὐτοῦ.
576 982 733 1052 καθ’
789 985 870 1050 ὃν
929 985 1012 1068 δὴ
1071 986 1321 1069 χρόνον
1381 990 1845 1068 μυθολογοῦσι
1905 985 2179 1069 σφίγγα,
2218 1008 2254 1056 3

253 1093 597 1179 δίμορφον
658 1093 939 1177 θηρίον,
1003 1089 1553 1177 παραγενομένην
1617 1093 1712 1168 εἰς
1773 1092 1889 1168 τὰς
1955 1092 2181 1175 Θήβας

253 1204 531 1282 αἴνιγμα
576 1193 969 1282 προτιθέναι
1014 1204 1106 1285 τῷ
1164 1193 1516 1285 δυναμένῳ
1574 1201 1802 1280 λῦσαι,
1856 1194 1966 1262 καὶ
2021 1200 2180 1261 πολ-

254 1308 416 1382 λοὺς
461 1301 574 1368 ὑπ’
629 1303 830 1387 αὐτῆς
877 1297 966 1367 δι’
1019 1301 1305 1386 ἀπορίαν
1350 1302 1792 1389 ἀναιρεῖσθαι.
1866 1308 2180 1389 προτιθε-

169 1427 225 1467 10
253 1409 465 1494 μένου
514 1405 586 1475 δὲ
633 1408 935 1474 ἐπάθλου
971 1410 1465 1492 φιλανθρώπου
1499 1417 1591 1496 τῷ
1629 1411 1906 1475 λύσαντι
1943 1420 2180 1494 γαμεῖν

252 1516 380 1598 τὴν
433 1511 773 1597 Ἰοκάστην
835 1512 946 1579 καὶ
1004 1516 1385 1597 βασιλεύειν
1447 1524 1582 1578 τῶν
1644 1518 1908 1598 Θηβῶν,
1973 1517 2180 1580 ἄλλον

253 1618 379 1706 μὲν
442 1619 698 1706 μηδένα
763 1621 1102 1686 δύνασθαι
1174 1631 1428 1703 γνῶναι
1491 1621 1567 1684 τὸ
1630 1617 2177 1706 προτεθειμένον,

253 1730 467 1812 μόνον
528 1724 602 1793 δὲ
661 1728 991 1793 Οἰδίπουν
1048 1731 1249 1792 λῦσαι
1306 1726 1382 1790 τὸ
1443 1731 1733 1810 αἴνιγμα.
1823 1721 1910 1809 ἧν
1971 1722 2043 1790 δὲ
2101 1728 2175 1792 τὸ

252 1831 585 1917 προτεθὲν
630 1833 760 1898 ὑπὸ
805 1842 922 1917 τῆς
968 1835 1271 1917 σφιγγός,
1317 1835 1390 1897 τί
1420 1830 1558 1898 ἐστι
1595 1832 1670 1897 τὸ
1707 1831 1870 1898 αὐτὸ
1912 1834 2175 1918 δίπουν,

173 1960 224 2001 15
254 1943 561 2028 τρίπουν,
617 1941 1004 2026 τετράπουν.
1097 1936 1579 2024 ἀπορουμένων
1635 1936 1708 2005 δὲ
1760 1950 1897 2004 τῶν
1957 1941 2178 2007 ἄλλων
2214 1962 2249 2012 4

255 2048 292 2113 ὁ
333 2050 657 2125 Οἰδίπους
703 2047 1088 2132 ἀπεφήνατο
1134 2047 1504 2132 ἄνθρωπον
1548 2042 1719 2112 εἶναι
1764 2048 1839 2112 τὸ
1886 2050 2177 2134 προβλη-

254 2152 406 2218 θέν·
461 2158 707 2238 νήπιον
760 2150 884 2238 μὲν
937 2155 1066 2241 γὰρ
1122 2153 1330 2219 αὐτὸν
1374 2153 1762 2240 ὑπάρχοντα
1805 2155 2177 2241 τετράπουν

256 2253 448 2342 εἶναι,
496 2259 871 2343 αὐξήσαντα
911 2257 984 2326 δὲ
1024 2261 1291 2344 δίπουν,
1338 2260 1721 2347 γηράσαντα
1760 2256 1832 2326 δὲ
1868 2264 2175 2346 τρίπουν,

255 2367 576 2451 βακτηρίᾳ
639 2367 985 2452 χρώμενον
1051 2367 1162 2431 διὰ
1223 2366 1349 2450 τὴν
1413 2365 1789 2432 ἀσθένειαν.
1880 2365 2175 2432 ἐνταῦθα

179 2489 231 2529 20
255 2471 377 2553 τὴν
424 2467 545 2555 μὲν
592 2473 844 2554 σφίγγα
879 2474 1044 2538 κατὰ
1080 2473 1199 2539 τὸν
1237 2474 1838 2557 μυθολογούμενον
1874 2473 2176 2558 χρησμὸν

257 2575 499 2662 ἑαυτὴν
561 2581 1112 2663 κατακρημνίσαι,
1176 2580 1296 2644 τὸν
1362 2577 1425 2644 δ’
1485 2580 1814 2644 Οἰδίπουν
1874 2581 2176 2663 γήμαντα

253 2685 373 2767 τὴν
419 2682 884 2768 ἀγνοουμένην
927 2682 1047 2770 ὑφ’
1101 2683 1343 2751 ἑαυτοῦ
1388 2683 1638 2772 μητέρα
1683 2693 2000 2769 γεννῆσαι
2049 2686 2173 2751 δύο

253 2787 373 2875 μὲν
418 2791 611 2868 υἱοὺς
650 2785 988 2856 Ἐτεοκλέα
1023 2789 1133 2856 καὶ
1172 2795 1619 2876 Πολυνείκην,
1668 2793 1792 2857 δύο
1841 2789 1916 2857 δὲ
1961 2798 2174 2876 θυγα-

253 2895 441 2983 τέρας
480 2893 871 2981 Ἀντιγόνην
906 2895 1014 2962 καὶ
1046 2895 1376 2982 Ἰσμήνην.
1447 2909 1583 2964 τῶν
1621 2896 1682 2963 δ’
1716 2898 1886 2963 υἱῶν
1916 2897 2172 2981 ἀνδρω-
2192 2898 2279 2963 65

180 3019 229 3061 26
253 3000 535 3086 θέντων,
580 3000 692 3068 καὶ
737 3012 873 3068 τῶν
917 3001 1070 3089 περὶ
1112 3004 1237 3087 τὴν
1275 3005 1495 3069 οἰκίαν
1533 3003 1965 3087 ἀσεβημάτων
2002 3025 2173 3083 γνω-

255 3108 580 3193 σθέντων,
633 3110 753 3174 τὸν
807 3104 928 3194 μὲν
987 3110 1319 3176 Οἰδίπουν
1373 3110 1503 3176 ὑπὸ
1559 3120 1694 3174 τῶν
1746 3109 1915 3173 υίῶν
1970 3110 2172 3173 ἔνδον

255 3215 475 3301 μένειν
536 3216 1045 3301 ἀναγκασθῆναι
1107 3216 1217 3281 διὰ
1275 3217 1399 3299 τὴν
1465 3216 1809 3300 αἰσχύνην,
1873 3216 2031 3291 τοὺς
2096 3210 2171 3279 δὲ

431 3415 498 3463 10
556 3404 815 3465 ἐπάθλου
874 3425 982 3463 om.
1020 3408 1069 3462 D
1253 3414 1319 3462 12
1376 3403 1822 3479 προτεθειμένον
1868 3436 1932 3446 --
1974 3396 2046 3473 ἦν
2102 3403 2167 3462 δὲ

255 3496 358 3535 om.
396 3479 446 3533 D
631 3485 697 3535 15
744 3480 1006 3551 τρίπουν]
1055 3479 1152 3534 καὶ
1197 3480 1326 3536 add.
1374 3480 1525 3549 vulg.
1708 3483 1774 3532 23
1824 3475 1929 3548 μὲν
1977 3472 2082 3530 δύο
2118 3476 2168 3530 D

253 3552 560 3619 πολυνίκην
601 3550 691 3605 OD
730 3551 817 3620 (ut
852 3551 1037 3620 infra).

1735 3637 1846 3692 32*
