<?xml version="1.0" encoding="UTF-8"?>
<!DOCTYPE html PUBLIC "-//W3C//DTD XHTML 1.0 Transitional//EN"
    "http://www.w3.org/TR/xhtml1/DTD/xhtml1-transitional.dtd">
<html xmlns="http://www.w3.org/1999/xhtml" xml:lang="en" lang="en">
 <head>
  <title>
</title>
<meta http-equiv="Content-Type" content="text/html;charset=utf-8" />
  <meta name='ocr-system' content='tesseract 3.04.00' />
  <meta name='ocr-capabilities' content='ocr_page ocr_carea ocr_par ocr_line ocrx_word'/>
</head>
<body>
  <div class='ocr_page' id='page_1' title='image "./diodoribiblioth02dindgoog/diodoribiblioth02dindgoog_0452.png"; bbox 0 0 2569 4061; ppageno 0'>
   <div class='ocr_carea' id='block_1_1' title="bbox 394 295 1637 364">
    <p class='ocr_par' dir='ltr' id='par_1_1' title="bbox 394 295 1637 364">
     <span class='ocr_line' id='line_1_1' title="bbox 394 295 1637 364; baseline -0.001 -13"><span class='ocrx_word' id='word_1_1' title='bbox 394 298 525 364; x_wconf 82' lang='grc'><strong><em>352</em></strong></span> <span class='ocrx_word' id='word_1_2' title='bbox 1058 295 1367 353; x_wconf 88' lang='lat' dir='ltr'>DIODORI</span> <span class='ocrx_word' id='word_1_3' title='bbox 1404 295 1637 352; x_wconf 84' lang='lat' dir='ltr'>SICULI</span> 
     </span>
    </p>
   </div>
   <div class='ocr_carea' id='block_1_2' title="bbox 301 457 2430 3213">
    <p class='ocr_par' dir='ltr' id='par_1_2' title="bbox 390 457 2407 1718">
     <span class='ocr_line' id='line_1_2' title="bbox 394 457 2323 546; baseline -0.002 -18"><span class='ocrx_word' id='word_1_4' title='bbox 394 462 524 528; x_wconf 85' lang='grc' dir='ltr'><strong><em>ὑπὸ</em></strong></span> <span class='ocrx_word' id='word_1_5' title='bbox 583 471 717 525; x_wconf 89' lang='grc' dir='ltr'><strong><em>τῶν</em></strong></span> <span class='ocrx_word' id='word_1_6' title='bbox 772 457 1279 545; x_wconf 80' lang='grc' dir='ltr'><strong><em>ὀνομαζομένων</em></strong></span> <span class='ocrx_word' id='word_1_7' title='bbox 1327 463 1714 546; x_wconf 75' lang='grc' dir='ltr'><strong><em>Γοργόνων,</em></strong></span> <span class='ocrx_word' id='word_1_8' title='bbox 1764 459 1989 525; x_wconf 80' lang='grc' dir='ltr'><strong><em>οὐσῶν</em></strong></span> <span class='ocrx_word' id='word_1_9' title='bbox 2044 464 2323 543; x_wconf 87' lang='grc' dir='ltr'><strong><em>πλησιο-</em></strong></span> 
     </span>
     <span class='ocr_line' id='line_1_3' title="bbox 395 563 2323 652; baseline -0.001 -19"><span class='ocrx_word' id='word_1_10' title='bbox 395 569 665 652; x_wconf 83' lang='grc' dir='ltr'><strong><em>χώρων,</em></strong></span> <span class='ocrx_word' id='word_1_11' title='bbox 710 563 823 631; x_wconf 79' lang='grc' dir='ltr'><strong><em>καὶ</em></strong></span> <span class='ocrx_word' id='word_1_12' title='bbox 867 567 942 631; x_wconf 89' lang='grc' dir='ltr'><strong><em>τὸ</em></strong></span> <span class='ocrx_word' id='word_1_13' title='bbox 990 566 1282 631; x_wconf 88' lang='grc' dir='ltr'><strong><em>σύνολον</em></strong></span> <span class='ocrx_word' id='word_1_14' title='bbox 1329 566 1620 651; x_wconf 81' lang='grc' dir='ltr'><strong><em>ἔφεδρον</em></strong></span> <span class='ocrx_word' id='word_1_15' title='bbox 1665 565 1953 648; x_wconf 85' lang='grc' dir='ltr'><strong><em>ἐχόντων</em></strong></span> <span class='ocrx_word' id='word_1_16' title='bbox 1997 574 2196 631; x_wconf 87' lang='grc' dir='ltr'><strong><em>τοῦτο</em></strong></span> <span class='ocrx_word' id='word_1_17' title='bbox 2242 567 2323 632; x_wconf 86' lang='grc' dir='ltr'><strong><em>τὸ</em></strong></span> 
     </span>
     <span class='ocr_line' id='line_1_4' title="bbox 396 670 2325 757; baseline -0.001 -18"><span class='ocrx_word' id='word_1_18' title='bbox 396 676 626 757; x_wconf 81' lang='grc' dir='ltr'><strong><em>ἔθνος,</em></strong></span> <span class='ocrx_word' id='word_1_19' title='bbox 692 670 903 757; x_wconf 85' lang='grc' dir='ltr'><strong><em>φασὶν</em></strong></span> <span class='ocrx_word' id='word_1_20' title='bbox 968 671 1373 752; x_wconf 79' lang='grc' dir='ltr'><strong><em>ἀξιωθεῖσαν</em></strong></span> <span class='ocrx_word' id='word_1_21' title='bbox 1429 672 1553 755; x_wconf 86' lang='grc' dir='ltr'><strong><em>τὴν</em></strong></span> <span class='ocrx_word' id='word_1_22' title='bbox 1607 672 1929 757; x_wconf 87' lang='grc' dir='ltr'><strong><em>Μύριναν</em></strong></span> <span class='ocrx_word' id='word_1_23' title='bbox 1989 672 2119 737; x_wconf 82' lang='grc' dir='ltr'><strong><em>ὑπὸ</em></strong></span> <span class='ocrx_word' id='word_1_24' title='bbox 2183 682 2325 738; x_wconf 87' lang='grc' dir='ltr'><strong><em>τῶν</em></strong></span> 
     </span>
     <span class='ocr_line' id='line_1_5' title="bbox 390 778 2322 865; baseline 0 -21"><span class='ocrx_word' id='word_1_25' title='bbox 390 778 788 846; x_wconf 80' lang='grc' dir='ltr'><strong><em>Ἀτλαντίων</em></strong></span> <span class='ocrx_word' id='word_1_26' title='bbox 847 779 1158 865; x_wconf 80' lang='grc' dir='ltr'><strong><em>ἐμβαλεῖν</em></strong></span> <span class='ocrx_word' id='word_1_27' title='bbox 1214 780 1309 855; x_wconf 86' lang='grc' dir='ltr'><strong><em>εἰς</em></strong></span> <span class='ocrx_word' id='word_1_28' title='bbox 1362 778 1484 861; x_wconf 84' lang='grc' dir='ltr'><strong><em>τὴν</em></strong></span> <span class='ocrx_word' id='word_1_29' title='bbox 1539 779 1764 864; x_wconf 83' lang='grc' dir='ltr'><strong><em>χώραν</em></strong></span> <span class='ocrx_word' id='word_1_30' title='bbox 1820 788 1955 844; x_wconf 89' lang='grc' dir='ltr'><strong><em>τῶν</em></strong></span> <span class='ocrx_word' id='word_1_31' title='bbox 2007 799 2322 864; x_wconf 80' lang='grc' dir='ltr'><strong><em>προειρη-</em></strong></span> 
     </span>
     <span class='ocr_line' id='line_1_6' title="bbox 396 881 2370 972; baseline -0.005 -19"><span class='ocrx_word' id='word_1_32' title='bbox 396 885 634 972; x_wconf 80' lang='grc' dir='ltr'><strong><em>μένων.</em></strong></span> <span class='ocrx_word' id='word_1_33' title='bbox 702 884 1234 970; x_wconf 79' lang='grc' dir='ltr'><strong><em>ἀντιταξαμένων</em></strong></span> <span class='ocrx_word' id='word_1_34' title='bbox 1281 881 1356 950; x_wconf 73' lang='grc' dir='ltr'><strong><em>δὲ</em></strong></span> <span class='ocrx_word' id='word_1_35' title='bbox 1400 895 1535 950; x_wconf 88' lang='grc' dir='ltr'><strong><em>τῶν</em></strong></span> <span class='ocrx_word' id='word_1_36' title='bbox 1583 886 1944 969; x_wconf 77' lang='grc' dir='ltr'><strong><em>Γοργόνων</em></strong></span> <span class='ocrx_word' id='word_1_37' title='bbox 1991 883 2314 967; x_wconf 83' lang='grc' dir='ltr'><strong><em>γενέσθαι</em></strong></span> <span class='ocrx_word' id='word_1_38' title='bbox 2341 902 2370 944; x_wconf 77' lang='lat'><strong>5</strong></span> 
     </span>
     <span class='ocr_line' id='line_1_7' title="bbox 396 988 2321 1079; baseline -0.002 -20"><span class='ocrx_word' id='word_1_39' title='bbox 396 995 727 1079; x_wconf 80' lang='grc' dir='ltr'><strong><em>καρτερὰν</em></strong></span> <span class='ocrx_word' id='word_1_40' title='bbox 780 993 1033 1077; x_wconf 89' lang='grc' dir='ltr'><strong><em>μάχην,</em></strong></span> <span class='ocrx_word' id='word_1_41' title='bbox 1091 988 1203 1057; x_wconf 88' lang='grc' dir='ltr'><strong><em>καὶ</em></strong></span> <span class='ocrx_word' id='word_1_42' title='bbox 1256 993 1374 1068; x_wconf 83' lang='grc' dir='ltr'><strong><em>τὰς</em></strong></span> <span class='ocrx_word' id='word_1_43' title='bbox 1411 988 1770 1076; x_wconf 80' lang='grc' dir='ltr'><strong><em>Ἀμαζόνας</em></strong></span> <span class='ocrx_word' id='word_1_44' title='bbox 1827 988 1935 1057; x_wconf 84' lang='grc' dir='ltr'><strong><em>ἐπὶ</em></strong></span> <span class='ocrx_word' id='word_1_45' title='bbox 1988 1000 2111 1057; x_wconf 83' lang='grc' dir='ltr'><strong><em>τοῦ</em></strong></span> <span class='ocrx_word' id='word_1_46' title='bbox 2163 1013 2321 1079; x_wconf 78' lang='grc' dir='ltr'><strong><em>προ-</em></strong></span> 
     </span>
     <span class='ocr_line' id='line_1_8' title="bbox 397 1094 2322 1187; baseline -0.001 -22"><span class='ocrx_word' id='word_1_47' title='bbox 397 1103 763 1187; x_wconf 81' lang='grc' dir='ltr'><strong><em>τερήματος</em></strong></span> <span class='ocrx_word' id='word_1_48' title='bbox 788 1096 1151 1182; x_wconf 78' lang='grc' dir='ltr'><strong><em>γενομένας</em></strong></span> <span class='ocrx_word' id='word_1_49' title='bbox 1187 1097 1449 1163; x_wconf 79' lang='grc' dir='ltr'><strong><em>ἀνελεῖν</em></strong></span> <span class='ocrx_word' id='word_1_50' title='bbox 1476 1094 1600 1182; x_wconf 71' lang='grc' dir='ltr'><strong><em>μὲν</em></strong></span> <span class='ocrx_word' id='word_1_51' title='bbox 1632 1107 1769 1163; x_wconf 91' lang='grc' dir='ltr'><strong><em>τῶν</em></strong></span> <span class='ocrx_word' id='word_1_52' title='bbox 1797 1097 2322 1183; x_wconf 72' lang='grc' dir='ltr'><strong><em>ἀντιταχθεισῶν</em></strong></span> 
     </span>
     <span class='ocr_line' id='line_1_9' title="bbox 399 1202 2320 1291; baseline -0.002 -18"><span class='ocrx_word' id='word_1_53' title='bbox 399 1211 841 1290; x_wconf 82' lang='grc' dir='ltr'><strong><em>παμπληθεῖς,</em></strong></span> <span class='ocrx_word' id='word_1_54' title='bbox 890 1209 1222 1289; x_wconf 82' lang='grc' dir='ltr'><strong><em>ζωγρῆσαι</em></strong></span> <span class='ocrx_word' id='word_1_55' title='bbox 1268 1202 1331 1269; x_wconf 86' lang='grc' dir='ltr'><strong><em>δ’</em></strong></span> <span class='ocrx_word' id='word_1_56' title='bbox 1385 1204 1510 1270; x_wconf 83' lang='grc' dir='ltr'><strong><em>οὐκ</em></strong></span> <span class='ocrx_word' id='word_1_57' title='bbox 1556 1204 1867 1282; x_wconf 79' lang='grc' dir='ltr'><strong><em>ἐλάττους</em></strong></span> <span class='ocrx_word' id='word_1_58' title='bbox 1910 1207 2320 1291; x_wconf 85' lang='grc' dir='ltr'><strong><em>τρισχιλίων·</em></strong></span> 
     </span>
     <span class='ocr_line' id='line_1_10' title="bbox 397 1305 2323 1397; baseline 0.001 -21"><span class='ocrx_word' id='word_1_59' title='bbox 397 1323 536 1376; x_wconf 82' lang='grc' dir='ltr'><strong><em>τῶν</em></strong></span> <span class='ocrx_word' id='word_1_60' title='bbox 574 1305 636 1376; x_wconf 87' lang='grc' dir='ltr'><strong><em>δ’</em></strong></span> <span class='ocrx_word' id='word_1_61' title='bbox 659 1313 883 1376; x_wconf 76' lang='grc' dir='ltr'><strong><em>ἄλλων</em></strong></span> <span class='ocrx_word' id='word_1_62' title='bbox 920 1317 1015 1387; x_wconf 79' lang='grc' dir='ltr'><strong><em>εἴς</em></strong></span> <span class='ocrx_word' id='word_1_63' title='bbox 1041 1334 1192 1376; x_wconf 88' lang='grc' dir='ltr'><strong><em>τινα</em></strong></span> <span class='ocrx_word' id='word_1_64' title='bbox 1232 1311 1551 1397; x_wconf 78' lang='grc' dir='ltr'><strong><em>δρυμώδη</em></strong></span> <span class='ocrx_word' id='word_1_65' title='bbox 1578 1314 1788 1377; x_wconf 89' lang='grc' dir='ltr'><strong><em>τόπον</em></strong></span> <span class='ocrx_word' id='word_1_66' title='bbox 1818 1323 2323 1397; x_wconf 78' lang='grc' dir='ltr'><strong><em>συμφυγουσῶν</em></strong></span> 
     </span>
     <span class='ocr_line' id='line_1_11' title="bbox 399 1414 2407 1504; baseline 0.001 -22"><span class='ocrx_word' id='word_1_67' title='bbox 399 1415 837 1501; x_wconf 80' lang='grc' dir='ltr'><strong><em>ἐπιβαλέσθαι</em></strong></span> <span class='ocrx_word' id='word_1_68' title='bbox 882 1414 1005 1502; x_wconf 72' lang='grc' dir='ltr'><strong><em>μὲν</em></strong></span> <span class='ocrx_word' id='word_1_69' title='bbox 1050 1417 1174 1500; x_wconf 84' lang='grc' dir='ltr'><strong><em>τὴν</em></strong></span> <span class='ocrx_word' id='word_1_70' title='bbox 1218 1418 1541 1504; x_wconf 88' lang='grc' dir='ltr'><strong><em>Μύριναν</em></strong></span> <span class='ocrx_word' id='word_1_71' title='bbox 1585 1415 1914 1503; x_wconf 86' lang='grc' dir='ltr'><strong><em>ἐμπρῆσαι</em></strong></span> <span class='ocrx_word' id='word_1_72' title='bbox 1958 1418 2082 1501; x_wconf 83' lang='grc' dir='ltr'><strong><em>τὴν</em></strong></span> <span class='ocrx_word' id='word_1_73' title='bbox 2126 1418 2322 1503; x_wconf 79' lang='grc' dir='ltr'><strong><em>ὕλην,</em></strong></span> <span class='ocrx_word' id='word_1_74' title='bbox 2351 1445 2407 1484; x_wconf 82' lang='grc' dir='ltr'><strong><em>ιο</em></strong></span> 
     </span>
     <span class='ocr_line' id='line_1_12' title="bbox 399 1523 2322 1609; baseline 0.001 -20"><span class='ocrx_word' id='word_1_75' title='bbox 399 1524 829 1589; x_wconf 80' lang='grc' dir='ltr'><strong><em>σπεύδουσαν</em></strong></span> <span class='ocrx_word' id='word_1_76' title='bbox 866 1525 1082 1609; x_wconf 77' lang='grc' dir='ltr'><strong><em>ἄρδην</em></strong></span> <span class='ocrx_word' id='word_1_77' title='bbox 1120 1523 1382 1590; x_wconf 80' lang='grc' dir='ltr'><strong><em>ἀνελεῖν</em></strong></span> <span class='ocrx_word' id='word_1_78' title='bbox 1417 1527 1493 1590; x_wconf 89' lang='grc' dir='ltr'><strong><em>τὸ</em></strong></span> <span class='ocrx_word' id='word_1_79' title='bbox 1531 1526 1756 1607; x_wconf 82' lang='grc' dir='ltr'><strong><em>ἔθνος,</em></strong></span> <span class='ocrx_word' id='word_1_80' title='bbox 1795 1524 1878 1589; x_wconf 93' lang='grc' dir='ltr'><strong><em>οὐ</em></strong></span> <span class='ocrx_word' id='word_1_81' title='bbox 1907 1525 2322 1608; x_wconf 81' lang='grc' dir='ltr'><strong><em>δυνηθεῖσαν</em></strong></span> 
     </span>
     <span class='ocr_line' id='line_1_13' title="bbox 403 1626 2324 1718; baseline 0.001 -22"><span class='ocrx_word' id='word_1_82' title='bbox 403 1626 478 1696; x_wconf 76' lang='grc' dir='ltr'><strong><em>δὲ</em></strong></span> <span class='ocrx_word' id='word_1_83' title='bbox 504 1639 827 1718; x_wconf 86' lang='grc' dir='ltr'><strong><em>κρατῆσαι</em></strong></span> <span class='ocrx_word' id='word_1_84' title='bbox 863 1639 979 1714; x_wconf 86' lang='grc' dir='ltr'><strong><em>τῆς</em></strong></span> <span class='ocrx_word' id='word_1_85' title='bbox 1013 1629 1326 1714; x_wconf 82' lang='grc' dir='ltr'><strong><em>ἐπιβολῆς</em></strong></span> <span class='ocrx_word' id='word_1_86' title='bbox 1363 1629 1759 1696; x_wconf 77' lang='grc' dir='ltr'><strong><em>ἐπανελθεῖν</em></strong></span> <span class='ocrx_word' id='word_1_87' title='bbox 1786 1629 1893 1696; x_wconf 84' lang='grc' dir='ltr'><strong><em>ἐπὶ</em></strong></span> <span class='ocrx_word' id='word_1_88' title='bbox 1928 1634 2085 1708; x_wconf 84' lang='grc' dir='ltr'><strong><em>τοὺς</em></strong></span> <span class='ocrx_word' id='word_1_89' title='bbox 2110 1633 2324 1718; x_wconf 69' lang='grc' dir='ltr'><strong><em>’ὅρους</em></strong></span> 
     </span>
    </p>

    <p class='ocr_par' dir='ltr' id='par_1_3' title="bbox 301 1735 2430 2252">
     <span class='ocr_line' id='line_1_14' title="bbox 301 1735 2323 1824; baseline 0 -21"><span class='ocrx_word' id='word_1_90' title='bbox 301 1737 388 1803; x_wconf 82' lang='lat'><strong><em>55</em></strong></span> <span class='ocrx_word' id='word_1_91' title='bbox 407 1747 521 1822; x_wconf 89' lang='grc' dir='ltr'><strong><em>τῆς</em></strong></span> <span class='ocrx_word' id='word_1_92' title='bbox 567 1739 801 1824; x_wconf 82' lang='grc' dir='ltr'><strong><em>χώρας.</em></strong></span> <span class='ocrx_word' id='word_1_93' title='bbox 891 1749 1027 1802; x_wconf 89' lang='grc' dir='ltr'><strong><em>τῶν</em></strong></span> <span class='ocrx_word' id='word_1_94' title='bbox 1074 1735 1136 1802; x_wconf 89' lang='grc' dir='ltr'><strong><em>δ’</em></strong></span> <span class='ocrx_word' id='word_1_95' title='bbox 1182 1736 1560 1821; x_wconf 82' lang='grc' dir='ltr'><strong><em>Ἀμαζόνων</em></strong></span> <span class='ocrx_word' id='word_1_96' title='bbox 1603 1739 1843 1814; x_wconf 89' lang='grc' dir='ltr'><strong><em>νυκτὸς</em></strong></span> <span class='ocrx_word' id='word_1_97' title='bbox 1885 1738 1968 1802; x_wconf 74' lang='grc' dir='ltr'><strong><em>τὰ</em></strong></span> <span class='ocrx_word' id='word_1_98' title='bbox 2011 1736 2160 1824; x_wconf 82' lang='grc' dir='ltr'><strong><em>περὶ</em></strong></span> <span class='ocrx_word' id='word_1_99' title='bbox 2206 1740 2323 1815; x_wconf 82' lang='grc' dir='ltr'><strong><em>τὰς</em></strong></span> 
     </span>
     <span class='ocr_line' id='line_1_15' title="bbox 403 1842 2321 1931; baseline -0.001 -21"><span class='ocrx_word' id='word_1_100' title='bbox 403 1847 712 1928; x_wconf 82' lang='grc' dir='ltr'><strong><em>φυλακὰς</em></strong></span> <span class='ocrx_word' id='word_1_101' title='bbox 775 1844 1232 1931; x_wconf 76' lang='grc' dir='ltr'><strong><em>ῥᾳθυμουσῶν</em></strong></span> <span class='ocrx_word' id='word_1_102' title='bbox 1297 1844 1409 1908; x_wconf 78' lang='grc' dir='ltr'><strong><em>διὰ</em></strong></span> <span class='ocrx_word' id='word_1_103' title='bbox 1464 1844 1589 1927; x_wconf 83' lang='grc' dir='ltr'><strong><em>τὴν</em></strong></span> <span class='ocrx_word' id='word_1_104' title='bbox 1653 1844 2036 1931; x_wconf 85' lang='grc' dir='ltr'><strong><em>εὐημερίαν,</em></strong></span> <span class='ocrx_word' id='word_1_105' title='bbox 2095 1842 2321 1908; x_wconf 83' lang='grc' dir='ltr'><strong><em>ἐπιθε-</em></strong></span> 
     </span>
     <span class='ocr_line' id='line_1_16' title="bbox 399 1947 2406 2037; baseline -0.001 -20"><span class='ocrx_word' id='word_1_106' title='bbox 399 1951 610 2037; x_wconf 83' lang='grc' dir='ltr'><strong><em>μένας</em></strong></span> <span class='ocrx_word' id='word_1_107' title='bbox 654 1952 771 2027; x_wconf 78' lang='grc' dir='ltr'><strong><em>τὰς</em></strong></span> <span class='ocrx_word' id='word_1_108' title='bbox 817 1951 1332 2035; x_wconf 84' lang='grc' dir='ltr'><strong><em>αἰχμαλωτίδας,</em></strong></span> <span class='ocrx_word' id='word_1_109' title='bbox 1381 1948 1806 2035; x_wconf 86' lang='grc' dir='ltr'><strong><em>σπασαμένας</em></strong></span> <span class='ocrx_word' id='word_1_110' title='bbox 1857 1951 1936 2014; x_wconf 79' lang='grc' dir='ltr'><strong><em>τὰ</em></strong></span> <span class='ocrx_word' id='word_1_111' title='bbox 1979 1947 2134 2033; x_wconf 82' lang='grc' dir='ltr'><strong><em>ξίφη</em></strong></span> <span class='ocrx_word' id='word_1_112' title='bbox 2180 1959 2317 2014; x_wconf 88' lang='grc' dir='ltr'><strong><em>τῶν</em></strong></span> <span class='ocrx_word' id='word_1_113' title='bbox 2348 1975 2406 2015; x_wconf 82' lang='lat'><strong><em>15</em></strong></span> 
     </span>
     <span class='ocr_line' id='line_1_17' title="bbox 404 2052 2430 2144; baseline -0 -20"><span class='ocrx_word' id='word_1_114' title='bbox 404 2061 759 2124; x_wconf 84' lang='grc' dir='ltr'><strong><em>δοκουσῶν</em></strong></span> <span class='ocrx_word' id='word_1_115' title='bbox 813 2055 1283 2144; x_wconf 80' lang='grc' dir='ltr'><strong><em>κεκρατηκέναι</em></strong></span> <span class='ocrx_word' id='word_1_116' title='bbox 1344 2059 1592 2135; x_wconf 83' lang='grc' dir='ltr'><strong><em>πολλὰς</em></strong></span> <span class='ocrx_word' id='word_1_117' title='bbox 1654 2057 1941 2124; x_wconf 86' lang='grc' dir='ltr'><strong><em>ἀνελεῖν·</em></strong></span> <span class='ocrx_word' id='word_1_118' title='bbox 2002 2055 2189 2134; x_wconf 83' lang='grc' dir='ltr'><strong><em>τέλος</em></strong></span> <span class='ocrx_word' id='word_1_119' title='bbox 2245 2052 2430 2134; x_wconf 70' lang='grc' dir='ltr'><strong><em>δὲ223</em></strong></span> 
     </span>
     <span class='ocr_line' id='line_1_18' title="bbox 398 2163 2321 2252; baseline -0.001 -21"><span class='ocrx_word' id='word_1_120' title='bbox 398 2175 521 2231; x_wconf 85' lang='grc' dir='ltr'><strong><em>τοῦ</em></strong></span> <span class='ocrx_word' id='word_1_121' title='bbox 566 2170 874 2250; x_wconf 86' lang='grc' dir='ltr'><strong><em>πλήθους</em></strong></span> <span class='ocrx_word' id='word_1_122' title='bbox 919 2164 1123 2243; x_wconf 77' lang='grc' dir='ltr'><strong><em>αὐτὰς</em></strong></span> <span class='ocrx_word' id='word_1_123' title='bbox 1157 2166 1580 2249; x_wconf 85' lang='grc' dir='ltr'><strong><em>πανταχόθεν</em></strong></span> <span class='ocrx_word' id='word_1_124' title='bbox 1622 2163 2102 2252; x_wconf 89' lang='grc' dir='ltr'><strong><em>περιχυθέντος</em></strong></span> <span class='ocrx_word' id='word_1_125' title='bbox 2140 2164 2321 2249; x_wconf 85' lang='grc' dir='ltr'><strong><em>εὐγε-</em></strong></span> 
     </span>
    </p>

    <p class='ocr_par' dir='ltr' id='par_1_4' title="bbox 330 2267 2402 2678">
     <span class='ocr_line' id='line_1_19' title="bbox 330 2267 2322 2359; baseline -0.002 -17"><span class='ocrx_word' id='word_1_126' title='bbox 330 2294 361 2342; x_wconf 85' lang='lat'>2</span> <span class='ocrx_word' id='word_1_127' title='bbox 399 2283 534 2350; x_wconf 90' lang='grc' dir='ltr'><strong><em>νῶς</em></strong></span> <span class='ocrx_word' id='word_1_128' title='bbox 561 2270 935 2358; x_wconf 81' lang='grc' dir='ltr'><strong><em>μαχομένας</em></strong></span> <span class='ocrx_word' id='word_1_129' title='bbox 963 2272 1217 2349; x_wconf 80' lang='grc' dir='ltr'><strong><em>ἁπάσας</em></strong></span> <span class='ocrx_word' id='word_1_130' title='bbox 1242 2280 1711 2355; x_wconf 81' lang='grc' dir='ltr'><strong><em>κατακοπῆναι.</em></strong></span> <span class='ocrx_word' id='word_1_131' title='bbox 1755 2272 1879 2355; x_wconf 83' lang='grc' dir='ltr'><strong><em>τὴν</em></strong></span> <span class='ocrx_word' id='word_1_132' title='bbox 1909 2267 1984 2336; x_wconf 73' lang='grc' dir='ltr'><strong><em>δὲ</em></strong></span> <span class='ocrx_word' id='word_1_133' title='bbox 2001 2273 2322 2359; x_wconf 68' lang='grc' dir='ltr'><strong><em>Μύριναν</em></strong></span> 
     </span>
     <span class='ocr_line' id='line_1_20' title="bbox 401 2376 2321 2464; baseline -0.001 -19"><span class='ocrx_word' id='word_1_134' title='bbox 401 2382 727 2458; x_wconf 80' lang='grc' dir='ltr'><strong><em>θάψασαν</em></strong></span> <span class='ocrx_word' id='word_1_135' title='bbox 771 2381 888 2457; x_wconf 80' lang='grc' dir='ltr'><strong><em>τὰς</em></strong></span> <span class='ocrx_word' id='word_1_136' title='bbox 935 2379 1405 2464; x_wconf 87' lang='grc' dir='ltr'><strong><em>ἀναιρεθείσας</em></strong></span> <span class='ocrx_word' id='word_1_137' title='bbox 1438 2389 1575 2443; x_wconf 91' lang='grc' dir='ltr'><strong><em>τῶν</em></strong></span> <span class='ocrx_word' id='word_1_138' title='bbox 1619 2389 2213 2464; x_wconf 82' lang='grc' dir='ltr'><strong><em>συστρατευουσῶν</em></strong></span> <span class='ocrx_word' id='word_1_139' title='bbox 2248 2376 2321 2443; x_wconf 87' lang='grc' dir='ltr'><strong><em>ἐν</em></strong></span> 
     </span>
     <span class='ocr_line' id='line_1_21' title="bbox 402 2485 2402 2572; baseline -0.003 -20"><span class='ocrx_word' id='word_1_140' title='bbox 402 2486 582 2572; x_wconf 86' lang='grc' dir='ltr'><strong><em>τρισὶ</em></strong></span> <span class='ocrx_word' id='word_1_141' title='bbox 634 2495 877 2571; x_wconf 87' lang='grc' dir='ltr'><strong><em>πυραῖς</em></strong></span> <span class='ocrx_word' id='word_1_142' title='bbox 929 2486 1253 2571; x_wconf 89' lang='grc' dir='ltr'><strong><em>χωμάτων</em></strong></span> <span class='ocrx_word' id='word_1_143' title='bbox 1306 2486 1613 2569; x_wconf 86' lang='grc' dir='ltr'><strong><em>μεγάλων</em></strong></span> <span class='ocrx_word' id='word_1_144' title='bbox 1668 2485 2011 2569; x_wconf 82' lang='grc' dir='ltr'><strong><em>ἐπιστῆσαι</em></strong></span> <span class='ocrx_word' id='word_1_145' title='bbox 2067 2486 2322 2570; x_wconf 84' lang='grc' dir='ltr'><strong><em>τάφους</em></strong></span> <span class='ocrx_word' id='word_1_146' title='bbox 2347 2508 2402 2547; x_wconf 77' lang='lat'><strong><em>20</em></strong></span> 
     </span>
     <span class='ocr_line' id='line_1_22' title="bbox 405 2588 2322 2678; baseline 0.001 -22"><span class='ocrx_word' id='word_1_147' title='bbox 405 2602 604 2677; x_wconf 84' lang='grc' dir='ltr'><strong><em>τρεῖς,</em></strong></span> <span class='ocrx_word' id='word_1_148' title='bbox 653 2591 771 2668; x_wconf 79' lang='grc' dir='ltr'><strong><em>οὓς</em></strong></span> <span class='ocrx_word' id='word_1_149' title='bbox 816 2589 1005 2677; x_wconf 89' lang='grc' dir='ltr'><strong><em>μέχρι</em></strong></span> <span class='ocrx_word' id='word_1_150' title='bbox 1040 2598 1162 2656; x_wconf 85' lang='grc' dir='ltr'><strong><em>τοῦ</em></strong></span> <span class='ocrx_word' id='word_1_151' title='bbox 1205 2599 1338 2655; x_wconf 81' lang='grc' dir='ltr'><strong><em>νῦν</em></strong></span> <span class='ocrx_word' id='word_1_152' title='bbox 1365 2588 1742 2674; x_wconf 80' lang='grc' dir='ltr'><strong><em>Ἀμαζόνων</em></strong></span> <span class='ocrx_word' id='word_1_153' title='bbox 1788 2594 2048 2678; x_wconf 81' lang='grc' dir='ltr'><strong><em>σωροὺς</em></strong></span> <span class='ocrx_word' id='word_1_154' title='bbox 2082 2592 2322 2675; x_wconf 89' lang='grc' dir='ltr'><strong><em>ὀνομά-</em></strong></span> 
     </span>
    </p>

    <p class='ocr_par' dir='ltr' id='par_1_5' title="bbox 334 2693 2397 3213">
     <span class='ocr_line' id='line_1_23' title="bbox 334 2693 2323 2785; baseline -0.003 -18"><span class='ocrx_word' id='word_1_155' title='bbox 334 2719 366 2767; x_wconf 82' lang='grc'><strong>3</strong></span> <span class='ocrx_word' id='word_1_156' title='bbox 415 2701 661 2776; x_wconf 82' lang='grc' dir='ltr'><strong><em>ζεσθαι.</em></strong></span> <span class='ocrx_word' id='word_1_157' title='bbox 750 2697 867 2774; x_wconf 77' lang='grc' dir='ltr'><strong><em>τὰς</em></strong></span> <span class='ocrx_word' id='word_1_158' title='bbox 913 2693 987 2761; x_wconf 74' lang='grc' dir='ltr'><strong><em>δὲ</em></strong></span> <span class='ocrx_word' id='word_1_159' title='bbox 1034 2698 1377 2783; x_wconf 89' lang='grc' dir='ltr'><strong><em>Γοργόνας</em></strong></span> <span class='ocrx_word' id='word_1_160' title='bbox 1422 2697 1496 2762; x_wconf 85' lang='grc' dir='ltr'><strong><em>ἐν</em></strong></span> <span class='ocrx_word' id='word_1_161' title='bbox 1548 2707 1686 2775; x_wconf 89' lang='grc' dir='ltr'><strong><em>τοῖς</em></strong></span> <span class='ocrx_word' id='word_1_162' title='bbox 1730 2698 2014 2785; x_wconf 77' lang='grc' dir='ltr'><strong><em>ὕστερον</em></strong></span> <span class='ocrx_word' id='word_1_163' title='bbox 2058 2700 2323 2783; x_wconf 85' lang='grc' dir='ltr'><strong><em>χρόνοις</em></strong></span> 
     </span>
     <span class='ocr_line' id='line_1_24' title="bbox 406 2802 2322 2891; baseline 0.001 -22"><span class='ocrx_word' id='word_1_164' title='bbox 406 2802 809 2888; x_wconf 81' lang='grc' dir='ltr'><strong><em>αὐξηθείσας</em></strong></span> <span class='ocrx_word' id='word_1_165' title='bbox 871 2805 1073 2870; x_wconf 90' lang='grc' dir='ltr'><strong><em>πάλιν</em></strong></span> <span class='ocrx_word' id='word_1_166' title='bbox 1137 2803 1267 2869; x_wconf 84' lang='grc' dir='ltr'><strong><em>ὑπὸ</em></strong></span> <span class='ocrx_word' id='word_1_167' title='bbox 1336 2802 1647 2891; x_wconf 88' lang='grc' dir='ltr'><strong><em>Περσέως</em></strong></span> <span class='ocrx_word' id='word_1_168' title='bbox 1718 2814 1839 2870; x_wconf 83' lang='grc' dir='ltr'><strong><em>τοῦ</em></strong></span> <span class='ocrx_word' id='word_1_169' title='bbox 1901 2807 2070 2882; x_wconf 89' lang='grc' dir='ltr'><strong><em>Διὸς</em></strong></span> <span class='ocrx_word' id='word_1_170' title='bbox 2130 2828 2322 2871; x_wconf 79' lang='grc' dir='ltr'><strong><em>κατα-</em></strong></span> 
     </span>
     <span class='ocr_line' id='line_1_25' title="bbox 403 2907 2321 2998; baseline 0 -21"><span class='ocrx_word' id='word_1_171' title='bbox 403 2916 900 2996; x_wconf 88' lang='grc' dir='ltr'><strong><em>πολεμηθῆναι,</em></strong></span> <span class='ocrx_word' id='word_1_172' title='bbox 966 2907 1125 2977; x_wconf 86' lang='grc' dir='ltr'><strong><em>καθ’</em></strong></span> <span class='ocrx_word' id='word_1_173' title='bbox 1184 2911 1266 2977; x_wconf 87' lang='grc' dir='ltr'><strong><em>ὃν</em></strong></span> <span class='ocrx_word' id='word_1_174' title='bbox 1337 2913 1572 2998; x_wconf 87' lang='grc' dir='ltr'><strong><em>καιρὸν</em></strong></span> <span class='ocrx_word' id='word_1_175' title='bbox 1647 2912 2031 2995; x_wconf 85' lang='grc' dir='ltr'><strong><em>ἐβασίλευεν</em></strong></span> <span class='ocrx_word' id='word_1_176' title='bbox 2103 2912 2321 2977; x_wconf 88' lang='grc' dir='ltr'><strong><em>αὐτῶν</em></strong></span> 
     </span>
     <span class='ocr_line' id='line_1_26' title="bbox 409 3015 2397 3105; baseline -0.004 -20"><span class='ocrx_word' id='word_1_177' title='bbox 409 3018 765 3085; x_wconf 88' lang='grc' dir='ltr'><strong><em>Μέδουσα·</em></strong></span> <span class='ocrx_word' id='word_1_178' title='bbox 821 3021 895 3085; x_wconf 91' lang='grc' dir='ltr'><strong><em>τὸ</em></strong></span> <span class='ocrx_word' id='word_1_179' title='bbox 943 3015 1017 3084; x_wconf 74' lang='grc' dir='ltr'><strong><em>δὲ</em></strong></span> <span class='ocrx_word' id='word_1_180' title='bbox 1071 3024 1453 3085; x_wconf 88' lang='grc' dir='ltr'><strong><em>τελευταῖον</em></strong></span> <span class='ocrx_word' id='word_1_181' title='bbox 1496 3017 1613 3103; x_wconf 83' lang='grc' dir='ltr'><strong><em>ὑφ’</em></strong></span> <span class='ocrx_word' id='word_1_182' title='bbox 1657 3016 2063 3105; x_wconf 58' lang='grc' dir='ltr'><strong><em>τΗρακλεόυς</em></strong></span> <span class='ocrx_word' id='word_1_183' title='bbox 2112 3019 2322 3103; x_wconf 77' lang='grc' dir='ltr'><strong><em>ἄρδην</em></strong></span> <span class='ocrx_word' id='word_1_184' title='bbox 2347 3037 2397 3078; x_wconf 77' lang='lat'><strong><em>25</em></strong></span> 
     </span>
     <span class='ocr_line' id='line_1_27' title="bbox 405 3119 2320 3213; baseline 0 -23"><span class='ocrx_word' id='word_1_185' title='bbox 405 3125 848 3213; x_wconf 87' lang='grc' dir='ltr'><strong><em>ἀναιρεθῆναι</em></strong></span> <span class='ocrx_word' id='word_1_186' title='bbox 885 3127 1126 3203; x_wconf 87' lang='grc' dir='ltr'><strong><em>ταύτας</em></strong></span> <span class='ocrx_word' id='word_1_187' title='bbox 1161 3149 1231 3192; x_wconf 89' lang='grc' dir='ltr'><strong><em>τε</em></strong></span> <span class='ocrx_word' id='word_1_188' title='bbox 1267 3124 1378 3192; x_wconf 86' lang='grc' dir='ltr'><strong><em>καὶ</em></strong></span> <span class='ocrx_word' id='word_1_189' title='bbox 1414 3127 1489 3191; x_wconf 89' lang='grc' dir='ltr'><strong><em>τὸ</em></strong></span> <span class='ocrx_word' id='word_1_190' title='bbox 1526 3136 1662 3191; x_wconf 88' lang='grc' dir='ltr'><strong><em>τῶν</em></strong></span> <span class='ocrx_word' id='word_1_191' title='bbox 1691 3119 2065 3210; x_wconf 88' lang='grc' dir='ltr'><strong><em>Ἀμαζόνων</em></strong></span> <span class='ocrx_word' id='word_1_192' title='bbox 2101 3126 2320 3209; x_wconf 80' lang='grc' dir='ltr'><strong><em>ἔθνος,</em></strong></span> 
     </span>
    </p>
   </div>
   <div class='ocr_carea' id='block_1_3' title="bbox 400 3348 2320 3629">
    <p class='ocr_par' dir='ltr' id='par_1_6' title="bbox 400 3348 2320 3629">
     <span class='ocr_line' id='line_1_28' title="bbox 430 3348 2320 3429; baseline 0.002 -25"><span class='ocrx_word' id='word_1_193' title='bbox 430 3419 439 3429; x_wconf 43' lang='lat'>·</span> <span class='ocrx_word' id='word_1_194' title='bbox 544 3357 576 3404; x_wconf 82' lang='lat'>2</span> <span class='ocrx_word' id='word_1_195' title='bbox 619 3349 894 3423; x_wconf 74' lang='grc' dir='ltr'><strong><em>ἔφεδρον]</em></strong></span> <span class='ocrx_word' id='word_1_196' title='bbox 934 3348 1244 3421; x_wconf 86' lang='grc' dir='ltr'><strong><em>ἐφάμιλλον</em></strong></span> <span class='ocrx_word' id='word_1_197' title='bbox 1280 3352 1335 3406; x_wconf 89' lang='grc' dir='ltr'>Π</span> <span class='ocrx_word' id='word_1_198' title='bbox 1435 3349 1679 3421; x_wconf 84' lang='grc' dir='ltr'><strong><em>ἐχόντων</em></strong></span> <span class='ocrx_word' id='word_1_199' title='bbox 1717 3353 2030 3421; x_wconf 66' lang='lat' dir='ltr'><strong>Eiehstadt,</strong></span> <span class='ocrx_word' id='word_1_200' title='bbox 2076 3349 2320 3424; x_wconf 81' lang='grc' dir='ltr'><strong><em>ἐχουσῶν</em></strong></span> 
     </span>
     <span class='ocr_line' id='line_1_29' title="bbox 400 3417 2316 3493; baseline 0.005 -23"><span class='ocrx_word' id='word_1_201' title='bbox 400 3417 533 3472; x_wconf 84' lang='lat' dir='ltr'>hbri</span> <span class='ocrx_word' id='word_1_202' title='bbox 661 3428 691 3475; x_wconf 84' lang='grc'><strong><em>’1</em></strong></span> <span class='ocrx_word' id='word_1_203' title='bbox 732 3418 1187 3491; x_wconf 82' lang='grc' dir='ltr'><strong><em>ἀντιταχθέντων</em></strong></span> <span class='ocrx_word' id='word_1_204' title='bbox 1224 3422 1272 3477; x_wconf 94' lang='lat' dir='ltr'>D</span> <span class='ocrx_word' id='word_1_205' title='bbox 1404 3429 1471 3477; x_wconf 84' lang='lat'><strong><em>14</em></strong></span> <span class='ocrx_word' id='word_1_206' title='bbox 1509 3419 1859 3493; x_wconf 70' lang='grc' dir='ltr'><strong><em>ἐπιθεμένας</em></strong></span> <span class='ocrx_word' id='word_1_207' title='bbox 1893 3424 2148 3480; x_wconf 77' lang='lat' dir='ltr'><strong>abundat</strong></span> <span class='ocrx_word' id='word_1_208' title='bbox 2255 3431 2316 3480; x_wconf 87' lang='grc'><strong><em>16</em></strong></span> 
     </span>
     <span class='ocr_line' id='line_1_30' title="bbox 402 3484 2318 3569; baseline 0.007 -32"><span class='ocrx_word' id='word_1_209' title='bbox 402 3484 728 3569; x_wconf 59' lang='grc' dir='ltr'><strong><em>δοκούντων</em></strong></span> <span class='ocrx_word' id='word_1_210' title='bbox 765 3491 814 3544; x_wconf 93' lang='lat' dir='ltr'><strong>D</strong></span> <span class='ocrx_word' id='word_1_211' title='bbox 890 3498 955 3547; x_wconf 77' lang='lat'><strong><em>1⁷</em></strong></span> <span class='ocrx_word' id='word_1_212' title='bbox 994 3489 1195 3555; x_wconf 78' lang='grc' dir='ltr'><strong><em>αὐταῖς</em></strong></span> <span class='ocrx_word' id='word_1_213' title='bbox 1231 3493 1286 3546; x_wconf 93' lang='grc' dir='ltr'><strong><em>ΙΙ</em></strong></span> <span class='ocrx_word' id='word_1_214' title='bbox 1369 3499 1435 3548; x_wconf 83' lang='grc'><strong><em>21</em></strong></span> <span class='ocrx_word' id='word_1_215' title='bbox 1476 3490 1677 3562; x_wconf 79' lang='grc' dir='ltr'><strong><em>σοροὺς</em></strong></span> <span class='ocrx_word' id='word_1_216' title='bbox 1711 3493 1916 3549; x_wconf 80' lang='lat' dir='ltr'><strong>Reiske</strong></span> <span class='ocrx_word' id='word_1_217' title='bbox 1990 3499 2062 3549; x_wconf 77' lang='lat'><strong><em>24</em></strong></span> <span class='ocrx_word' id='word_1_218' title='bbox 2096 3493 2318 3563; x_wconf 79' lang='grc' dir='ltr'><strong><em>καιρὸν]</em></strong></span> 
     </span>
     <span class='ocr_line' id='line_1_31' title="bbox 400 3557 1877 3629; baseline 0.008 -24"><span class='ocrx_word' id='word_1_219' title='bbox 400 3570 605 3619; x_wconf 80' lang='grc' dir='ltr'><strong><em>χρονον</em></strong></span> <span class='ocrx_word' id='word_1_220' title='bbox 641 3558 694 3608; x_wconf 96' lang='lat' dir='ltr'><strong><em>II</em></strong></span> <span class='ocrx_word' id='word_1_221' title='bbox 840 3557 1196 3629; x_wconf 80' lang='grc' dir='ltr'><strong><em>ἐβασίλευσεν</em></strong></span> <span class='ocrx_word' id='word_1_222' title='bbox 1236 3564 1301 3615; x_wconf 89' lang='lat' dir='ltr'><strong><em>D.</em></strong></span> <span class='ocrx_word' id='word_1_223' title='bbox 1872 3569 1877 3573; x_wconf 83' lang='grc'><em>’</em></span> 
     </span>
    </p>
   </div>
   <div class='ocr_carea' id='block_1_4' title="bbox 2514 3453 2521 3694">
    <p class='ocr_par' dir='ltr' id='par_1_7' title="bbox 2514 3453 2521 3694">
     <span class='ocr_line' id='line_1_32' title="bbox 2520 3453 2521 3496; baseline 0 0"><span class='ocrx_word' id='word_1_224' title='bbox 2520 3453 2521 3496; x_wconf 60' lang='lat'>1</span> 
     </span>
     <span class='ocr_line' id='line_1_33' title="bbox 2518 3535 2519 3594; baseline 0 0"><span class='ocrx_word' id='word_1_225' title='bbox 2518 3535 2519 3594; x_wconf 57' lang='lat'>1</span> 
     </span>
     <span class='ocr_line' id='line_1_34' title="bbox 2514 3649 2517 3694; baseline 0 0"><span class='ocrx_word' id='word_1_226' title='bbox 2514 3649 2517 3694; x_wconf 47' lang='grc'><strong>4</strong></span> 
     </span>
    </p>
   </div>
  </div>
 </body>
</html>
