2569 4061
880 335 978 391 DE
1018 333 1418 393 CODICIBUS.
2059 336 2111 390 V

168 508 323 566 sunt
392 504 882 580 membranacea3
942 503 1258 564 chartacea
1319 506 1459 563 sunt
1517 502 1664 562 folia
1728 505 1851 563 127
1871 534 1948 544 -
1969 505 2114 580 132,

171 603 568 674 135—140,
619 602 998 677 143-148,
1051 604 1369 676 praeterea
1422 601 1684 676 quinque
1728 599 1904 675 folia,
1959 617 2113 676 quae

170 698 495 759 nonnullis
540 698 689 758 locis
735 716 807 757 ex
852 696 1150 758 deteriore
1187 696 1439 756 Diodori
1476 697 1674 758 codice
1722 697 1979 774 sumptis
2023 697 2114 756 in-

169 795 423 857 condite
457 812 651 870 neque
685 794 893 853 eadem
930 812 1115 853 manu
1151 792 1390 869 depicta
1427 793 1615 853 codici
1651 792 1915 868 praefixa
1953 795 2113 855 sunt.

168 892 317 951 Huc
354 890 603 969 accedit,
647 891 808 967 quod
851 891 905 950 is
944 891 1048 968 qui
1082 891 1231 952 folia
1270 890 1540 949 numeris
1577 890 1852 951 Arabicis
1892 890 2113 968 signifi-

171 988 342 1050 cavit
387 987 591 1048 nescio
638 1007 755 1065 quo
802 1007 944 1048 casu
989 988 1273 1065 deceptus
1310 1006 1630 1048 numerum
1678 990 1807 1049 262
1844 992 2111 1064 praeter·

174 1086 372 1160 misit,
419 1085 507 1144 ita
552 1086 623 1143 ut
647 1084 790 1144 -illis
831 1084 1091 1161 quinque
1125 1085 1289 1145 foliis
1326 1085 1548 1145 additis
1588 1087 1714 1146 297
1763 1085 1912 1144 folia
1956 1101 2112 1143 com-

169 1183 446 1261 putaret.
535 1179 623 1241 At
665 1184 825 1240 recte
880 1182 1073 1257 prior,
1133 1181 1394 1242 fortasse
1436 1182 1672 1259 primus
1718 1181 2003 1242 librarius
2049 1181 2116 1240 in

170 1281 326 1342 folio
369 1280 497 1339 294
549 1296 718 1338 verso
764 1277 1167 1353 adscripserat
1204 1280 1617 1355 quaternionis
1653 1298 1973 1340 numerum
2017 1280 2115 1355 λς,

173 1378 240 1437 in
287 1377 441 1436 folio
481 1377 608 1435 295
656 1379 821 1435 recto
865 1375 946 1446 λζ.
1020 1373 1152 1445 Qua
1196 1394 1333 1435 cum
1378 1379 1824 1453 computatione
1874 1379 2116 1452 quater-

176 1475 433 1535 nionum
470 1472 593 1532 alia
621 1473 996 1551 conveniunt,
1034 1473 1226 1533 veluti
1261 1472 1355 1531 illi
1388 1476 1513 1533 tres
1550 1474 1972 1550 quaterniones
2008 1473 2113 1532 fol.

177 1571 555 1644 126-149,
603 1568 708 1646 qui
746 1571 1023 1629 constant
1062 1588 1134 1627 ex
1170 1569 1327 1630 senis
1374 1569 1533 1631 foliis
1579 1570 1911 1632 chartaceis
1955 1570 2114 1629 inter

174 1668 324 1727 bina
368 1665 517 1726 folia
561 1665 1033 1726 membranacea.

361 1763 479 1822 Hic
531 1763 689 1822 liber
735 1757 1110 1839 ‘perelegans
1157 1763 1421 1840 optimae
1465 1758 1666 1823 notae'
1715 1782 1752 1824 a
1794 1764 2111 1824 Montefal·

179 1860 353 1922 conio
401 1860 684 1921 inventus
723 1863 817 1920 est
851 1860 1107 1937 Neapoli
1143 1860 1204 1920 in
1256 1859 1625 1921 bibliotheca
1663 1859 1718 1920 S.
1749 1861 1790 1919 J
1792 1860 2001 1920 oannis
2039 1860 2113 1920 de

179 1957 535 2018 Carbonara
552 1956 1138 2035 Augustinianorum
1158 1951 1577 2038 (Montfaucon
1596 1958 1870 2018 biblioth.
1892 1978 1949 2035 p.
1964 1959 2111 2036 231,

178 2056 358 2117 Paris
404 2048 634 2137 1739),
690 2058 905 2130 postea
949 2054 1164 2117 Oarolo
1222 2059 1392 2117 sexto
1451 2057 1766 2116 etiamtum
1820 2058 2111 2132 regnante

177 2153 519 2213 translatus
564 2151 985 2212 vindobonam
1052 2144 1293 2233 (Kollar
1345 2154 1412 2213 in
1468 2155 1759 2230 supplem.
1804 2152 2113 2213 Lambecii

180 2269 237 2324 p.
277 2244 460 2329 486).
551 2248 873 2325 Neapolim
926 2248 1162 2310 venisse
1222 2249 1487 2309 codicem
1540 2268 1649 2325 per
1692 2248 1909 2308 Ianum
1963 2249 2110 2308 Par-

178 2345 483 2422 rhasium,
548 2345 958 2404 humanistam
1015 2346 1253 2406 saeculo
1300 2346 1415 2421 XV
1474 2345 1836 2407 Consentiae
1881 2348 2111 2424 natum,

180 2443 449 2503 indicant
502 2443 692 2504 verba
734 2443 798 2502 in
843 2443 1054 2504 ultimo
1111 2443 1256 2503 folio
1314 2444 1565 2520 scripta:
1628 2438 1901 2504 ‘Antonii
1950 2443 2107 2505 Seri-

181 2541 362 2616 pandi
411 2559 484 2599 ex
528 2539 662 2598 Iani
708 2539 1016 2600 Parrhasii
1060 2536 1468 2604 testamento'.

369 2637 520 2699 Post
567 2635 902 2697 Garellium
957 2636 1358 2697 bibliothecae
1403 2637 1882 2699 vindobonensis
1940 2658 2112 2715 prae-

187 2735 413 2795 fectum
431 2780 447 2812 ,
511 2734 615 2810 qui
661 2733 1063 2811 Wesselingio
1118 2753 1314 2810 pauca
1374 2737 1655 2811 excerpta
1716 2734 1884 2795 misit
1939 2729 2109 2816 (edit.

183 2829 375 2891 Wess.
415 2830 447 2889 I
491 2851 549 2907 p.
598 2826 780 2910 195),
842 2832 1099 2908 postque
1161 2829 1220 2890 J.
1267 2830 1611 2908 Baptistam
1674 2831 1943 2908 Bonam,
2005 2834 2111 2911 qui

187 2927 519 2988 editoribus
575 2926 918 3003 Bipontinis
988 2929 1370 2989 collationem
1435 2927 1736 3003 integram
1792 2931 1854 2988 et
1914 2931 2110 2991 multo

184 3025 616 3086 accuratiorem
682 3025 935 3084 confecit
1001 3017 1170 3107 (edit.
1236 3025 1478 3101 Bipont.
1533 3024 1621 3083 IV
1682 3026 1872 3102 praef.
1936 3029 1998 3088 et
2051 3027 2109 3086 X

183 3143 237 3198 p.
300 3113 741 3202 391—493)‚
805 3122 990 3181 codex
1051 3122 1106 3181 D
1171 3122 1365 3182 denuo
1432 3122 1723 3200 singulari
1794 3122 2112 3201 diligentia

185 3237 469 3279 excussus
527 3220 622 3278 est
677 3236 831 3277 anno
882 3220 1049 3279 1869
1102 3211 1302 3302 (Neue
1347 3218 1560 3279 Jahrb.
1600 3218 1738 3279 CIV
1774 3240 1832 3297 p.
1861 3216 2024 3299 447)
2072 3238 2112 3277 a

183 3314 481 3375 Richardo
524 3313 895 3391 Bergmann,
940 3316 1043 3391 qui
1087 3317 1151 3375 in
1196 3317 1501 3392 exemplar
1546 3335 1720 3376 suum
1736 3363 1753 3394 ,
1799 3335 1916 3391 quo
1963 3331 2111 3373 usus

184 3416 277 3472 est
323 3411 584 3472 editione
630 3411 916 3488 Bekkeri,
970 3431 1093 3472 una
1139 3432 1274 3473 cum
1322 3411 1704 3473 distinctione
1749 3411 2105 3487 paginarum

182 3512 365 3588 atque
403 3508 586 3569 etiam
630 3528 914 3570 versuum
953 3528 1025 3569 ex
1061 3510 1260 3571 codice
1308 3513 1584 3569 accentus
1633 3507 1880 3582 spiritus
1924 3504 2111 3561 inter·

179 3605 537 3683 punctiones
567 3606 918 3682 compendia
945 3606 1282 3684 ductusque
1309 3606 1654 3665 litterarum
1680 3595 2109 3667 transscripsit.
