2569 4061
1135 367 1188 420 Η
1227 372 1276 422 6.
1310 373 1356 422 7.
2077 372 2202 435 181

284 528 773 614 σκευασαμένη,
832 532 1212 613 συνήγαγεν
1267 528 1334 606 ἐξ
1392 528 1648 614 ἁπάσης
1700 541 1814 615 τῆς
1869 534 2209 615 βασιλείας

282 636 446 720 πρὸς
498 636 622 717 τὴν
665 643 802 699 τῶν
847 637 1063 720 ἔργων
1119 633 1506 701 συντέλειαν
1564 635 1831 721 ἀνδρῶν
1881 638 2208 725 μυριάδας

285 741 640 819 διακοσίας.
735 740 1165 824 ἀπολαβοῦσα
1213 737 1287 807 δὲ
1333 742 1453 806 τὸν
1497 742 1869 826 Εὐφράτην
1911 746 2208 828 ποταμὸν
2244 768 2276 814 3

285 849 380 924 εἰς
443 846 644 932 μέσον
716 848 1141 934 περιεβάλετο
1213 858 1429 933 τεῖχος
1501 856 1581 933 τῇ
1654 850 1844 912 πόλει
1919 852 2207 914 σταδίων

230 973 258 1014 5
287 951 598 1037 ἑξήκοντα
679 953 792 1020 καὶ
863 955 1296 1039 τριακοσίων,
1381 952 1851 1038 διειλημμένον
1930 954 2210 1040 πύργοις

281 1071 562 1138 πυκνοῖς
604 1058 716 1126 καὶ
763 1060 1095 1145 μεγάλοις,
1143 1061 1233 1138 ὥς
1280 1077 1449 1146 φησι
1484 1063 1782 1144 Κτησίας
1828 1060 1864 1125 ὁ
1909 1061 2209 1142 Κνίδιος,

282 1166 370 1244 ὡς
410 1163 485 1232 δὲ
512 1169 920 1251 Κλείταρχος
955 1164 1068 1233 καὶ
1103 1175 1240 1231 τῶν
1274 1165 1560 1252 ὕστερον
1597 1163 1734 1251 μετ’
1771 1159 2211 1249 Ἀλεξάνδρου

282 1273 664 1355 διαβάντων
709 1274 804 1349 εἰς
849 1274 973 1355 την
1001 1270 1232 1336 Ἀσίαν
1275 1269 1451 1349 τινὲς
1496 1271 1903 1359 ἀνέγραψαν,
1949 1294 2211 1358 τριακο-

283 1381 452 1443 σίων
517 1376 834 1462 ἑξήκοντα
896 1376 1091 1444 πέντε
1156 1379 1473 1443 σταδίων·
1546 1378 1658 1445 καὶ
1729 1377 2211 1465 προστιθέασιν

199 1504 254 1544 10
283 1485 384 1549 ὅτι
430 1493 567 1549 τῶν
613 1490 780 1549 ἴσων
824 1483 1092 1570 ἡμερῶν
1138 1486 1232 1561 εἰς
1276 1486 1396 1550 τὸν
1442 1484 1751 1551 ἐνιαυτὸν
1797 1487 2021 1553 οὐσῶν
2066 1484 2210 1569 ἐφι-

281 1593 615 1673 λοτιμήθη
670 1590 789 1654 τὸν
847 1595 996 1654 ἴσον
1053 1589 1348 1675 ἀριθμὸν
1401 1601 1536 1657 τῶν
1583 1593 1872 1657 σταδίων
1924 1592 2211 1672 ὑποστή-

285 1701 556 1761 σασθαι.
649 1695 850 1772 ὀπτὰς
897 1691 972 1760 δὲ
1016 1697 1349 1773 πλίνθους
1392 1694 1499 1783 {seg
1544 1698 1888 1781 ἄσφαλτον
1936 1696 2211 1780 ἐνδησα-
2249 1719 2283 1766 4

284 1799 451 1885 με’νη
480 1810 693 1885 τεῖχος
718 1803 1155 1868 κατεσκεύασε
1182 1803 1259 1867 τὸ
1288 1798 1411 1887 μὲν
1438 1802 1633 1885 ὕψος,
1663 1803 1752 1879 ὡς
1780 1799 1902 1885 μὲν
1921 1803 2215 1884 Κτησίας

286 1908 476 1991 φησί,
524 1910 935 1991 πεντήκοντα
981 1906 1296 1995 ὀργυιῶν,
1344 1909 1435 1984 ὡς
1482 1905 1545 1972 δ’
1590 1910 1760 1973 ἔνιοι
1803 1916 1939 1972 τῶν
1984 1903 2213 1970 νεωτέ-

202 2033 255 2074 15
284 2038 424 2099 ρων
451 2014 771 2100 ἔγραψαν,
799 2023 1030 2100 πηχῶν
1057 2016 1490 2099 πεντήκοντα,
1528 2016 1605 2080 τὸ
1636 2009 1711 2080 δὲ
1738 2014 1986 2090 πλάτος
2010 2009 2214 2079 πλέον

282 2120 323 2204 ἢ
373 2119 574 2186 δυσὶν
630 2123 920 2206 ἅρμασιν
987 2112 1395 2206 ἱππάσιμον(
1433 2122 1732 2207 πύργους
1788 2116 1863 2185 δὲ
1917 2121 2037 2184 τὸν
2091 2114 2214 2202 μὲν

285 2227 578 2313 ἀριθμὸν
617 2229 1001 2304 διακοσίους
1039 2226 1152 2293 καὶ
1187 2231 1620 2311 πεντήκοντα,
1658 2228 1734 2292 τὸ
1783 2223 1842 2291 δ’
1887 2225 2060 2303 ὕψος
2103 2223 2215 2288 καὶ

284 2333 528 2411 πλάτος
584 2333 651 2414 ἐξ
711 2333 1049 2417 ἀναλόγου
1107 2341 1199 2421 τῷ
1255 2335 1448 2420 βάρει
1493 2345 1629 2398 τῶν
1674 2333 1839 2397 κατὰ
1882 2332 1957 2396 τὸ
2003 2341 2215 2414 τεῖχος

287 2440 520 2523 ἔργων.
586 2440 668 2505 οὐ
704 2441 829 2526 χρὴ
871 2435 944 2505 δὲ
979 2440 1350 2524 θαυμάζειν
1386 2441 1449 2504 εί
1480 2439 1879 2523 τηλικούτου
1914 2438 1989 2502 τὸ
2027 2436 2211 2521 μέγε-
2251 2461 2281 2509 5

205 2563 263 2603 20
287 2549 416 2620 θος
450 2553 572 2610 τοῦ
596 2548 957 2631 περιβόλου
986 2551 1405 2622 καθεστῶτος
1433 2545 1704 2628 ὀλίγους
1731 2546 2029 2630 πύργους
2062 2567 2213 2610 κατ-

289 2651 667 2717 εσκεύασεν·
725 2650 834 2717 ἐπὶ
877 2655 1094 2718 πολὺν
1139 2653 1267 2737 γὰρ
1322 2654 1532 2717 τόπον
1577 2659 1693 2733 τῆς
1736 2653 1990 2727 πόλεως
2035 2649 2213 2716 ἕλεσι

286 2756 777 2842 περιεχομένης,
808 2759 974 2822 κατὰ
1001 2744 1245 2823 τοῦτον
1272 2759 1391 2823 τὸν
1409 2760 1618 2823 τόπον
1639 2757 1763 2824 οὐκ
1790 2757 2017 2837 ἔδοξεν
2046 2759 2213 2843 αὐτῇ

285 2864 585 2950 πύργους
632 2865 1047 2948 οἰκοδομεῖν,
1098 2873 1215 2948 τῆς
1261 2865 1529 2948 φύσεως
1573 2873 1710 2929 τῶν
1756 2861 1929 2929 ἑλῶν
1977 2864 2213 2946 ἱκανὴν

179 2968 738 3057 121παρεχομένης
783 2970 1168 3055 ὀχυρότητα.
1252 2970 1379 3035 ἀνὰ
1425 2968 1632 3054 μέσον
1678 2966 1753 3034 δὲ
1796 2980 1932 3034 τῶν
1980 2972 2211 3035 οἰκιῶν

204 3092 258 3134 25
283 3073 398 3140 καὶ
432 3084 569 3139 τῶν
611 3085 848 3159 τειχῶν
884 3073 1042 3150 ὁδὸς
1076 3075 1292 3160 πάντῃ
1337 3073 1794 3140 κατελέλειπτο
1835 3075 2211 3156 δίπλεθρος.

429 3202 462 3250 6
501 3195 788 3266 μεγάλοις]
826 3195 1122 3264 τηλικοῦτο
1159 3190 1216 3248 δ’
1259 3187 1331 3262 ἦν
1368 3192 1432 3248 τὸ
1473 3192 1645 3268 βάρος
1680 3195 1793 3249 τῶν
1832 3192 2028 3261 ἔργων,
2070 3186 2209 3243 ὥστε

283 3262 348 3321 τὸ
388 3264 496 3332 μὲν
550 3263 761 3329 πλάτος
798 3262 948 3320 εἶναι
994 3266 1107 3319 τῶν
1143 3265 1344 3334 τειχῶν
1386 3263 1466 3330 ἓξ,
1489 3261 1733 3335 ἅρμασιν
1773 3260 2109 3329 ἱππάσιμον,
2147 3257 2211 3312 τὸ

286 3333 345 3389 δ’
379 3332 529 3403 ὕψος
566 3332 805 3392 ἄπιστον
833 3342 953 3398 τοῖς
989 3330 1301 3390 ἀκούουσιν
1339 3336 1466 3390 add.
1499 3335 1739 3402 codices,
1777 3332 1885 3387 del.
1914 3328 2212 3415 Eiichstssdt

289 3414 354 3461 12
394 3403 595 3478 ὀπτὰς]
635 3404 736 3470 τὰς
782 3405 836 3459 II
984 3412 1048 3461 17
1096 3402 1161 3461 τὸ
1200 3401 1257 3459 δ’
1282 3436 1350 3448 —-
1383 3412 1447 3460 19
1489 3404 1692 3475 ἔργων]
1730 3398 1795 3457 τὸ
1835 3398 1899 3455 δὲ
1939 3410 2087 3486 νψός
2126 3400 2210 3464 εξ·

283 3476 525 3546 ἥκοντα·
583 3474 659 3540 ὥς
706 3473 764 3532 δ’
815 3475 958 3532 ἔνιοι
1000 3478 1113 3531 τῶν
1159 3474 1451 3545 νεωτέρων
1498 3475 1641 3544 φασὶ
1684 3472 1882 3543 πηχῶν
1937 3469 2211 3534 εξηκοντα

284 3548 462 3615 ABD;
500 3547 563 3604 τὸ
603 3547 668 3604 δὲ
706 3544 857 3619 ὕψος
895 3543 971 3611 ὥς
1011 3544 1148 3617 ἐνῆν
1187 3545 1468 3601 &emistus
1590 3550 1660 3599 20
1696 3544 1797 3597 τοῦ
1837 3558 1944 3596 om.
1982 3539 2030 3591 D
2141 3544 2210 3593 25

287 3620 686 3676 καταλέλειπτο
724 3618 791 3673 D.
