2569 4061
410 226 541 292 288
1097 222 1405 280 DIODORI
1442 222 1678 278 SICULI

337 409 370 458 5
407 391 627 473 γίζειν.
721 388 952 473 διόπερ
1007 387 1173 451 κατὰ
1225 386 1508 462 τούτους
1560 388 1718 462 τοὺς
1770 387 2046 471 καιροὺς
2101 388 2336 452 σπανί-

411 500 628 574 ζοντες
671 502 926 578 τροφῆς
969 494 1045 558 τὸ
1091 489 1214 578 μὲν
1259 502 1526 577 πρῶτον
1570 494 1729 568 τοὺς
1773 494 2056 576 κόγχους
2103 491 2336 557 συλλέ-

407 617 626 684 γουσι,
664 600 1097 684 τηλικούτους
1131 600 1206 664 τὸ
1245 598 1531 683 μέγεθος
1569 593 1666 663 ὧν
1701 598 2131 684 εὑρίσκονταί
2159 618 2337 677 τινες

407 718 856 793 τετραμναῖοι·
917 708 998 772 τά
1052 703 1176 792 μὲν
1226 707 1356 790 γὰρ
1402 706 1567 789 κύτη
1616 707 2052 789 συντρίβουσι
2098 708 2339 794 λίθους

411 813 794 898 εὐμεγέθεις
839 812 1306 898 ἐμβάλλοντες,
1360 812 1484 895 τὴν
1531 805 1594 875 δ’
1647 811 1834 888 ἐντὸς
1889 813 2100 897 σάρκα
2153 835 2338 878 κατε·
2365 833 2391 874 5

413 924 732 988 σθίουσιν
788 920 1007 1003 ὠμήν,
1072 926 1189 1002 τῆς
1250 919 1541 1002 γεύσεως
1605 919 1810 1003 οὔσης
1873 928 2341 1005 παρεμφεροῦς

344 1048 377 1095 6
414 1038 555 1106 τοῖς
591 1025 903 1112 ὀστρέοις.
977 1024 1143 1090 ἐπὰν
1180 1022 1256 1090 δὲ
1296 1026 1407 1090 διὰ
1442 1025 1567 1109 τὴν
1595 1023 1944 1110 συνέχειαν
1979 1036 2114 1091 τῶν
2141 1048 2341 1091 πνευ-

413 1135 640 1217 μάτων
694 1130 802 1197 ἐπὶ
859 1134 1136 1197 πλείονα
1187 1133 1439 1217 χρόνον
1491 1133 1781 1215 πλῆθειν
1835 1135 2169 1218 συμβαίνῃ
2222 1134 2341 1197 τὸν

416 1240 743 1322 ὠκεανόν,
816 1236 928 1303 καὶ
999 1238 1123 1321 τὴν
1190 1240 1518 1303 εἰωθυῖαν
1580 1239 1808 1323 θήραν
1870 1249 2006 1303 τῶν
2083 1239 2343 1324 ἰχθύων

415 1344 715 1431 ἐκκλείσῃ
779 1345 855 1411 τὸ
919 1352 1037 1428 τῆς
1088 1346 1537 1431 περιστάσεως
1592 1343 1961 1428 ἀδύνατον,
2027 1343 2132 1411 ἐπὶ
2186 1349 2344 1423 τοὺς
2372 1367 2422 1406 10

415 1454 729 1536 κόγχους,
795 1452 884 1528 ὡς
938 1458 1221 1537 εἴρηται,
1282 1449 1652 1537 τρέπονται.
1743 1453 1806 1516 εἰ
1858 1448 1931 1516 δὲ
1986 1452 2027 1535 ἡ
2086 1451 2158 1518 ἐκ
2209 1463 2344 1517 τῶν

417 1561 678 1643 κόγχων
713 1560 931 1644 τροφὴ
971 1561 1291 1641 σπανίζει,
1334 1558 1873 1643 καταφεύγουσιν
1911 1556 2019 1623 ἐπὶ
2055 1559 2175 1624 τὸν
2209 1567 2344 1623 τῶν

350 1687 380 1735 7
421 1665 740 1731 ἀκανθῶν
806 1668 1056 1751 σωρόν·
1131 1664 1204 1730 ἐκ
1264 1665 1510 1731 τούτου
1573 1667 1698 1750 γὰρ
1773 1664 2151 1748 ἐκλέγοντες
2211 1666 2329 1741 τὰς
2349 1690 2451 1740 186

422 1773 743 1856 ἐγχύλους
794 1770 907 1837 καὶ
960 1772 1389 1857 προσφάτους
1442 1781 1578 1835 τῶν
1632 1771 1954 1837 ἀκανθῶν
2009 1774 2349 1857 διαιροῦσι

421 1877 562 1944 κατ’
636 1879 929 1963 ἄρθρον,
1002 1874 1115 1944 καὶ
1177 1878 1294 1954 τὰς
1357 1874 1480 1962 μὲν
1544 1877 1837 1944 αὐτόθεν
1898 1887 2036 1953 τοῖς
2107 1875 2349 1942 ὀδοῦσι
2379 1901 2430 1943 15

420 1985 958 2072 κατεργάζονται,
1023 1985 1140 2062 τὰς
1204 1981 1280 2050 δὲ
1344 1984 1633 2070 σκληρὰς
1691 1986 1914 2062 λίθοις
1975 1983 2352 2070 θραύοντες

422 2094 533 2161 καὶ
604 2095 1256 2180 προϋπεργαζόμενοι
1333 2094 1800 2175 κατεσθίουσι,
1881 2095 2351 2177 παραπλησίαν

323 2205 400 2268 17
426 2203 737 2267 διάθεσιν
783 2203 1044 2285 ἔχοντες
1087 2208 1228 2276 τοῖς
1273 2199 1658 2284 φωλεύουσι
1701 2208 1836 2263 τῶν
1880 2201 2163 2286 θηρίων.
2236 2208 2353 2283 τῆς

423 2305 547 2392 μὲν
593 2302 718 2372 οὐν
766 2305 966 2391 ξηρᾶς
1010 2314 1262 2392 τροφῆς
1307 2307 1427 2371 τὸν
1473 2303 1824 2391 εἰρημένον
1860 2308 2111 2391 τρόπον
2157 2304 2353 2372 εὐπο-

427 2424 653 2500 ροῦσι,
708 2423 824 2497 τῆς
879 2408 941 2478 δ’
994 2414 1201 2498 ὑγρᾶς
1254 2411 1636 2498 παράδοξον
1681 2414 1910 2497 ἔχουσι
1961 2412 2072 2477 καὶ
2118 2435 2353 2506 παντε-
2381 2438 2433 2478 20

426 2525 556 2595 λῶς
593 2518 1086 2602 ἀπιστουμένην
1122 2519 1245 2601 τὴν
1274 2528 1530 2604 χρῆσιν.
1603 2530 1747 2596 ταῖς
1783 2515 1906 2603 μὲν
1941 2520 2072 2606 γὰρ
2108 2522 2354 2606 θήραις

427 2634 1041 2709 προσκαρτεροῦσιν
1084 2622 1187 2710 ἐφ’
1234 2623 1483 2710 ἡμέρας
1527 2623 1857 2711 τέτταρας,
1905 2626 2357 2711 εὐωχούμενοι

426 2728 758 2816 πανδημεὶ
796 2728 948 2815 μεθ’
998 2731 1384 2817 ἱλαρότητος
1418 2730 1529 2797 καὶ
1564 2743 1707 2809 ταῖς
1745 2732 2116 2818 ἀνάρθροις
2152 2731 2358 2821 ᾠδαῖς

429 2838 758 2921 ἀλλήλους
813 2847 1395 2930 ψυχαγωγοῦντες·
1459 2840 1628 2924 πρὸς
1691 2834 1766 2904 δὲ
1828 2840 2090 2917 τούτοις
2145 2839 2358 2923 ἐπιμί-

431 2963 705 3029 σγονται
758 2948 905 3011 τότε
962 2957 1104 3023 ταῖς
1157 2943 1462 3029 γυναιξὶν
1520 2936 1623 3022 αἷς
1682 2943 1768 3010 ἂν
1822 2947 2071 3031 τύχωσι
2123 2947 2365 3036 παιδοῇ
2388 2976 2441 3017 25

429 3056 650 3131 ποιίας
697 3051 912 3137 ἕνεκα,
957 3053 1169 3136 πάσης
1208 3052 1521 3137 ἀσχολίας
1558 3050 2041 3138 ἀπολελυμένοι
2087 3053 2198 3117 διὰ
2234 3053 2360 3135 τὴν

360 3184 392 3231 2
436 3160 753 3225 εὐκοπίαν
809 3159 920 3225 καὶ
982 3162 1105 3243 τὴν
1160 3158 1543 3243 ἑτοιμότητα
1605 3167 1722 3242 τῆς
1779 3167 2046 3246 τροφῆς.
2139 3167 2218 3245 τῇ
2285 3155 2362 3224 δὲ

576 3356 605 3403 7
646 3349 736 3420 δὲ]
795 3347 866 3420 δὴ
905 3349 1126 3405 Bekker
1308 3356 1374 3405 10
1431 3347 1526 3406 ἐπὶ
1564 3373 1632 3389 —
1677 3357 1741 3404 11
1794 3350 1852 3406 εἰ
1902 3348 1968 3407 δὲ
2017 3369 2127 3407 om.
2167 3352 2216 3406 D
2269 3352 2363 3421 (cf.

430 3417 766 3556 ῗτῖῗῖιὶάττῗτῖ
806 3426 941 3544 oml.1
953 3416 1326 3561 ngaffhffkdg,
1364 3423 1805 3546 Βείζίοῗπανίζῃ
1844 3421 1885 3477 C
2013 3428 2081 3477 27
2121 3422 2219 3477 καὶ
2255 3419 2364 3492 τὴν
