2569 4061
374 298 507 362 204
1039 294 1348 351 DIODORI
1386 292 1622 349 SICULI

374 464 687 544 επίβολον
724 452 936 524 οὖσαν
972 457 1085 524 καὶ
1121 459 1461 543 τολμηρὰν
1509 467 1862 543 κατασχεῖν
1904 459 2028 542 τὴν
2066 456 2302 542 ἀρχήν,

373 564 482 632 καὶ
541 564 732 649 μέχρι
786 569 1007 650 γήρως
1063 566 1559 649 βασιλεύσασαν
1612 566 1825 629 πολλὰ
1883 562 1995 630 καὶ
2047 566 2302 648 μεγάλα

371 672 927 756 κατεργάσασθαι.
1013 671 1167 758 περὶ
1211 668 1335 756 μὲν
1382 667 1507 737 οὖν
1552 682 1687 737 τῶν
1732 672 1896 737 κατὰ
1946 672 2121 755 [τὴν]
2171 676 2302 736 Σε-

371 781 650 863 μίραμιν
703 782 1016 857 τοιαύτας
1062 780 1441 862 ἀντιλογίας
1496 773 1670 845 εἶναι
1714 780 2066 864 συμβαίνει
2119 780 2301 864 παρὰ

369 897 510 964 τοῖς
556 882 1034 972 συγγραφεῦσι.
2327 904 2356 944 5

265 991 350 1055 21
552 995 745 1059 Μετὰ
792 991 866 1059 δὲ
911 994 1029 1058 τὸν
1073 993 1315 1076 ταύτης
1357 993 1661 1058 θάνατον
1696 991 1959 1069 Νινύας
2000 991 2036 1056 ὁ
2074 994 2301 1057 Νίνου

372 1097 484 1165 καὶ
529 1100 981 1184 Σεμιράμιδος
1026 1100 1173 1177 υίὸς
1215 1100 1622 1185 παραλαβὼν
1668 1101 1791 1184 τὴν
1838 1099 2050 1186 ἀρχὴν
2094 1094 2299 1185 ἦρχεν

374 1208 743 1291 εἰρηνικῶς,
788 1206 864 1269 τὸ
904 1209 1359 1291 φιλοπόλεμον
1395 1204 1505 1271 καὶ
1549 1204 2149 1290 κεκινδυνευμένον
2183 1214 2301 1289 τῆς

303 1330 335 1378 2
373 1312 619 1395 μητρὸς
655 1310 967 1395 οὐδαμῶς
1005 1313 1315 1396 ζηλώσας.
1387 1324 1654 1399 πρῶτον
1698 1309 1820 1397 μὲν
1863 1313 1993 1398 γὰρ
2041 1311 2116 1377 ἐν
2158 1322 2300 1388 τοῖς

374 1420 736 1500 βασιλείοις
780 1419 899 1484 τὸν
944 1419 1201 1485 ἅπαντα
1247 1422 1498 1505 χρόνον
1547 1417 1896 1505 διέτριβεν,
1943 1415 2060 1484 ὑπ’
2107 1419 2297 1484 οὐδε-
2326 1438 2387 1478 10

372 1525 490 1600 νὸς
537 1522 874 1609 ὁρώμενος
916 1527 1092 1609 πλὴν
1136 1537 1272 1592 τῶν
1316 1528 1744 1593 παλλακίδων
1792 1526 1903 1592 καὶ
1948 1537 2084 1592 τῶν
2129 1525 2280 1612 περὶ
2303 1547 2410 1596 135

374 1631 580 1696 αὐτὸν
627 1631 1001 1717 εὐνούχων,
1058 1632 1292 1716 ἐζήλου
1341 1629 1415 1698 δὲ
1467 1635 1734 1719 τρυφὴν
1786 1632 1899 1699 καὶ
1954 1633 2297 1720 ῥαθυμίαν

373 1735 484 1802 καὶ
538 1738 613 1802 τὸ
670 1736 999 1823 μηδέποτε
1050 1745 1464 1804 κακοπαθεῖν
1517 1736 1684 1823 μηδὲ
1734 1749 2089 1826 μεριμνᾶν,
2136 1740 2298 1806 ὑπο-

376 1845 737 1928 λαμβάνων
783 1848 1119 1928 βασιλείας
1165 1845 1562 1929 εὐδαίμονος
1606 1841 1779 1911 εἶναι
1823 1846 2011 1924 τέλος
2054 1848 2128 1911 τὸ
2173 1848 2298 1912 πά-

303 1969 336 2017 3
376 1967 524 2027 σαις
567 1957 860 2037 χρῆσθαι
904 1962 1049 2027 ταῖς
1093 1951 1370 2036 ἡδοναῖς
1416 1951 1936 2039 ἀνεπικωλύτως.
2009 1955 2175 2040 πρὸς
2221 1950 2296 2018 δὲ
2327 1969 2382 2010 15

370 2058 496 2140 τὴν
541 2056 912 2142 ἀσφάλειαν
966 2067 1080 2142 τῆς
1125 2058 1330 2144 ἀρχῆς
1382 2057 1496 2125 καὶ
1539 2062 1659 2125 τὸν
1702 2062 1868 2126 κατὰ
1920 2072 2057 2126 τῶν
2102 2061 2294 2148 ἀρχο-

373 2162 594 2248 μένων
638 2168 998 2250 γινόμενον
1044 2168 1264 2250 φόβον
1308 2163 1449 2231 κατ’
1505 2166 1815 2233 ἐνιαυτὸν
1859 2166 2296 2252 μετεπέμπετο

374 2282 795 2356 στρατιωτῶν
841 2271 1135 2357 ἀριθμὸν
1181 2271 1555 2358 ὡρισμένον
1594 2271 1707 2338 καὶ
1753 2275 2123 2359 στρατηγὸν
2168 2274 2297 2339 ἀπὸ

299 2393 335 2442 4
373 2377 620 2453 ἔθνους
665 2375 976 2460 ἑκάστου,
1021 2376 1133 2443 καὶ
1178 2379 1254 2443 τὸ
1310 2374 1432 2462 μὲν
1480 2378 1550 2443 ἐκ
1595 2380 1864 2445 πάντων
1920 2377 2298 2466 ἀθροισθὲν

374 2483 745 2568 στράτευμα
790 2482 976 2559 ἐκτὸς
1018 2492 1136 2566 τῆς
1178 2486 1433 2560 πόλεως
1471 2497 1797 2570 συνεῖχεν,
1845 2484 2126 2552 ἑκάστου
2161 2499 2298 2553 τῶν
2325 2503 2383 2543 2⁰

371 2587 594 2653 ἐθνῶν
658 2590 777 2653 τὸν
841 2589 1289 2654 εὐνούστατον
1350 2601 1486 2655 τῶν
1542 2589 1695 2676 περὶ
1760 2591 1966 2655 αὑτὸν
2029 2591 2297 2659 ἀποδει-

369 2692 594 2759 κνύων
648 2692 966 2776 ἡγεμόνα·
1020 2702 1143 2758 τοῦ
1191 2692 1252 2759 δ’
1306 2694 1616 2760 ἐνιαυτοῦ
1671 2698 2061 2773 διελθόντος
2113 2721 2297 2781 μετε-

369 2797 656 2883 πέμπετο
695 2800 897 2864 πάλιν
933 2799 1061 2865 ἀπὸ
1106 2811 1243 2866 τῶν
1278 2801 1503 2867 ἐθνῶν
1548 2806 1706 2881 τοὺς
1742 2809 1931 2881 ἴσους
1977 2808 2294 2891 στρατιώ-

368 2931 505 2990 τας,
552 2905 663 2972 καὶ
707 2909 865 2984 τοὺς
909 2906 1276 2995 προτέρους
1322 2908 1608 2976 ἀπέλυεν
1655 2914 1750 2989 εἰς
1793 2912 1910 2989 τὰς
1955 2915 2291 3000 πατρίδας.

299 3036 332 3085 5
372 3009 454 3080 οὗ
511 3014 1046 3100 συντελουμένου
1102 3015 1453 3099 συνέβαινε
1518 3020 1676 3096 τοὺς
1727 3017 1859 3084 ὑπὸ
1924 3019 2047 3102 τὴν
2106 3023 2292 3103 βασι-
2322 3035 2378 3075 25

369 3125 557 3189 λείαν
623 3122 1064 3207 τεταγμένους
1126 3123 1421 3201 ἅπαντας
1482 3131 2057 3211 καταπεπλῆχθαι,
2115 3133 2292 3192 θεω-

371 3238 656 3314 ροῢντας
702 3227 804 3295 ἀεὶ
849 3230 1137 3313 μεγάλας
1183 3230 1502 3315 δυνάμεις
1538 3230 1612 3296 ἐν
1655 3230 1971 3321 ὑπαίθρῳ
2019 3248 2292 3318 στρατο-

367 3335 816 3421 πεδευομένας
878 3335 989 3401 καὶ
1042 3347 1182 3414 τοῖς
1236 3336 1710 3422 ἀφισταμένοις
1763 3337 1805 3422 ἢ
1858 3339 1948 3423 μὴ
2012 3345 2289 3424 πειθαρ-

506 3482 544 3542 '3
584 3490 687 3559 τὴν
725 3509 832 3547 om.
872 3494 920 3547 D
1017 3499 1083 3548 15
1121 3488 1592 3557 ἀνεπικαλύπτως
1631 3494 1737 3550 OF
1821 3502 1890 3551 20
1931 3490 2147 3568 ἑκάστῳ
2188 3494 2299 3549 OF

368 3560 437 3609 26
475 3556 695 3621 πάντας
729 3563 883 3633 vulg.
1031 3570 1098 3618 27
1138 3562 1411 3636 δυνάμεις
1447 3562 1690 3637 μεγάλας
1725 3567 1878 3636 vulg.
