2569 4061
276 717 381 766 245
411 701 584 766 Τάδε
631 702 890 767 ἔνεστιν
936 700 1011 768 ἐν
1046 711 1125 788 τῇ
1163 701 1436 787 τετάρτῃ
1472 710 1608 766 τῶν
1648 701 2006 787 Διοδώρου
2041 703 2325 784 βίβλων.

531 879 845 948 Προοίμιον
881 875 1013 948 περὶ
1049 877 1162 931 τῶν
1200 873 1717 947 μυθολογουμένων
1746 873 1903 948 παρὰ
1931 880 2049 939 τοῖς
2077 872 2325 947 ἱστοριο-

384 984 644 1035 Ὑραφωῖ·

529 1055 677 1123 Περὶ
725 1050 1010 1108 Διονύσου
1067 1054 1166 1108 καὶ
1219 1049 1490 1124 Πριάπου
1547 1053 1647 1109 καὶ
1701 1050 2162 1125 Ἑρμαφροδίτου
2218 1054 2325 1108 καὶ

385 1142 650 1198 Μουσῶν.
2355 1164 2386 1203 5

532 1231 677 1299 Περὶ
704 1226 1047 1300 ἾΙρακλέους
1083 1230 1183 1285 καὶ.
1216 1232 1330 1285 τῶν
1367 1229 1595 1287 δώδεκα
1631 1228 1829 1287 ἄθλων
1866 1233 1966 1287 καὶ
1991 1232 2104 1286 τῶν
2132 1227 2324 1286 αλλων

386 1317 499 1371 τῶν
538 1315 916 1387 πραχθέντων
952 1314 1057 1374 ὑπ’
1098 1315 1276 1375 αὐτοῦ
1320 1319 1480 1391 μέχρι
1516 1321 1613 1391 τῆς
1651 1315 2047 1383 ἀποθεώσεως.

532 1406 677 1476 Περὶ
732 1408 845 1461 τῶν
895 1402 1274 1477 Ἀργοναυτῶν
1326 1408 1425 1464 καὶ
1474 1411 1740 1479 Μηδείας
1775 1409 1889 1471 ,καὶ
1938 1410 2051 1464 τῶν
2104 1410 2322 1464 Πελίου

391 1491 748 1564 θυγατέρων.

533 1583 680 1652 Περὶ
715 1584 827 1639 τῶν
864 1580 1167 1656 ἀπογόνων
1204 1586 1308 1641 τοῦ
1335 1583 1701 1657 Ἡρακλέους.
2357 1598 2410 1636 10

535 1672 682 1741 Περὶ
718 1671 950 1742 Θησέως
986 1674 1087 1729 καὶ.
1122 1676 1234 1729 τῶν
1274 1670 1476 1729 ἄθλων
1513 1670 1712 1731 αὐτοῦ.

534 1761 680 1831 Περὶ
717 1762 828 1816 τῶν
868 1757 1009 1817 ἕπτά
1051 1758 1146 1816 ἐπὶ
1184 1759 1392 1832 Θήβας.

536 1850 683 1921 Περὶ
718 1851 831 1905 τῶν
870 1846 1152 1920 ἐπιγόνων
1189 1851 1302 1903 τῶν
1342 1845 1484 1905 ἔπτὰ
1524 1845 1618 1905 ἐπὶ
1657 1848 1866 1924 Θήβας.

537 1939 682 2010 Περὶ
719 1936 955 2008 Νηλέως
991 1937 1090 1993 καὶ
1126 1939 1237 1993 τῶν
1274 1934 1578 2009 ἀπογόνων
1619 1936 1817 1995 αὐτοῦ.

535 2029 684 2100 Περὶ
719 2029 1002 2083 Λαπιθῶν
1033 2026 1136 2084 καὶ
1172 2024 1534 2098 Κενταύρων.
2356 2041 2411 2081 15

537 2118 683 2188 Περὶ
715 2113 1043 2187 Ἀσκληπιοῦ
1080 2116 1179 2171 καὶ
1215 2119 1329 2172 τῶν
1366 2113 1668 2186 ἀπογόνων
1707 2114 1904 2173 αὐτοῦ.

537 2205 686 2274 Περὶ
731 2210 843 2261 τῶν
894 2201 1137 2261 Ἀσωποῦ
1184 2204 1522 2277 θυγατέρων
1569 2206 1668 2260 καὶ
1713 2207 1825 2261 τῶν
1866 2204 2058 2261 Αίακῶ
2096 2203 2326 2277 γενομέ-

396 2316 512 2351 νων
547 2293 712 2350 υἱῶν.

540 2384 687 2453 Περὶ
723 2384 984 2447 Πέλοπος
1020 2383 1119 2438 καὶ
1159 2380 1457 2438 Ταντάλου
1496 2382 1594 2438 καὶ.
1624 2337 1915 2453 Οἰνομάου
1954 2384 2052 2439 καὶ
2089 2380 2323 2456 Νιόβης.

540 2473 687 2541 Περὶ
709 2471 1017 2543 Δαρδάνου
1047 2472 1145 2527 καὶ
1172 2473 1282 2526 τῶν
1314 2467 1617 2542 ἀπογόνων
1649 2467 1830 2527 αυτοῦ
1862 2472 2024 2543 μέχρι
2044 2469 2324 2543 Πριάμου.
2354 2484 2410 2523 20

537 2561 683 2630 Περὶ
711 2558 1004 2616 Δαιδάλου
1043 2561 1143 2615 καὶ
1169 2555 1554 2631 Μινωταύρου
1583 2561 1682 2615 καὶ
1709 2562 1809 2629 τῆς
1836 2562 2005 2614 Μίνω
2036 2562 2326 2631 στρατείας

397 2646 491 2703 ἐπὶ
528 2644 803 2703 Κώκαλον
838 2646 940 2703 τὸν
979 2645 1227 2721 βασιλέα.

538 2736 683 2806 Περὶ
743 2732 1048 2804 Ἀρισταίου
1113 2734 1212 2790 καὶ
1266 2732 1572 2805 Δάφνιδος
1625 2737 1725 2792 καὶ
1778 2733 2047 2806 ’Έρυκος,
2120 2735 2323 2794 ἔτι“δὲ

388 2821 670 2896 Ὠρίωνος.
1605 2857 1612 2862 -

543 2975 575 3024 2
613 2968 913 3055 προοίμιον
950 2967 1079 3036 περὶ.
1114 2967 1229 3023 τῶν
1265 2964 1423 3053 παρὰ
1461 2974 1580 3031 τοῖς
1611 2964 1877 3036 ’“Ἐλλησιν
1916 2964 2326 3056 ἱστορουμένων

397 3062 545 3096 κατα
583 3059 717 3102 τους
752 3034 1164 3126 ἀρχαιοτάτους
1201 3034 1452 3109 χρόνους.
1527 3039 1673 3125 Περὶ
1709 3041 1820 3092 τῶν
1859 3034 2326 3127 ἐπιφανεστάτων

410 3109 596 3199 ρῶων
653 3128 714 3165 τε
769 3111 868 3165 καὶ
921 3106 1185 3180 ἡμιθέων
1241 3110 1343 3164 καὶ
1395 3107 1652 3164 καθόλου
1707 3110 1822 3163 τῶν
1878 3107 2026 3164 κατὰ
2082 3106 2327 3180 πόλεμον

395 3178 698 3269 αξιόλογόν
755 3201 808 3236 τι
863 3179 1354 3264 κατειργασμένων
1400 3180 1461 3234 F
1463 3180 1516 3236 G
1560 3180 1650 3250 (of.
1689 3179 1769 3233 IV
1817 3186 1874 3249 1,
1915 3183 1969 3250 5)
2151 3187 2187 3235 4
2223 3181 2327 3235 καὶ

394 3250 663 3321 Πριάπου
702 3250 826 3334 καὶ]
863 3247 1129 3338 Πριάπου
1167 3251 1325 3320 vulg.
1451 3257 1484 3305 8
1522 3251 1621 3305 καὶ
1656 3251 1765 3339 M3]
1803 3254 1960 3339 περί
1971 3271 2032 3307 τε
2069 3254 2151 3305 Μ.
2228 3251 2332 3306 OF
2358 3321 2365 3328 ·

400 3326 466 3374 10
511 3322 642 3409 περὶ
686 3322 800 3376 τῶν
845 3324 944 3376 τοῦ
985 3318 1332 3392 Ηρακλέους
1376 3318 1517 3374 υἱῶν
1569 3320 1668 3374 καὶ
1714 3325 1898 3377 αλλων
1947 3319 2325 3411 Ηρακλειδῶν

395 3385 522 3454 ἤτοι
568 3387 872 3460 ἀπογόνων
914 3392 1070 3446 GFG
1198 3396 1263 3446 12
1305 3386 1473 3462 ἔπτὰ]
1513 3392 2013 3462 στρατευσαμένων
2054 3390 2197 3448 ἑπτα
2236 3393 2326 3447 OD

398 3463 467 3510 14
503 3461 633 3528 περὶ
664 3458 927 3531 Νηλέως]
965 3461 1063 3515 καὶ
1100 3481 1133 3516 ν
1134 3459 1314 3529 ηλέως
1349 3462 1399 3515 D
1581 3466 1646 3514 21
1677 3465 1914 3525 Μίνωος
1943 3462 2050 3519 OF
2170 3481 2327 3532 στρα-

396 3527 577 3595 τείας]
617 3527 699 3588 εἰς
734 3531 1007 3583 Σικελίαν
1043 3532 1171 3585 add.
1211 3531 1287 3584 F.
