2569 4061
390 246 480 313 54
1058 245 1367 302 DIODORI
1404 245 1640 302 SICULI

392 410 682 475 σταδίων
736 411 1150 494 τρισχιλίων,
1214 410 1290 474 τὸ
1357 405 1430 474 δὲ
1493 409 1738 486 πλάτος
1800 410 2049 493 χιλίων.
2141 409 2317 492 ἔχειν

392 509 456 580 δ’
498 515 708 599 αὐτὴν
752 511 864 579 καὶ
909 517 1133 591 πόλεις
1180 513 1304 580 οὐκ
1350 514 1616 598 ὀλίγας,
1647 510 1743 581 ὧν
1789 513 2318 599 ἐπιφανεστάτην

320 644 353 692 3
392 620 711 708 ὑπάρχειν
783 621 906 705 τὴν
979 622 1276 706 Μερόην.
1377 623 1699 708 παρήκειν
1772 617 1846 686 δὲ
1916 629 2033 705 τῆς
2104 624 2319 705 νήσου

389 728 509 792 τὸν
579 729 1140 814 περικλυζόμενον
1220 726 1437 792 πάντα
1508 729 1715 793 τόπον
1797 725 1925 792 ἀπὸ
1999 722 2122 811 μὲν
2202 734 2319 810 τῆς

390 833 650 918 Λιβύης
694 838 897 909 θῖνας
950 835 1221 917 ἔχοντας
1267 833 1490 918 ἅμμου
1545 831 1831 918 μέγεθος
1882 830 2140 919 ἀέριον,
2189 832 2317 899 ἀπὸ
2345 849 2371 889 5

392 936 467 1004 δὲ
512 949 627 1024 τῆς
666 937 974 1025 Ἀραβίας
1019 942 1360 1024 κρημνοὺς
1404 941 1914 1026 κατερρωγότας.
1996 939 2317 1025 ὑπάρχειν

392 1042 455 1109 δ’
519 1045 591 1111 έν
656 1044 822 1130 αὐτῇ
877 1042 988 1109 καὶ
1052 1043 1341 1129 μέταλλα
1402 1054 1658 1131 χρυσοῦ
1720 1068 1791 1111 τε
1852 1044 1965 1112 καὶ
2018 1046 2319 1133 ἀργύρου

390 1148 501 1217 καὶ
547 1153 831 1237 σιδήρου
865 1148 977 1216 καὶ
1012 1156 1287 1236 χαλκοῦ·
1334 1153 1500 1238 πρὸς
1538 1148 1612 1217 δὲ
1647 1153 1908 1231 τούτοις
1945 1154 2120 1238 ἔχειν
2155 1158 2318 1238 πλῆ-

388 1264 518 1335 θος
563 1256 829 1342 ἐβένου,
887 1259 1105 1322 λίθων
1149 1280 1219 1323 τε
1275 1263 1658 1324 πολυτελῶν
1702 1256 1862 1344 γένη
1910 1259 2316 1324 παντοδαπά.

320 1385 356 1433 4
390 1367 694 1430 καθόλου
750 1360 824 1429 δὲ
881 1365 1208 1441 τοσαύτας
1260 1368 1512 1449 νήσους
1565 1375 1784 1431 ποιεῖν
1846 1366 1966 1431 τὸν
2017 1366 2317 1449 ποταμὸν
2345 1383 2398 1422 10

388 1470 556 1536 ὥστε
610 1472 769 1547 τοὺς
823 1470 1190 1549 ἀκούοντας
1245 1472 1334 1556 μὴ
1391 1472 1639 1559 ῥᾳδίως
1688 1481 2060 1538 πιστεῦσαι·
2114 1468 2316 1558 χωρὶς

387 1577 515 1662 γὰρ
569 1587 706 1642 τῶν
760 1575 1332 1663 περικλυζομένων
1387 1580 1610 1643 τόπων
1666 1577 1739 1643 ἐν
1782 1585 1874 1666 τῷ
1928 1575 2315 1665 καλουμένῳ
2353 1597 2422 1646 39

386 1682 609 1749 Δέλτα
663 1684 780 1759 τὰς
835 1684 1038 1760 ἄλλας
1092 1678 1265 1748 εἶναι
1319 1686 1569 1767 νήσους
1621 1685 1892 1759 πλείους
1936 1694 2072 1747 τῶν
2127 1681 2316 1748 ἕπτα-

387 1792 666 1872 κοσίων,
714 1783 811 1854 ὧν
854 1790 971 1864 τὰς
1025 1784 1147 1871 μὲν
1194 1788 1323 1853 ὑπὸ
1371 1790 1728 1853 Αἰθιόπων
1783 1787 2317 1872 ἐπαντλουμένας

386 1900 830 1982 γεωργεῖσθαι
866 1893 1142 1983 κέγχρῳ,
1180 1895 1296 1971 τὰς
1334 1891 1409 1959 δὲ
1435 1897 1707 1980 πλήρεις
1741 1893 2063 1980 ὑπάρχειν
2090 1896 2315 1980 ὄφεων
2345 1915 2396 1957 15

385 2000 497 2069 καὶ
549 2001 1029 2087 κυνοκεφάλων
1082 1999 1193 2068 καὶ
1250 2002 1473 2068 ἄλλων
1524 2004 1792 2090 θηρίων
1844 2002 2316 2087 παντοδαπῶν,

385 2108 497 2176 καὶ
544 2112 656 2175 δία
700 2119 898 2176 τοῦτο
946 2109 1350 2196 ἀπροσίτους
1395 2105 1568 2176 εἶναι
1612 2121 1753 2189 τοῖς
1798 2110 2198 2205 ἀνθρώποις.

318 2236 351 2285 ὅ
560 2215 632 2282 Ὁ
678 2215 739 2281 δ’
787 2211 912 2283 οὗν
948 2220 1196 2294 Νεῖλος
1230 2217 1396 2283 κατὰ
1440 2219 1565 2302 τὴν
1601 2225 1948 2302 Αἴγυπτον
1984 2220 2080 2296 εἰς
2113 2218 2314 2283 πλείω

389 2320 554 2407 μέρη
602 2325 984 2406 σχιζόμενος
1023 2333 1206 2386 ποιεῖ
1243 2323 1320 2387 τὸ
1356 2323 1773 2406 καλούμενον
1819 2323 1947 2388 ἀπὸ
1992 2332 2114 2389 τοῦ
2161 2326 2316 2408 σχή-

320 2450 353 2498 6
390 2450 594 2510 ματος
647 2426 888 2492 Δέλτα.
977 2427 1223 2492 τούτου
1278 2423 1354 2491 δὲ
1416 2428 1534 2504 τὰς
1586 2425 1710 2511 μὲν
1770 2430 2059 2515 πλευρὰς
2121 2453 2316 2495 κατα·
2344 2450 2399 2490 20

389 2532 632 2617 γράφει
685 2533 767 2596 τὰ
809 2536 1152 2597 τελευταῖα
1205 2541 1343 2597 τῶν
1396 2532 1771 2617 ῥευμάτων,
1818 2535 1942 2617 τὴν
1988 2530 2062 2598 δὲ
2116 2536 2318 2618 βάσιν

390 2637 768 2723 ἀναπληροῖ
814 2639 890 2703 τὸ
947 2638 1311 2722 δεχόμενον
1363 2638 1647 2721 πέλαγος
1701 2639 1818 2715 τὰς
1872 2637 2147 2723 ἐκβολὰς
2194 2651 2317 2709 τοῦ

321 2766 351 2815 7
389 2752 706 2827 ποταμοῦ.
772 2743 982 2827 ἐξίησι
1011 2741 1073 2808 δ’
1110 2745 1205 2821 εἰς
1241 2745 1367 2828 τὴν
1403 2746 1745 2811 θάλατταν
1772 2742 1933 2810 ἑπτὰ
1970 2748 2314 2832 στόμασιν,

391 2845 487 2916 ὧν
531 2851 607 2915 τὸ
653 2845 777 2935 μὲν
819 2852 986 2937 πρὸς
1023 2849 1108 2916 ἕω
1147 2850 1536 2937 κεκλιμένον
1571 2849 1683 2917 καὶ
1719 2863 1986 2938 πρῶτον
2020 2858 2315 2919 καλεῖται

389 2959 887 3042 Πηλουσιακόν,
935 2959 1009 3023 τὸ
1049 2954 1124 3022 δὲ
1172 2959 1489 3045 δεύτερον
1534 2961 1906 3043 Τανιτικόν,
1954 2954 2094 3025 εἶτα
2130 2964 2316 3026 Μεν-
2344 2980 2398 3021 25

328 3112 332 3117 «
393 3066 632 3150 δήσιον
689 3061 802 3151 καὶ
863 3065 1259 3130 Φατνιτικὸν
1315 3063 1426 3131 καὶ
1490 3067 2012 3149 Σεβεννυτικόν,
2079 3069 2175 3132 ἔτι
2241 3064 2315 3134 δὲ

534 3299 564 3348 ’1
603 3293 702 3347 καὶ
737 3289 990 3364 ἀργύρου
1030 3308 1140 3348 om.
1168 3290 1246 3362 D,
1282 3292 1384 3348 καὶ
1419 3287 1671 3363 ἀργύρου
1708 3291 1808 3348 καὶ
1845 3291 2082 3365 σιδήρου
2120 3312 2228 3351 om.
2269 3295 2310 3352 C

391 3364 779 3449 9nn073vv8203v
818 3380 926 3421 om.
975 3361 1061 3418 OF
1210 3368 1277 3417 14
1311 3364 1600 3420 ὕπαντλου
1648 3361 1780 3428 ένας
1815 3364 1857 3421 C
1998 3372 2063 3421 16
2100 3362 2311 3493 ἄλλωἨ
2400 3414 2405 3419 .

389 3448 504 3483 των
539 3434 720 3486 αλλων
758 3433 807 3487 D
916 3440 986 3489 23
1024 3435 1306 3505 ποταμοῦ]
1345 3436 1559 3491 Νείλου
1642 3435 1685 3490 F
1795 3441 1865 3491 25
1903 3433 2222 3493 τανειτικόν

391 3502 460 3549 26
503 3504 879 3571 φατμνιτικόν
917 3505 1029 3562 OD.
