2569 4061
394 275 529 341 400
1074 273 1377 330 DIODORI
1415 273 1654 330 SICULI

395 441 609 515 αἰτίας
650 435 763 502 καὶ
807 439 1226 522 μιτρηφόρον
1273 436 1752 521 ὀναμάζεσθαι·
1800 435 1929 501 ἀπὸ
1969 432 2044 500 δὲ
2080 437 2330 520 ταύτης

399 554 516 629 τῆς
568 546 803 629 μίτρας
856 542 1141 629 ὕστερον
1195 544 1375 630 παρὰ
1429 554 1569 619 τοῖς
1623 547 1971 627 βασιλεῦσι
2026 544 2329 608 καταδει-

329 673 361 723 5
399 656 648 734 χθῆναι
690 653 767 716 τὸ
808 651 1098 734 διάδημά
1144 666 1327 734 φασι.
1403 650 1726 735 διμήτορα
1775 644 1835 714 δ’
1872 648 2080 714 αὐτὸν
2121 666 2328 731 προσ-

394 763 853 842 αγορευθῆναι
883 755 1153 840 λέγουσι
1192 756 1305 820 διὰ
1332 756 1407 820 τὸ
1435 757 1684 842 πατρὸς
1711 752 1834 841 μὲν
1864 753 2013 832 ἑνὸς
2041 755 2328 841 ὑπάρξαι
2359 763 2367 771 ’

394 866 553 941 τοὺς
591 864 716 929 δύο
743 865 1149 946 Διονύσους,
1188 860 1490 947 μητέρων
1530 858 1603 926 δὲ
1644 863 1856 927 δυοῖν.
1929 866 2327 947 κεκληρονο-
2353 880 2377 921 5
2427 879 2431 886 ¹

395 970 675 1056 μηκέναι
715 967 790 1036 δὲ
826 971 943 1035 τὸν
980 971 1311 1056 νεώτερον
1349 966 1458 1033 καὶ
1495 969 1613 1045 τὰς
1648 976 1771 1061 τοῦ
1798 967 2327 1056 προγενεστέρου

395 1078 689 1162 πράξεις·
749 1079 980 1161 διόπερ
1035 1079 1193 1152 τοὺς
1248 1073 1844 1160 μεταγενεστέρους
1899 1074 2325 1161 ἀνθρώπους,

399 1183 808 1266 ἀγνοοῦντας
861 1178 985 1266 μὲν
1039 1180 1357 1265 τάληθές,
1413 1180 1876 1262 πλανηθέντας
1924 1178 1998 1246 δὲ
2046 1182 2157 1247 διὰ
2203 1185 2327 1266 τὴν

330 1315 363 1363 6
402 1288 813 1371 ὁμωνυμίαν,
869 1286 989 1352 ἕνα
1041 1287 1391 1371 γεγονέναι
1436 1289 1705 1372 νομίσαι
1749 1289 2115 1355 Διόνυσον.
2205 1290 2327 1354 τὸν

398 1388 474 1459 δὲ
519 1394 828 1480 νάρθηκα
874 1395 1379 1479 προσάπτουσιν
1428 1394 1605 1482 αὐτῷ
1646 1395 1757 1459 διά
1792 1417 1981 1470 τινας
2016 1396 2327 1473 τοιαύτας
2357 1413 2404 1452 10

397 1501 625 1578 αἰτίας.
698 1502 863 1566 κατὰ
899 1502 1022 1585 τὴν
1059 1500 1126 1580 ἐξ
1165 1502 1370 1589 ἀρχῆς
1416 1501 1686 1589 εὕρεσιν
1731 1508 1854 1566 τοῦ
1900 1506 2094 1566 οἴνου
2130 1504 2323 1584 μήπω

397 1614 512 1690 τῆς
556 1616 678 1673 τοῦ
724 1607 969 1686 ὕδατος
1013 1610 1308 1693 κράσεως
1355 1606 1724 1695 εὑρημένης
1768 1608 2058 1693 ἄκρατον
2104 1610 2326 1674 πίνειν

399 1715 516 1779 τὸν
566 1710 779 1781 οἶνον·
828 1717 993 1781 κατὰ
1041 1712 1114 1780 δὲ
1159 1716 1273 1791 τάς
1318 1726 1453 1780 τῶν
1500 1717 1718 1799 φίλων
1765 1716 2325 1801 συναναστροφὰς

397 1819 508 1886 καὶ
556 1822 834 1908 εὐωχίας
880 1826 1037 1898 τοὺς
1084 1820 1646 1905 συνεορτάζοντας
1684 1822 1930 1904 δαψιλῆ
1968 1823 2087 1887 τὸν
2124 1822 2323 1905 ἄκρα-

398 1952 515 1993 τον
563 1927 1152 2014 ἐμφορησαμένους
1207 1926 1563 2010 μανιώδεις
1616 1928 1958 2010 γίνεσθαι,
2013 1923 2121 1991 καὶ
2176 1937 2326 2004 ταῖς
2359 1944 2410 1985 15

398 2039 782 2123 βακτηρίαις
846 2035 1141 2114 ξυλίναις
1203 2034 1591 2120 χρωμένους
1651 2035 1923 2111 ταύταις
1997 2033 2328 2117 ἀλλήλους

397 2143 683 2208 τύπτειν.
751 2143 855 2207 διὸ
892 2140 1002 2207 καὶ
1038 2152 1243 2207 τινῶν
1280 2138 1403 2227 μὲν
1441 2140 2080 2227 τραυματιζομένων,
2118 2152 2328 2208 τινῶν

401 2244 474 2313 δὲ
537 2247 647 2314 καὶ
711 2249 1173 2314 τελευτώντων
1238 2249 1311 2314 ἐκ
1372 2259 1526 2330 τῶν,
1566 2249 1845 2334 καιρίων
1904 2249 2324 2334 τραυμάτων,

398 2358 873 2442 προσκόψαντα
937 2357 1057 2419 τὸν
1120 2358 1472 2420 Διόνυσον
1534 2365 1677 2431 ταῖς
1740 2355 2079 2432 τοιαύταις
2141 2377 2326 2442 περι-

400 2462 667 2527 στάσεσι
722 2466 796 2528 τὸ
855 2459 976 2546 μὲν
1033 2462 1401 2545 ἀποστῆσαι
1454 2470 1576 2526 τοῦ
1630 2463 1850 2526 πίνειν
1907 2461 2155 2545 δαψιλῆ
2203 2465 2325 2528 τὸν
2354 2479 2407 2517 20

397 2570 685 2651 άκρατον
745 2568 1231 2651 ἀποδοκιμάσαι
1289 2569 1400 2631 διὰ
1447 2569 1570 2650 τὴν
1614 2568 1873 2651 ἡδονὴν
1919 2591 2042 2633 του
2088 2578 2324 2653 ποτοῦ,

396 2673 773 2751 καταδεῖξαι
848 2668 921 2737 δὲ
984 2672 1273 2818 νάρθηξι
1338 2679 1631 2760 χρῆσθαι
1694 2671 1804 2738 καὶ
1870 2676 1958 2757 μὴ
2025 2674 2327 2753 ξυλίναις

398 2781 798 2864 βακτηρίαις.

569 2882 984 2971 Ἐπωνυμίας
1045 2885 1105 2951 δ’
1160 2886 1337 2975 αὐτῷ
1399 2889 1555 2963 τοὺς
1610 2886 2015 2972 ἀνθρώπους
2075 2890 2326 2965 πολλὰς

396 2992 765 3079 προσάψαι,
821 2994 937 3070 τὰς
993 2993 1298 3081 ἀφορμὰς
1352 2991 1481 3058 ἀπὸ
1535 3002 1670 3057 τῶν
1723 2990 1876 3077 περὶ
1930 2992 2137 3059 αὐτὸν
2183 2993 2325 3059 ἐπι-
2353 3008 2406 3050 25

397 3100 826 3184 τηδευμάτων
872 3103 1213 3184 λαβόντας.
1297 3103 1622 3183 Βακχεῖον
1666 3094 1789 3182 μὲν
1834 3099 1962 3184 γὰρ
2009 3100 2137 3165 ἀπὸ
2184 3111 2326 3166 τῶν

397 3204 870 3289 συνεπομένων
934 3209 1198 3290 βακχῶν
1262 3203 1618 3287 ὀνομάσαι,
1683 3207 1990 3287 Ληναῖον
2056 3201 2130 3269 δὲ
2189 3205 2324 3272 ἀπὸ

394 3317 515 3371 τοῦ
574 3318 861 3394 πατῆσαι
919 3313 1034 3386 τὰς
1093 3310 1434 3394 σταφυλὰς
1489 3308 1561 3373 έν
1616 3313 1827 3396 ληνῷ,
1889 3312 2189 3397 Βρόμιον
2249 3307 2318 3376 δ’

539 3534 571 3579 5
610 3527 714 3583 δύο
744 3547 852 3587 om.
883 3532 923 3587 C
1033 3541 1064 3588 6
1104 3535 1201 3587 καὶ
1229 3550 1337 3588 om.
1371 3531 1476 3589 OF
1579 3539 1648 3587 26
1686 3532 1926 3605 βάκχιον
1963 3536 2030 3593 D.
