2569 4061
1049 320 1130 376 111
1169 328 1253 378 60.
1287 327 1371 377 61.
1848 322 1859 330 ⁴
2066 320 2198 387 365

262 485 678 563 Ἀτλαντίδες
750 482 863 549 καὶ
901 485 1195 568 -νύμφαι
1267 484 1382 549 διὰ
1451 485 1526 548 τὸ
1600 488 1758 563 τοὺς
1838 484 2201 570 ἐγχωρίους

270 601 466 677 κοινῇ
513 593 628 670 τὰς
671 599 991 675 γυναῖκας
1034 592 1305 676 νύμφας
1349 593 1894 677 προσαγορεύειν.

449 700 720 783 Κρόνον
758 694 832 763 δὲ
869 702 1397 782 μυθολογοῦσιν,
1445 696 1742 782 ἀδελφὸν
1777 694 1899 782 μὲν
1925 697 2202 765 ’Ἀτλαν-
2222 699 2304 765 61

275 828 396 882 τος
432 806 612 887 ὄντα,
661 801 1068 889 διαφέροντα
1116 801 1177 868 δ’
1223 803 1492 891 ἀσεβείᾳ
1525 800 1637 867 καὶ
1672 802 2041 890 πλεονεξίᾳ,
2086 812 2202 888 γῆ-

219 930 246 971 5
275 936 393 996 μαι
450 912 573 995 τὴν
635 910 937 994 ἀδελφὴν
985 907 1193 993 Ῥέαν,
1253 908 1322 987 ἐξ
1380 903 1461 992 ἧς
1518 917 1838 992 γεννῆσαι
1893 910 2032 973 Δία
2083 911 2204 974 τὸν

158 1008 271 1090 23ο
286 1013 642 1102 Ὀλύμπιον
688 1016 972 1101 ὕστερον
1018 1013 1478 1099 ἐπικληθέντα.
1568 1013 1919 1099 γεγονέναι
1975 1010 2049 1079 δὲ
2093 1012 2204 1080 καὶ

274 1123 505 1210 ἕτερον
568 1126 741 1205 Δία,
805 1123 924 1187 τὸν
989 1120 1287 1205 ἀδελφὸν
1350 1117 1473 1206 μὲν
1535 1121 1884 1208 Οὐρανοῦ,
1948 1129 2066 1205 τῆς
2131 1117 2204 1186 δὲ

278 1233 548 1316 Κρήτης
585 1227 1092 1312 βασιλεύσαντα,
1128 1235 1208 1312 τῇ
1247 1226 1408 1313 δόξῃ
1443 1230 1617 1294 πολὺ
1655 1230 2050 1312 λειπόμενον
2083 1235 2206 1292 τοῦ

273 1330 849 1421 μεταγενεστέρου.
949 1341 1201 1403 τοῦτον,
1256 1329 1377 1418 μὲν
1442 1328 1568 1399 οὖν
1631 1336 2022 1416 βασιλεῦσαι
2083 1342 2205 1400 τοῦ
2243 1356 2274 1404 2

194 1443 669 1526 ιοζσύμπαντος
695 1440 974 1524 κόσμου,
1010 1439 1130 1504 τὸν
1159 1434 1233 1504 δὲ
1259 1437 1805 1525 προγενέστερον,
1844 1440 2207 1506 δυναστεύ-

284 1568 447 1612 οντα
474 1554 589 1628 τῆς
625 1543 1106 1630 προειρημένης
1141 1547 1378 1628 νήσου,
1418 1544 1575 1610 δέκα
1611 1547 1854 1622 παῖδας
1887 1556 2207 1631 γεννῆσαι

282 1654 442 1727 τοὺς
479 1649 980 1734 ὀνομασθέντας
1008 1652 1387 1735 Κούρητας·
1423 1659 1959 1736 προσαγορεῦσαι
1996 1647 2070 1716 δὲ
2096 1649 2208 1716 καὶ

277 1758 403 1841 τὴν
467 1764 679 1840 νῆσον
743 1756 871 1822 ἀπὸ
934 1765 1051 1840 τῆς
1122 1758 1439 1840 γυναικὸς
1503 1752 1781 1840 Ἰδαίαν,
1854 1755 1930 1821 ἐν
1991 1747 2036 1842 ᾖ
2097 1755 2207 1822 καὶ

276 1867 764 1947 τελευτήσαντα
806 1872 1122 1948 ταφῆναι,
1170 1859 1610 1948 δεικνυμένου
1653 1871 1776 1928 τοῦ
1819 1863 1943 1946 τὴν
1986 1864 2210 1947 ταφὴν

198 1990 250 2033 15
283 1967 651 2056 δεξαμένου
694 1971 905 2037 τόπου
951 1968 1142 2057 μέχρι
1184 1980 1321 2037 τῶν
1364 1963 1522 2036 καθ’
1564 1969 1735 2055 ἡμᾶς
1778 1970 2060 2057 χρόνων.
2127 1969 2210 2035 οὐ
2247 1993 2279 2043 3

281 2079 414 2161 μὴν
472 2078 545 2143 οἵ
595 2101 671 2160 γε
729 2070 982 2163 Κρῆτες
1041 2079 1546 2162 ὁμολογούμενα
1597 2078 1861 2154 τούτοις
1914 2080 2213 2161 μυθολο-

279 2191 501 2268 γοῦσι,
546 2179 701 2268 περὶ
747 2179 844 2250 ὧν
887 2184 1077 2268 ἡμεῖς
1122 2182 1196 2249 ἐν
1239 2193 1382 2261 τοῖς
1425 2182 1579 2267 περὶ
1612 2186 1880 2270 Κρήτης
1922 2185 2005 2248 τὰ
2047 2184 2212 2248 κατὰ

280 2288 481 2376 μέρος
526 2289 1027 2375 ἀναγράψομεν·
1076 2291 1519 2357 δυναστεῦσαι
1556 2287 1637 2356 δέ
1676 2295 1845 2374 φασι
1879 2291 2000 2355 τὸν
2037 2291 2211 2376 Κρό-

280 2419 407 2461 νον
443 2398 609 2461 κατὰ
643 2399 965 2463 Σικελίαν
1000 2396 1112 2463 καὶ
1147 2398 1438 2482 Λιβύην,
1482 2398 1579 2462 ἔτι
1626 2394 1702 2462 δὲ
1745 2397 1870 2480 τὴν
1907 2391 2212 2480 Ἰταλίαν,

202 2521 259 2562 20
284 2500 397 2566 καὶ
441 2504 516 2567 τὸ
564 2504 855 2569 σύνολον
900 2502 976 2570 έν
1010 2514 1151 2581 τοῖς
1185 2505 1353 2591 πρὸς
1388 2501 1675 2589 ἑσπέραν
1708 2506 1936 2580 τόποις
1972 2505 2213 2587 συστή-

285 2613 539 2674 σασθαι
581 2610 706 2693 τὴν
750 2613 1121 2693 βασιλείαν·
1168 2612 1348 2697 παρὰ
1391 2619 1554 2676 πᾶσι
1590 2606 1666 2676 δὲ
1703 2619 2033 2697 φρουραῖς
2071 2611 2213 2675 δια·
2274 2651 2280 2656 -

284 2712 585 2799 κατέχειν
611 2717 729 2793 τὰς
756 2715 1151 2804 ἀκροπόλεις
1174 2714 1289 2783 καὶ
1313 2719 1471 2793 τοὺς
1497 2716 1784 2802 ὀχυροὺς
1817 2727 1954 2782 τῶν
1987 2718 2213 2782 τόπων

288 2821 626 2901 [τούτων]·
689 2818 807 2906 ἀφ’
861 2817 945 2887 οὗ
1001 2824 1084 2907 δὴ
1143 2820 1335 2908 μέχρι
1387 2831 1510 2888 τοῦ
1561 2830 1692 2887 νῦν
1744 2823 1994 2908 χρόνου
2047 2822 2214 2888 κατά

280 2948 351 2991 τε
386 2927 513 3011 τὴν
550 2930 869 2994 Σικελίαν
903 2926 1015 2994 καὶ
1050 2929 1132 2994 τὰ
1176 2930 1344 3016 πρὸς
1390 2926 1674 3015 ἑσπέραν
1717 2930 2002 2995 νεύοντα
2046 2927 2212 3014 μέρη

203 3049 257 3093 25
284 3036 577 3110 πολλοὺς
636 3043 774 3099 τῶν
834 3034 1116 3118 ὑψηλῶν
1176 3036 1401 3100 τόπων
1464 3031 1574 3101 ἀπ’
1637 3033 1896 3101 ἐκείνου
1954 3035 2213 3117 Κρόνια

282 3140 926 3225 προσαγορεύεσθαι.
1015 3144 1293 3227 Κρόνου
1338 3138 1414 3207 δὲ
1457 3144 1824 3226 γενόμενον
1875 3138 2030 3203 υἱὸν
2075 3141 2213 3203 Δία
2250 3157 2285 3207 4

287 3246 407 3311 τὸν
461 3245 772 3313 ἐναντίον
824 3254 917 3335 τῷ
973 3247 1174 3335 πατρὶ
1220 3250 1374 3332 βίον
1422 3253 1735 3333 ζηλῶσαι,
1781 3243 1893 3311 καὶ
1935 3246 2215 3331 παρεχό-

284 3374 493 3436 μενον
550 3352 791 3419 ἑαυτὸν
843 3362 1050 3420 πᾶσιν
1094 3353 1346 3440 ἐπιεικῆ
1391 3351 1504 3420 καὶ
1548 3353 2036 3439 φιλάνθρωπον
2080 3351 2213 3417 ὑπὸ

467 3515 497 3562 1
551 3510 649 3564 καὶ
732 3510 831 3565 καὶ
887 3506 953 3565 αἴ
1003 3510 1054 3565 II
1238 3517 1307 3567 16
1363 3509 1772 3582 μυθολογοῦσι]
1830 3504 1948 3562 savo
1987 3506 2111 3562 οὖσι
2162 3505 2215 3560 ΙΙ

288 3584 350 3634 17
390 3581 611 3651 κρητῶν
844 3587 913 3637 22
951 3579 1211 3653 ἰσχυροὺς
1246 3581 1296 3636 D
1442 3588 1511 3637 23
1548 3579 1763 3635 τούτων
1801 3577 1912 3633 del.
1999 3577 2113 3633 ind.
