2569 4061
390 286 524 352 320
1057 283 1366 340 monom
1404 281 1638 339 smnm

390 452 620 536 ψόφον
647 445 770 534 μὲν
805 450 1021 513 πολὺν
1059 448 1172 512 διὰ
1208 456 1345 512 τῶν
1382 445 1608 512 ὅπλων
1643 443 1986 529 ἐποίησαν,
2025 447 2327 535 ταραχὴνν

395 553 469 622 δὲ
524 552 635 620 καὶ
691 555 910 639 φόβον
968 555 1081 619 διὰ
1138 562 1254 637 τῆς
1307 562 1442 618 τῶν
1497 554 1716 637 ὄχλων
1768 551 2158 636 ἐπιφανείας
2211 550 2326 619 καὶ

393 662 796 745 σαλπύγγων.
900 662 976 726 τὸ
1043 655 1117 725 δὲ
1178 660 1429 744 θηρίον
1491 659 1616 742 τὴν
1679 654 1802 742 μὲν
1864 658 2137 724 εἴσοδον
2200 658 2326 744 οὐχ

390 765 699 852 ηὕρισκε,
753 768 894 851 τὴν,
933 764 1008 833 δὲ
1062 776 1198 831 τῶν
1249 775 1566 850 κυνηγῶν
1620 765 1838 850 ὁρμὴν
1880 767 2326 850 καταπληττό-

393 896 599 957 μενον
657 872 1031 958 κατέφυγεν
1090 873 1185 950 είς
1242 873 1319 937 τὸ
1373 874 1659 956 πλησίον
1713 869 2325 956 κατεσκευασμένον
2355 888 2382 928 ⁵

281 1057 287 1063 ,
325 1000 358 1049 5
397 983 692 1065 στόμιον.
757 975 1223 1063 πιμπλαμένου
1260 974 1336 1043 δὲ
1370 986 1493 1043 τοῦ
1530 978 1872 1044 πλοκάνου
1907 986 1986 1064 τῇ
2025 978 2328 1043 διαλύσει

397 1095 513 1172 τῆς
557 1088 846 1170 σπείρας,
888 1087 1200 1169 ἔφθασαν
1236 1093 1372 1150 τῶν
1406 1082 1719 1169 κυνηγῶν
1752 1107 1930 1162 τινες
1964 1086 2327 1170 προσιπτά-

396 1215 617 1277 μενοι,
670 1188 784 1256 καὶ
836 1191 965 1275 πρὸ
1020 1198 1143 1255 τοῦ
1201 1198 1580 1275 στραφῆναι
1635 1191 1756 1255 τὸν
1814 1182 1979 1275 ὄφιν
2038 1188 2145 1256 ἐπὶ
2199 1191 2327 1275 τὴν

396 1296 632 1375 ἔξοδον
690 1295 1134 1379 κατελάβοντο
1196 1297 1468 1380 δεσμοῖς
1523 1298 1600 1362 τὸ
1656 1299 1933 1381 στόμιον
1995 1300 2329 1384 πρόμηκες

397 1402 476 1467 ὃν
521 1400 635 1468 καὶ
680 1399 1330 1488 πεφιλοτεχνημένον
1370 1405 1536 1490 πρὸς
1571 1405 1821 1488 ταύτην
1855 1404 1980 1488 τὴν
2017 1403 2327 1488 ὀξύτητα·
2359 1423 2413 1465 ιο

398 1506 865 1588 ἐξελκύσαντες
911 1505 987 1574 δὲ
1022 1511 1098 1575 τὸ
1135 1511 1474 1576 πλόκανον
1509 1508 1620 1576 καὶ
1657 1510 2004 1595 φάλαγγας
2037 1509 2439 1583 ὑποθεῖν-204

327 1637 359 1686 6
397 1638 503 1695 τες
557 1614 891 1702 μετέωρον
935 1615 1190 1702 ἐξῆραν.
1281 1618 1359 1682 τὸ
1407 1613 1483 1682 δὲ
1535 1618 1785 1703 θηρίον
1839 1616 2328 1702 ἀπειλημμένον

398 1722 472 1787 ἐν
519 1721 1037 1812 ἀπεστενωμένῳ
1082 1723 1262 1811 τόπῳ
1310 1724 1490 1808 παρὰ
1538 1723 1750 1807 φύσιν
1796 1726 2124 1809 συριγμὸν
2159 1723 2329 1804 ἐξαί-

399 1845 549 1895 σιον
595 1829 784 1914 ἠφίει
818 1828 932 1894 καὶ
967 1839 1111 1906 τοῖς
1146 1828 1383 1895 ὀδοῦσι
1418 1829 1543 1912 τὴν
1578 1828 2017 1915 περιέχουσαν
2052 1840 2330 1913 σχοῖνον

403 1934 714 2020 κατέσπα,
751 1937 968 2022 πάντῃ
1011 1933 1086 2002 δὲ
1124 1936 1588 2021 διασειόμενον
1623 1938 2032 2022 προσδοκίαν
2059 1934 2330 2020 ἐποίησε
2360 1954 2415 1997 15

401 2054 542 2123 τοῖς
608 2043 936 2130 φέρουσιν
1000 2044 1090 2121 ὡς
1153 2043 1530 2128 ἐκπηδῆσον
1593 2043 1665 2110 ἐκ
1728 2054 1852 2111 τοῦ
1912 2042 2332 2130 περιέχοντος

401 2150 563 2217 αὐτὸ
594 2153 1176 2237 φιλοτεχνήματος.
1245 2151 1353 2217 διὸ
1389 2147 1502 2216 καὶ
1536 2149 2059 2234 καταπλαγέντες
2085 2152 2333 2217 ἔθεσαν

402 2255 509 2322 ἐπὶ
560 2258 691 2341 τὴν
743 2266 873 2342 γῆν
925 2259 1045 2323 τὸν
1100 2258 1293 2341 ὄφιν,
1347 2255 1459 2323 καὶ
1512 2259 1670 2334 τοὺς
1725 2253 1878 2342 περὶ
1935 2257 2058 2340 τὴν
2121 2258 2333 2344 οὐρὰν

404 2367 652 2442 τόπους
707 2373 1262 2441 κατακεντοῦντες
1319 2362 1842 2450 ἀντιπεριέσπων
1901 2372 2023 2429 τοῦ
2079 2366 2333 2450 θηρίου

403 2472 523 2536 τὸν
569 2470 697 2536 ἀπὸ
744 2481 880 2537 τῶν
927 2471 1228 2536 ὀδόντων
1276 2471 1670 2556 σπαραγμὸν
1707 2467 1814 2536 ἐπὶ
1849 2471 1974 2554 τὴν
2010 2476 2334 2556 αἴσθησιν
2361 2491 2414 2532 20

335 2594 367 2643 ’1
405 2586 542 2641 τῶν
609 2575 998 2658 ἀλγούντων
1061 2586 1300 2662 μερῶν.
1392 2576 1868 2659 ἀπενέγκαντες
1929 2574 1991 2640 δ’
2053 2578 2151 2655 εἰς
2213 2579 2335 2662 τὴν

396 2677 902 2768 Ἀλεξάνδρειαν
965 2680 1388 2768 ἐδωρήσαντο
1449 2693 1541 2771 τῷ
1600 2686 1889 2768 βασιλεῖ,
1953 2682 2335 2770 παράδοξον

401 2785 625 2871 θέαμα
669 2785 783 2852 καὶ
829 2797 970 2865 τοῖς
1015 2787 1384 2855 ἀκούσασιν
1429 2789 1935 2875 ἀπιστούμενον.
2005 2799 2088 2876 τῇ
2135 2784 2198 2856 δ’
2231 2789 2336 2856 έν-

405 2895 553 2982 δείᾳ
617 2902 732 2979 τῆς
796 2904 1052 2981 τροφῆς
1115 2899 1694 2981 καταπονήσαντες
1755 2898 1878 2980 τὴν
1941 2896 2150 2980 ἀλκὴν
2211 2906 2336 2963 τοῦ

402 3004 655 3089 θηρίου
700 3004 985 3069 τιθασὸν
1034 3001 1106 3068 ἐκ
1151 3011 1273 3069 τοῦ
1317 3001 1459 3069 κατ’
1504 3004 1734 3087 ὀλίγον
1781 3002 2121 3088 ἐποίησαν,
2167 3004 2335 3070 ὥστε
2363 3024 2415 3065 25

333 3126 367 3177 8
405 3111 805 3195 θαυμαστὴν
859 3110 1068 3177 αὐτοῦ
1121 3108 1448 3195 γενέσθαι
1490 3111 1617 3195 τὴν
1662 3109 2084 3199 ἐξημέρωσιν.
2177 3110 2215 3178 ὁ
2260 3106 2335 3176 δὲ

404 3267 798 3393 δομῖμιὲνηςῃ
756 3266 949 3324 malim
979 3271 1052 3338 (v.
1079 3269 1168 3338 10)
1317 3274 1345 3321 1
1382 3266 1583 3356 ψόφον
1613 3284 1722 3323 om.
1752 3267 1803 3322 D
1916 3263 2258 3339 ἐποίησαντο
2285 3267 2337 3322 Π

982 3344 1013 3394 ’1
1049 3356 1214 3408 προσι
1214 3336 1583 3408 ππασάμενοι
1616 3339 1671 3393 II
1816 3344 1879 3394 12
1901 3338 2205 3426 μετεωρότ
2174 3359 2336 3410 τερον

404 3406 626 3462 codices
680 3410 840 3478 (corr.
890 3409 1075 3465 Tzetz.
1115 3409 1258 3465 Chil.
1299 3416 1350 3477 3,
1390 3409 1516 3478 927)
1664 3415 1731 3465 17
1779 3405 1921 3465 αὐτὸ
1971 3413 2102 3467 ante
2142 3406 2206 3466 ἐκ
2242 3428 2332 3467 οο-

404 3473 575 3542 dices,
615 3493 753 3531 corr.
792 3479 998 3534 Reiske
1179 3485 1248 3534 25
1286 3483 1404 3549 θηρ
1407 3482 1497 3534 ιὀυ
1535 3477 1642 3549 ΟΕ,
1677 3482 1891 3552 θηρίου
1927 3477 2030 3536 τὸν
2066 3476 2183 3537 ἀπὸ
2220 3501 2334 3536 των

406 3536 658 3597 ὀδόντων
697 3548 870 3601 ceteri
906 3549 997 3616 (cf.
1037 3567 1088 3603 v.
1129 3552 1237 3617 20).
