2569 4061
869 465 896 516 Ι
934 471 1018 520 77.
1052 472 1134 522 78.
1168 472 1251 522 79.
1902 467 2028 532 133

106 626 217 692 καὶ
262 639 394 693 τῶν
448 624 571 711 μὲν
615 629 696 691 τὰ
750 626 1091 714 ἀπόρρητα
1137 639 1275 704 τοῖς
1329 633 1666 713 πολεμίοις
1722 630 2028 713 ἀπαγγει-
2067 652 2100 700 3

106 734 363 798 λάντων
391 732 732 799 ἐπέταττεν
771 733 808 799 ὁ
837 736 1042 817 νόμος
1080 732 1509 818 ἐκτέμνεσθαι
1545 736 1668 817 τὴν
1702 741 2027 820 γλῶτταν,

107 850 242 903 τῶν
307 834 380 902 δὲ
433 840 506 903 τὸ
571 841 863 922 νόμισμα
917 842 1480 924 παρακοπτόντων
1543 839 1584 922 ἢ
1649 839 1849 926 μέτρα
1913 842 2026 908 καὶ

107 946 369 1029 σταθμὰ
401 945 960 1030 παραποιούντων
988 944 1029 1027 ἢ
1065 935 1646 1031 παραγλυφόντων
1672 947 1788 1022 τὰς
1816 963 2029 1032 σφρα-

54 1069 79 1109 5
107 1052 314 1133 γῖδας,
363 1053 457 1115 ἔτι
506 1046 578 1115 δὲ
624 1061 759 1115 τῶν
805 1050 1242 1135 γραμματέων
1288 1061 1423 1116 τῶν
1469 1053 1738 1130 ψευδεῖς
1782 1077 2032 1138 χρημα-

106 1161 375 1242 τισμοὺς
403 1160 805 1243 γραφόντων
832 1157 874 1241 ἢ
913 1156 1386 1243 ἀφαιρούντων
1414 1181 1476 1222 τι
1508 1169 1644 1223 τῶν
1674 1158 2034 1243 ἐγγεγραμ-

104 1264 343 1359 μένων,
383 1263 493 1329 καὶ
521 1275 656 1328 τῶν
683 1265 799 1341 τὰς
824 1264 1094 1342 ψευδεῖς
1133 1266 1524 1349 συγγραφὰς
1552 1265 2035 1351 ἐπιφερόντων,

106 1350 481 1455 ἀμφοτέρας
520 1367 861 1434 ἐκέλευσεν
901 1369 1395 1435 ἀποκόπτεσθαι
1422 1373 1536 1448 τὰς
1570 1382 1814 1456 χεῖρας,
1853 1372 2033 1449 ὅπως

106 1468 207 1553 οἷς
261 1475 534 1552 ἕκαστος
584 1474 810 1559 μέρεσι
866 1484 986 1539 τοῦ
1042 1476 1343 1560 σώματος
1396 1482 1890 1563 παρενόμησεν,
1939 1481 2032 1556 εἰς

26 1601 77 1639 10
103 1575 309 1646 ταῦτα
356 1583 793 1663 κολαζόμενος
839 1580 1038 1657 αὐτὸς
1092 1578 1213 1664 μὲν
1260 1582 1449 1668 μέχρι
1493 1589 1797 1669 τελευτῆς
1848 1585 2034 1651 ἀνία-

103 1711 225 1751 τον
264 1688 377 1769 ἔχῃ
415 1686 538 1767 τὴν
576 1686 954 1770 συμφοράν,
982 1690 1139 1763 τοὺς
1177 1685 1240 1751 δ’
1277 1689 1520 1764 ἄλλους
1560 1691 1670 1753 διά
1706 1700 1820 1773 τῆς
1859 1692 2032 1766 ἰδίας

105 1793 423 1875 τιμωρίας
467 1795 816 1855 νουθετῶν
866 1790 1199 1877 ἀποτρέπῃ
1246 1803 1382 1857 τῶν
1429 1793 1678 1877 ὁμοίων
1723 1819 1787 1858 τι
1833 1797 2035 1880 πράτ-

105 1920 264 1962 τειν.
338 1896 565 1982 πικροὶ
612 1894 685 1961 δὲ
731 1895 840 1962 καὶ
875 1896 1027 1983 περὶ
1071 1889 1205 1963 τῶν
1241 1909 1582 1981 γυναικῶν
1626 1901 1821 1982 νόμοι
1867 1898 2022 1985 παρ’
2070 1920 2106 1968 4

104 2004 336 2081 αὐτοῖς
381 2004 695 2091 ὑπῆρχον.
784 2014 905 2070 τοῦ
951 2002 1073 2090 μὲν
1118 2007 1246 2092 γάρ
1293 2004 1704 2091 βιασαμένου
1750 2017 2035 2090 γυναῖκα

26 2130 78 2170 15
107 2110 472 2198 ἐλευθέραν
552 2110 967 2197 προσέταξαν
1049 2113 1544 2178 ἀποκόπτεσθαι
1623 2115 1704 2178 τά
1788 2115 2034 2197 αἰδοῖα,

107 2222 498 2303 νομίσαντες
543 2220 660 2283 τὸν
695 2227 1004 2284 τοιοῦτον
1052 2228 1167 2306 μιᾷ
1212 2220 1446 2306 πράξει
1482 2222 1843 2308 παρανόμῳ
1885 2223 2035 2306 τρία

107 2328 185 2389 τὰ
232 2324 503 2409 μέγιστα
548 2336 683 2390 τῶν
729 2336 949 2390 κακῶν
996 2325 1452 2412 ἐνηργηκέναι,
1507 2328 1629 2408 τὴν
1666 2326 1878 2413 -ὕβριν
1924 2324 2035 2390 καὶ

106 2432 228 2513 τὴν
282 2433 557 2517 φθοράν
611 2429 723 2496 καὶ
775 2432 899 2514 τὴν
943 2441 1078 2496 τῶν
1133 2430 1383 2496 τέκνων
1430 2433 1784 2516 σύγχυσιν·
1853 2435 1917 2498 εἰ
1960 2431 2039 2496 δέ
2070 2455 2102 2503 5

110 2560 207 2613 τις
245 2541 473 2614 πείσας
514 2537 880 2621 μοιχεύσαι,
917 2538 1039 2601 τὸν
1085 2534 1207 2621 μὲν
1244 2537 1459 2622 ἄνδρα
1506 2537 1780 2622 ῥάβδοις
1817 2541 2031 2622 χιλίας

27 2659 83 2699 2⁰
111 2644 364 2726 πληγὰς
417 2645 780 2728 λαμβάνειν
836 2642 1173 2728 ἐκέλευον,
1228 2653 1346 2728 τῆς
1401 2639 1475 2708 δὲ
1539 2645 1854 2727 γυναικὸς
1909 2647 2033 2729 τὴν

0 2770 68 2818 9ο
107 2750 262 2833 ῥῖνα
317 2754 802 2833 κολοβοῦσθαι,
856 2751 1442 2834 ὑπολαμβάνοντες
1497 2751 1640 2816 δεῖν
1700 2761 1815 2835 τῆς
1869 2754 2034 2838 πρὸς

106 2856 580 2942 ἀσυγχώρητον
618 2857 942 2942 ἀκρασίαν
969 2856 1540 2941 καλλωπιζομένης
1574 2858 2033 2944 ἀφαιρεθῆναι

105 2965 184 3027 τά
230 2963 512 3048 μάλιστα
558 2972 934 3047 κοσμοῦντα
979 2964 1102 3047 τὴν
1149 2963 1568 3049 εὐπρέπειαν.

293 3073 466 3147 Τοὺς
486 3066 560 3134 δὲ
578 3067 728 3155 περὶ
749 3080 884 3134 τῶν
907 3073 1334 3153 συμβολαίων
1352 3073 1602 3155 νόμους
1619 3071 2032 3155 Βοκχόριδος
2055 3069 2135 3134 79

21 3189 76 3230 25
104 3171 284 3242 εἷναί
324 3193 505 3261 φασι.
598 3176 1079 3262 προστάττουσι
1127 3173 1200 3240 δὲ
1253 3181 1411 3253 τοὺς
1456 3174 1580 3261 μὲν
1627 3177 2030 3259 ἀσύγγραφα

105 3281 647 3367 δανεισαμένους,
677 3281 761 3346 ἂν
798 3283 885 3366 μὴ
915 3283 1262 3367 φάσκωσιν
1300 3283 1618 3367 ὀφείλειν,
1658 3283 2031 3365 ὀμόσαντας

104 3389 521 3454 ἀπολύεσθαι
549 3395 668 3453 τοῦ
699 3390 990 3472 δανείου,
1014 3400 1280 3474 πρῶτον
1308 3384 1430 3473 μὲν
1458 3390 1635 3464 ὅπως
1663 3386 1736 3451 ἐν
1766 3383 2027 3469 μεγάλῳ

247 3587 278 3635 2
337 3577 367 3637 ὃ
425 3598 532 3639 om.
580 3579 629 3633 D
773 3586 807 3635 3
861 3573 898 3649 ἢ
943 3578 1124 3669 μέτρα
1169 3573 1205 3647 ἢ
1245 3574 1476 3648 στάθμα
1520 3578 1574 3664 1)..
1585 3620 1598 3644 ,
1634 3571 1686 3664 ἢ
1721 3571 1886 3655 ἕτερα
1930 3569 2030 3626 καὶ

104 3648 376 3723 ἀσταθμα
416 3651 475 3719 C,
509 3646 549 3721 (ἢ
592 3650 756 3720 ἕτερα
792 3671 963 3706 καινα
1003 3648 1232 3737 στάθμα
1272 3648 1335 3703 F
1473 3655 1507 3702 4
1551 3644 1614 3786 ἠὲ
1652 3665 1686 3713 η
1725 3663 1838 3729 τ’ων
1875 3644 2027 3710 vulg.

104 3729 135 3777 9
191 3722 426 3786 ἕκαστος
463 3720 548 3786 οἷς
584 3722 736 3792 vulg.
888 3728 955 3776 17
1012 3739 1081 3772 τα
1121 3736 1230 3772 om.
1269 3719 1311 3770 C
1456 3723 1526 3769 24
1618 3714 1924 3780 οκχωριδος
1961 3711 2026 3761 D.
