2569 4061
1029 324 1107 379 IV
1146 330 1232 380 32.
1264 331 1350 380 33.
2018 325 2147 389 447

225 488 631 565 πλεύσαντες
677 488 805 553 ἀπὸ
851 497 967 571 τῆς
1012 497 1148 572 γῆς.
1228 485 1598 572 Λαομέδων
1646 486 1706 553 δ’
1761 488 2151 553 ἐπανελθὼν
2186 510 2222 558 4

226 593 338 659 καὶ
384 597 549 681 πρὸς
592 604 672 681 τῇ
719 598 907 660 πόλει
952 605 1095 670 τοῖς
1140 587 1294 677 μεθ’
1337 590 1743 675 Ἡρακλέους
1788 596 2149 678 συμβαλὼν

228 700 426 777 αὐτός
452 723 520 766 τε
549 703 740 766 ἔπεσε
767 699 879 765 καὶ
905 710 1039 765 τῶν
1079 697 1715 782 συναγωνιζομένων
1752 700 1824 763 oc
1853 703 2149 776 πλείους·

219 804 550 892 Ἡρακλῆς
596 804 670 872 δὲ
715 808 839 890 τὴν
884 809 1081 871 πόλιν
1129 804 1300 898 ἑλὼν
1344 806 1509 870 κατὰ
1554 805 1793 889 κράτος
1837 803 1945 869 καὶ
1992 811 2149 870 πολ-

176 931 202 971 5
231 916 391 990 λοὺς
454 914 528 979 έν
591 924 833 999 χειρῶν
896 914 1079 1000 νόμῳ
1144 911 1601 994 κατασφάξας,
1669 911 1952 999 Πριάμῳ
2025 912 2149 995 τὴν

227 1021 572 1101 βασιλείαν
618 1017 917 1083 ἀπέδωκε
963 1027 1098 1080 τῶν
1139 1014 1439 1082 Ἰλιαδῶν
1488 1018 1599 1081 διὰ
1644 1018 1768 1100 τὴν
1816 1019 2146 1082 δικαιοσύ-

226 1145 384 1207 νην·
442 1120 637 1200 οὗτος
689 1125 816 1209 γὰρ
872 1125 1077 1206 μόνος
1121 1134 1256 1188 τῶν
1301 1124 1470 1188 υἱῶν
1514 1132 1636 1188 τοῦ
1689 1123 2150 1207 Λαομέδοντος
2187 1147 2219 1194 5

228 1229 739 1313 ἐναντιούμενος
812 1238 903 1316 τῷ
978 1226 1177 1314 πατρὶ
1255 1230 1372 1305 τὰς
1452 1230 1694 1306 ἵππους
1776 1229 2149 1295 ἀποδοῦναι

229 1337 758 1419 συνεβούλευσεν
820 1343 908 1423 τῷ
964 1331 1284 1421 Ἡρακλεῖ
1340 1337 1503 1400 κατὰ
1544 1338 1683 1413 ’τὰς
1743 1336 2147 1420 ἐπαγγελίας.

146 1462 200 1501 10
229 1441 265 1507 ὁ
331 1440 392 1506 δ’
455 1439 782 1526 “Ηρακλῆς
855 1439 1271 1527 ἐστεφάνωσε
1345 1445 1702 1526 Τελαμῶνα
1774 1443 2147 1527 ἀριστείοις,

230 1551 391 1624 δοὺς
456 1548 633 1635 αὐτῷ
698 1549 820 1630 τὴν
880 1547 1348 1630 Λαομέδοντος
1411 1547 1749 1633 θυγατέρα
1799 1546 2146 1633 “Ησιόνην·

229 1649 424 1730 οὗτος
469 1656 595 1738 γὰρ
641 1655 806 1718 κατὰ
851 1655 974 1737 τὴν
1020 1655 1411 1739 πολιορκίαν
1456 1665 1715 1741 πρῶτος
1749 1655 2151 1737 βιασάμενος

228 1756 566 1826 εἰσέπεσεν
622 1762 715 1836 εἰς
758 1761 890 1843 τὴν
936 1762 1154 1843 πόλιν,
1202 1756 1610 1846 Ἡρακλέους
1654 1762 2151 1846 προσβαλόντος

225 1867 391 1931 κατὰ
426 1868 501 1931 τὸ
537 1867 1036 1951 καρτερώτατον
1083 1865 1281 1952 μέρος
1325 1875 1447 1931 τοῦ
1491 1869 1750 1949 τείχους
1796 1874 1910 1949 τῆς
1956 1865 2150 1950 ἀκρο-

147 1991 199 2033 15
226 1976 496 2052 πόλεως.

405 2081 597 2145 Μετὰ
655 2076 729 2145 δὲ
783 2088 989 2145 ταῦτα
1035 2077 1370 2165 “Ηρακλῆς
1425 2076 1546 2164 μὲν
1607 2079 1995 2146 ἐπανελθὼν
2056 2082 2148 2157 είς
2170 2082 2253 2146 33

231 2189 753 2271 Πελοπόννησον
827 2186 1261 2272 ἐστράτευσεν
1336 2184 1460 2260 ἐπ’,
1506 2186 1776 2269 Αὐγέαν
1843 2187 1953 2251 διὰ
2025 2188 2149 2271 τὴν

231 2290 672 2376 ἀποστέρησιν
708 2301 830 2358 τοῦ
867 2299 1148 2377 μισθοῦ·
1212 2291 1575 2377 γενομένης
1622 2289 1697 2357 δὲ
1741 2293 1948 2376 μάχης
1983 2294 2149 2378 πρὸς

228 2400 386 2472 τοὺς
441 2392 769 2483 Ἠλείους,
835 2402 982 2464 τότε
1043 2395 1163 2484 μὲν
1222 2400 1553 2485 ἄπρακτος
1612 2398 1990 2482 ἐπανῆλθεν
2056 2401 2150 2475 είς

121 2502 527 2575 278’Ώλενον
579 2506 745 2590 πρὸς
788 2505 1201 2589 Δεξαμενόν·
1246 2514 1362 2587 τῆς
1409 2501 1483 2569 δὲ
1526 2505 1770 2569 τούτου
1815 2507 2152 2590 θυγατρὸς

147 2631 199 2669 21
219 2608 612 2696 Ἱππολύτης
648 2611 1186 2696 συνοικιζομένης
1224 2606 1463 2695 Ἀζᾶνι,
1502 2613 1923 2677 συνδειπνῶν
1951 2608 2151 2698 Ἡρα-

226 2722 388 2801 κλῆς
433 2717 545 2783 καὶ
588 2719 1006 2803 θεασάμενος
1053 2719 1126 2783 ἐν
1172 2729 1311 2794 τοῖς
1358 2720 1594 2803 γάμοις
1639 2719 1994 2804 ὑβρίζοντα
2032 2721 2150 2784 τὸν

226 2822 619 2910 Κένταυρον
654 2826 1052 2911 Εὐρυτίωνα
1095 2822 1208 2890 καὶ
1251 2826 1375 2908 τὴν
1411 2823 1808 2908 Ἱππολύτην
1853 2829 2150 2909 βιαζόμε-

226 2953 374 3013 νον,
434 2930 833 2996 ἀπέκτεινεν.
925 2933 1021 3008 εἰς
1074 2934 1380 3016 Τίρυνθα
1435 2928 1509 2996 δὲ
1546 2929 1950 3017 “Ηρακλέους
1997 2930 2149 2994 έπα-
2187 2951 2218 2999 2

147 3052 200 3093 25
227 3037 622 3119 νελθόντος,
678 3038 1081 3123 Εὐρυσθεὺς
1126 3040 1589 3122 αἰτιασάμενος
1634 3038 1839 3102 αὐτὸν
1886 3036 2149 3118 ἐπιβου-

233 3141 454 3206 λεύειν
489 3149 569 3225 τῇ
598 3145 900 3230 βασιλεία
928 3142 1329 3230 προσέταξεν
1357 3143 1675 3208 ἀπελθεῖν
1704 3142 1776 3206 ἐκ
1812 3144 2149 3225 Τίρυνθος

230 3247 438 3312 αὐτόν
474 3268 545 3311 τε
581 3247 692 3312 καὶ
725 3250 849 3333 τὴν
878 3249 1251 3335 Ἀλκμήνην
1279 3246 1389 3315 καὶ
1420 3246 1707 3333 Ἰφικλέα
1733 3245 1842 3313 καὶ
1872 3244 2146 3311 Ἰόλαον.

231 3355 463 3440 διόπερ
520 3353 965 3438 ἀναγκασθεὶς
1020 3359 1228 3441 ἔφυγε
1281 3357 1445 3441 μετὰ
1489 3356 1747 3420 τούτων
1790 3351 1901 3417 καὶ
1944 3347 2151 3440 κατςό-

372 3519 404 3566 6
437 3507 679 3568 Ἰλιαίων
718 3512 759 3568 C
924 3518 956 3569 8
995 3510 1117 3584 τὰς]
1155 3509 1289 3575 τοὺς
1326 3512 1380 3565 ΙΙ
1532 3518 1564 3566 9
1604 3513 1794 3584 σννεβ.
1830 3505 2153 3565 ἀποδοῦναι

225 3581 379 3651 vulg.
470 3589 537 3638 21
580 3579 788 3649 ἆζανεῑ
815 3584 882 3653 D,
923 3579 1092 3650 ἇξάνι
1129 3584 1197 3639 ΙΙ.
