2569 4061
385 191 589 248 LXXII
1132 189 1564 247 PRAEFATIO.

389 360 688 437 scriptura
735 357 978 419 Graecis
1033 378 1152 421 non
1205 360 1406 421 minus
1461 358 1765 420 reddenda
1825 378 2006 436 quam
2060 360 2312 436 Latinis,

388 457 504 518 etsi
530 456 766 516 nullum
793 456 921 516 eius
949 457 1276 534 vestigium
1303 458 1369 517 in
1404 457 1575 518 libris
1605 456 1854 517 Diodori
1863 451 1927 537 ²¹⁶)
1967 459 2312 535 pariterque

386 552 682 614 Herodoti
739 557 800 614 et
845 553 1218 614 Aristotelis:
1273 553 1537 614 Dindorf
1586 555 1673 616 ed.
1723 555 1951 615 Teubn.
1982 554 2036 612 V
2066 576 2124 632 p.
2145 555 2308 614 XIII.

573 648 730 724 Υἰεῖς
777 671 960 728 quum
1010 651 1093 713 sit
1137 652 1201 712 111
1247 651 1523 713 omnibus
1583 655 1822 713 tantum
1874 655 1974 727 12,
2008 655 2109 731 12,
2140 655 2197 731 5,
2243 657 2312 714 ut

389 754 447 827 2,
482 753 586 827 26,
615 751 654 810 8
703 749 1008 811 Gemistus
1062 747 1242 826 υἱεῖς,
1310 750 1527 810 ceteris
1581 749 1729 810 10018
1786 750 2065 810 omnibus
2118 750 2312 827 iisque

387 848 708 925 permultis
745 845 940 924 υἱούς,
978 847 1259 908 credibile
1299 850 1392 907 est
1427 845 1657 907 formae
1692 844 1843 919 υἱεῖς
1878 864 1998 906 11011
2024 847 2313 907 maiorem

387 945 547 1023 apud
592 946 921 1006 Diodorum
977 963 1157 1021 quam
1212 945 1374 1022 apud
1420 943 1740 1021 Polybium
1796 961 1928 1004 esse
1981 943 2188 1022 fidem,
2242 946 2315 1003 ut

389 1041 564 1115 υἱοὺς
611 1059 843 1117 semper
891 1039 1042 1101 dixit
1087 1040 1427 1118 Dionysius.

572 1137 822 1218 Φάρυγα
864 1140 921 1214 2,
952 1140 1056 1213 58,
1086 1140 1123 1199 3
1166 1138 1379 1215 scripsi
1412 1159 1523 1216 pro
1560 1138 1854 1220 φάρυγγα.
1924 1136 2094 1209 Quod
2138 1138 2313 1198 nihili

388 1255 520 1297 esse
567 1235 746 1296 hodie
790 1254 966 1296 nemo
1013 1236 1269 1298 dubitat.

572 1329 743 1413 Φέρω
797 1333 969 1395 verbi
1024 1334 1282 1396 aoristos
1340 1334 1499 1395 inter
1555 1333 1816 1412 primum
1870 1338 1934 1395 et
1987 1334 2313 1394 secundum

388 1432 571 1494 activi
608 1432 671 1493 in
707 1431 1025 1508 participio
1052 1432 1312 1492 maxime
1347 1432 1435 1493 ita
1470 1433 1670 1494 variat
1707 1432 2004 1508 scriptura
2041 1430 2112 1491 ut
2138 1431 2313 1492 modo

388 1530 663 1591 omnibus
718 1530 895 1590 modo
951 1529 1299 1591 melioribus
1355 1530 1419 1589 in
1472 1529 1644 1591 libris
1701 1530 1782 1590 sit
1837 1531 1944 1589 aut
1988 1529 2152 1605 prior
2208 1531 2317 1588 aut

387 1629 574 1705 alter,
631 1631 693 1689 et
737 1645 912 1688 nemo
960 1627 1179 1687 dixerit
1223 1627 1483 1688 secundo
1538 1631 1777 1687 tantum
1823 1645 1900 1686 an
1945 1627 2132 1702 priori
2175 1645 2312 1700 pro-

387 1725 612 1785 miscue
652 1743 788 1784 cum
824 1724 931 1783 1110
968 1743 1114 1783 118118
1153 1724 1236 1783 sit
1260 1722 1559 1784 Diodorus
1571 1718 1694 1803 **).
1761 1724 1877 1782 Sed
1914 1724 2085 1782 verbi
2114 1718 2313 1800 φορέω

388 1823 610 1882 aoristo
664 1821 898 1880 novicio
964 1816 1266 1898 φορέσασα
1329 1821 1429 1896 16,
1471 1821 1572 1895 64,
1612 1822 1649 1877 2
1707 1817 2040 1879 Diodorum
2092 1819 2347 1902 liberat-

387 1912 466 1997 (P
485 1918 777 1993 praebens
806 1913 1122 1996 φορήσασα
1150 1909 1238 1997 et)
1260 1911 1602 1994 ἐμφορήσας
1631 1918 1731 1993 16,
1750 1917 1852 1992 93,
1872 1919 1905 1975 7
1931 1918 1993 1975 et
2017 1918 2117 1994 19,
2137 1917 2237 1992 70,
2256 1918 2312 1977 5.

573 2134 629 2204 *)
665 2139 717 2202 3,
746 2136 957 2188 31-40
996 2130 1045 2184 D
1094 2147 1221 2186 cum
1268 2132 1471 2186 ceteris
1516 2130 1679 2188 libris
1730 2130 1963 2187 exhibet
2012 2133 2316 2201 Τρωγλοδ-,

387 2215 448 2269 at
488 2219 536 2281 1,
566 2219 652 2282 30,
682 2219 742 2281 33
781 2218 831 2279 3,
859 2217 948 2282 41,
976 2216 1035 2278 43
1085 2217 1137 2280 3,
1164 2218 1252 2282 48,
1283 2217 1316 2265 5
1360 2209 1787 2281 Ίρωγοδυτική,
1844 2227 2028 2280 neque
2073 2210 2135 2265 id
2181 2227 2315 2266 casu

386 2292 602 2347 factum
639 2292 743 2348 est.
815 2256 964 2345 ’Nam
1011 2254 1137 2345 1118
1158 2307 1291 2359 pars
1329 2296 1380 2359 2,
1408 2296 1545 2345 46-
1554 2298 1605 2360 3,
1634 2298 1703 2345 40
1739 2291 1801 2344 in
1836 2292 1886 2345 D
1927 2291 2191 2361 suppleta
2228 2290 2317 2345 est

385 2387 559 2424 manu
589 2370 801 2425 saeculi
827 2369 976 2424 XIII.
1034 2368 1198 2423 Nunc
1226 2384 1318 2421 me
1346 2369 1602 2438 paenitet
1627 2371 1835 2424 formas
1867 2370 1986 2424 sine
2014 2375 2042 2423 λ
2073 2370 2315 2458 scriptas

386 2449 637 2505 Diodoro
675 2465 791 2503 11011
826 2446 1158 2503 reddidisse.

531 2530 617 2598 **)
659 2525 891 2598 ἐνέγκαι
938 2529 1070 2582 ante
1121 2529 1526 2583 consonantem
1565 2534 1615 2595 5,
1646 2533 1734 2596 71,
1765 2532 1821 2593 13
1862 2532 1946 2594 13,
1978 2532 2189 2596 102,2;
2230 2531 2314 2594 15,

389 2615 475 2678 10,
505 2616 567 2677 43
608 2614 691 2679 15,
711 2613 799 2677 55,
818 2613 881 2677 43
919 2606 1019 2663 sed
1057 2609 1191 2662 ante
1218 2606 1477 2663 vocalem
1517 2603 1775 2678 ἐνεγκεῖν
1806 2612 1854 2674 1,
1876 2612 1963 2675 87,
1982 2612 2045 2673 8;
2078 2614 2126 2673 1,
2147 2612 2232 2671 97,
2252 2610 2314 2672 4;

389 2696 474 2760 11,
504 2695 590 2760 59,
623 2697 678 2757 13
729 2694 813 2758 13,
846 2694 928 2757 19,
959 2695 1016 2755 53
1067 2693 1151 2756 19,
1180 2693 1266 2756 95,
1300 2692 1358 2756 '73
1406 2693 1492 2755 20,
1521 2694 1607 2756 25,
1636 2693 1695 2743 4.
1748 2685 2055 2757 explicavit
2102 2686 2315 2756 optime

388 2769 637 2824 Kaelker
664 2788 718 2839 p.
749 2774 870 2824 309
903 2800 967 2809 -
998 2729 1213 2823 Cetei-is
1251 2766 1316 2821 in
1349 2766 1544 2823 formis
1572 2767 1851 2823 Diodorus
1889 2764 2165 2821 aoristum
2200 2764 2314 2835 pri·

392 2868 547 2905 mum
583 2847 927 2919 praetulisse
964 2846 1215 2916 videtur,
1255 2848 1488 2904 secundi
1535 2846 1734 2903 aoristi
1770 2846 1981 2902 formas
2017 2845 2081 2901 in
2115 2844 2311 2917 primis

386 2929 552 2986 libris
600 2946 714 2984 non
767 2927 962 2983 inveni
1005 2926 1119 2982 nisi
1162 2927 1295 2983 has:
1354 2926 1751 2998 διενεγκόντας
1791 2934 1838 2995 1,
1868 2933 1955 2997 26,
1985 2933 2015 2981 7
2056 2927 2316 2997 (omnes)3

389 3018 440 3079 2,
470 3016 559 3082 43,
588 3017 622 3065 4
671 3007 842 3080 (DG)3
890 3015 943 3077 8,
972 3015 1057 3078 65,
1089 3015 1120 3064 6
1158 3008 1277 3078 (11),
1324 3013 1375 3078 4,
1407 3014 1491 3077 71,
1526 3014 1553 3062 1
1605 3009 1696 3078 (D)
1753 2968 1979 3080 [contr'a
2032 3014 2084 3075 4,
2112 3006 2316 3078 40,1];

388 3085 827 3162 μετενεγκόντας
856 3095 905 3155 1,
933 3093 1022 3157 46,
1051 3093 1102 3142 4.
1141 3119 1209 3128 -
1248 3094 1450 3159 φορεῖν
1480 3087 1821 3157 aliquotiens
1857 3103 1961 3159 pro
2001 3085 2201 3158 φέρειν
2228 3105 2316 3146 re-

391 3169 741 3225 stituendum
779 3183 900 3223 esse
942 3171 1136 3223 monet
1170 3166 1446 3237 Hertlein,
1484 3170 1550 3224 ut
1587 3174 1637 3239 3,
1667 3174 1753 3237 35,
1783 3174 1814 3224 2
1854 3169 1913 3224 et
1950 3174 2000 3237 5,
2038 3167 2140 3222 ubi
2166 3169 2315 3239 Aga·

385 3248 711 3305 tharchides
747 3248 984 3317 praebet
1020 3254 1197 3316 φορεῖ
1225 3250 1283 3303 et
1322 3253 1541 3319 φορεῖν.

529 3323 884 3396 Χερσόνησος
927 3343 1030 3397 pro
1075 3324 1434 3398 Χερρόνησος
1482 3326 1656 3400 (quod
1708 3343 1902 3382 omnes
1948 3328 2229 3397 praebent
2264 3334 2318 3397 4,

389 3410 475 3473 85,
503 3409 558 3473 3)
598 3404 873 3476 scriptum
909 3408 1099 3463 exstat
1124 3406 1184 3461 in
1212 3407 1474 3467 omnibus
1511 3407 1675 3463 libris
1712 3415 1764 3477 3,
1792 3413 1880 3476 44,
1912 3413 1941 3464 7
1973 3409 2144 3477 atque
2173 3406 2233 3461 111
2265 3406 2315 3459 D

389 3489 439 3549 3,
469 3489 553 3553 39,
585 3490 644 3551 33
682 3491 732 3552 3,
763 3491 849 3555 50,
877 3492 937 3554 4;
977 3494 1026 3557 3,
1057 3493 1143 3558 53,
1175 3494 1222 3545 6.
