2569 4061
386 161 567 219 LXVI
1137 156 1567 217 PRAEFATIO.

570 330 796 406 Πηχῶν
826 326 942 387 etsi
967 328 1325 403 plerumque
1353 327 1629 387 omnibus
1662 330 1757 387 est
1791 328 1855 386 in
1891 329 2080 402 libris,
2118 332 2324 389 tamen

396 415 587 502 1,‘57,
618 427 678 503 5,
725 425 911 484 semel
955 424 1021 483 in
1066 423 1282 498 tribus,
1331 424 1519 483 semel
1555 426 1618 483 in
1655 424 1886 485 duobus
1921 426 2095 485 libris
2135 427 2322 502 scrip-

391 529 523 584 tum
568 518 842 601 πηχέων,
887 523 1163 597 quamvis
1209 522 1428 583 vitioso
1476 524 1752 596 accentu,
1805 521 1966 581 idem
2012 525 2075 582 et
2118 522 2214 581 hie
2261 526 2323 583 et

391 621 565 698 alibi,
629 622 700 680 ut
748 622 805 696 2,
840 622 894 695 7,
925 623 993 695 4,
1053 622 1111 697 2,
1143 623 1202 696 9,
1232 621 1300 694 2,
1350 621 1407 695 2,
1441 621 1541 696 10,
1571 622 1630 694 3,
1684 621 1789 680 ubi
1844 619 2150 680 Gemistus
2205 619 2323 698 πή·

391 739 565 796 χεων,
609 716 865 794 prodere
901 717 1143 778 videtur
1179 734 1314 776 esse
1351 717 1811 777 restituendum.
1877 718 2106 778 Eodem
2142 718 2324 779 modo

388 815 644 893 Polybio
692 831 850 874 nuno
897 814 1009 873 hoo
1052 832 1212 873 nune
1255 814 1411 872 illud
1457 814 1804 875 tribuerunt
1847 816 2102 876 librarii.
2183 815 2326 886 Qui-

390 912 504 973 bus
551 912 1014 989 relinquendum
1060 929 1192 971 esse
1237 911 1621 988 repudiatum
1658 914 1734 972 ab
1771 914 2076 974 Atticistis
2114 920 2322 992 πηχῶν

387 1029 511 1070 non
558 1011 754 1070 solum
800 1009 960 1084 apud
1010 1010 1273 1085 vetereS,
1332 1009 1437 1068 sed
1486 1010 1669 1070 etiam
1725 1013 1884 1088 apud
1941 1013 2323 1090 recentioreS,

390 1107 568 1167 hodie
616 1109 691 1165 de
747 1106 842 1165 his
899 1124 1020 1165 non
1073 1106 1268 1182 magis
1326 1107 1588 1169 fortasse
1634 1107 1943 1171 dubitaret
1987 1110 2322 1173 Lobeokius

391 1204 467 1263 ad
513 1204 735 1280 Phryn.
785 1223 842 1279 p.
875 1206 1029 1282 246,
1092 1222 1273 1280 quam
1320 1204 1394 1263 de
1439 1205 1834 1282 Xenophonte
1879 1207 2199 1266 Piersonus
2246 1205 2324 1265 ad

390 1301 643 1360 Moerin.
690 1320 747 1376 p.
792 1302 941 1362 327.
1020 1300 1233 1378 Neque
1278 1299 1495 1361 ἀνθῶν
1541 1304 1867 1379 scripserat
1910 1304 2213 1364 Diodorus
2262 1306 2324 1382 5,

395 1401 454 1477 3,
483 1401 542 1472 2,
590 1398 696 1458 sed
742 1398 902 1475 quod
946 1398 1028 1460 ib.
1070 1402 1107 1459 3
1156 1418 1230 1459 ex
1273 1400 1626 1459 melioribus
1673 1402 1871 1476 recepi
1916 1397 2193 1477 ἀνθέων,
2250 1403 2323 1458 ut

390 1496 770 1573 praecipiunt
815 1497 1167 1576 Atticistae,
1222 1517 1481 1575 quorum
1533 1498 1726 1558 maior
1779 1500 1942 1558 certe
1988 1497 2323 1583 auctoritas

393 1614 577 1674 quam
594 1595 892 1655 librorum
910 1599 1229 1673 utramque
1257 1596 1513 1655 formam
1541 1595 1877 1671 promiscue
1897 1595 2322 1655 exhibentium.

572 1689 773 1754 Πλέον
810 1696 1068 1768 tantum,
1112 1713 1233 1753 non
1268 1695 1496 1768 πλεῖον,
1547 1692 1769 1753 dixisse
1805 1692 2136 1755 Diodorum
2174 1692 2325 1751 satis

396 1792 594 1851 multa
637 1790 815 1848 modo
862 1790 1139 1849 omnibus
1188 1784 1277 1868 (1,
1308 1790 1412 1863 82,
1444 1790 1510 1864 2,
1558 1791 1617 1863 3,
1647 1790 1749 1864 35,
1781 1782 1851 1871 3)
1898 1789 2072 1850 modo
2117 1788 2326 1853 melio-

390 1888 559 1946 ribus
627 1878 710 1966 (D
755 1887 810 1962 1,
845 1887 944 1960 79,
976 1887 1042 1960 23
1101 1886 1160 1959 4,
1202 1886 1304 1961 77,
1347 1886 1414 1959 6,
1480 1886 1539 1958 3,
1569 1885 1673 1963 58,
1704 1887 1741 1946 3
1804 1881 2150 1945 ἐπιπλέοντα
2211 1904 2326 1961 pro

393 1980 490 2044 ἐπὶ
524 1973 735 2065 πλέον)
772 1981 837 2042 in
872 1981 1044 2043 libris
1086 1981 1306 2059 prioris
1342 1982 1570 2041 formae
1606 1985 1963 2045 conservata
1999 1984 2329 2047 ostendunt

397 2082 690 2158 exempla,
728 2080 991 2142 librariis
1028 2084 1234 2141 tamen
1271 2080 1623 2157 saepissime
1664 2081 2168 2143 substituentibus
2203 2102 2325 2144 non

396 2181 592 2240 solum
629 2182 856 2257 πλεῖον,
908 2178 1015 2239 sed
1052 2179 1236 2239 etiam
1275 2180 1578 2239 soloecum
1611 2178 1765 2237 illud
1800 2178 1980 2239 πλείω
2019 2167 2111 2262 (1,
2132 2182 2235 2258 63,
2254 2184 2327 2259 4,

395 2279 452 2354 2,
474 2280 533 2351 5,
554 2280 621 2353 4,
653 2279 713 2354 4,
738 2278 839 2354 12,
865 2266 949 2356 1),
988 2275 1062 2334 de
1092 2294 1208 2351 quo
1239 2294 1395 2351 quae
1423 2276 1541 2335 alio
1582 2278 1715 2337 loeo
1744 2276 1864 2338 dixi
1894 2280 2153 2353 repetita
2182 2283 2327 2339 sunt

391 2374 456 2432 in
485 2373 663 2432 Thes,
694 2371 1002 2448 Stephani.
1051 2371 1299 2431 Summa
1335 2373 1675 2432 constantia
1709 2367 1891 2433 πλέον
1927 2378 2236 2435 servatum
2261 2377 2327 2436 in

398 2469 571 2529 libris
609 2468 964 2543 Pausaniae,
1010 2472 1235 2529 temere
1271 2469 1446 2529 modo
1492 2471 1605 2530 hoo
1648 2470 1827 2530 modo
1863 2472 2069 2530 πλεῖον
2104 2490 2326 2548 ponen-

392 2567 559 2627 tibus
606 2566 873 2627 librariis
922 2566 1081 2643 apud
1127 2566 1604 2643 Xenophontem,
1651 2567 1990 2646 Polybium,
2013 2569 2325 2647 aliosque.

573 2661 809 2741 Πλήθω
848 2683 1032 2741 quum
1070 2663 1151 2724 sit
1185 2665 1250 2724 in
1297 2665 1571 2726 omnibus
1613 2668 1669 2740 2,
1701 2666 1804 2744 40,
1837 2668 1873 2726 6
1912 2663 2024 2743 τὴν
2061 2660 2326 2746 Ἰνδικὴν

394 2760 752 2839 πλήθουσαν
811 2765 1049 2822 πολλῶν
1101 2759 1203 2822 καὶ
1262 2762 1666 2824 παντοδαπῶν
1723 2763 1994 2843 θηρίων·
2050 2769 2110 2843 4,
2150 2771 2251 2844 17,
2281 2770 2324 2827 4

393 2856 504 2936 τὴν
531 2857 781 2939 Λιβύην
808 2857 1166 2938 πλήθουσαν
1201 2856 1428 2941 ἀγρίων
1464 2854 1657 2946 ζῴων·
1700 2865 1801 2939 13,
1834 2865 1934 2939 97,
1967 2866 2002 2923 6
2042 2870 2149 2923 τοῦ
2176 2863 2323 2924 θεά-

391 2980 536 3040 τρου
573 2955 927 3036 πλήθοντος·
973 2960 1073 3036 15,
1105 2961 1163 3035 5,
1195 2961 1232 3019 3
1270 2957 1632 3037 πλήθουσαν
1660 2957 1900 3040 ἀνδρῶν
1937 2957 2222 3037 ἀλκίμων,
2260 2965 2327 3021 et

394 3059 499 3119 ubi
549 3058 758 3119 eadem
804 3056 993 3118 verba
1035 3058 1135 3134 18,
1167 3058 1270 3135 22,
1302 3060 1360 3135 2,
1408 3061 1471 3117 et
1511 3057 1575 3116 in
1622 3057 1865 3134 optimis
1906 3051 2019 3138 (D)
2059 3060 2117 3132 3,
2147 3060 2252 3135 50,
2282 3061 2321 3118 2

538 3216 938 3290 Πιεζουμένων
974 3235 1076 3290 pro
1112 3216 1465 3287 πιεζομένων
1492 3217 1542 3270 D
1576 3223 1622 3285 1,
1652 3223 1737 3285 84,
1770 3222 1830 3286 1,
1864 3216 2240 3287 πιεζούμενον
2269 3219 2321 3274 D

397 3305 448 3366 3,
482 3304 567 3367 71,
598 3306 657 3365 2,
706 3304 757 3367 4,
788 3303 877 3368 84,
907 3305 965 3366 2,
1014 3294 1376 3367 πιεζούμενοι
1413 3298 1461 3351 D
1508 3301 1558 3366 5,
1588 3302 1677 3368 37,
1706 3303 1766 3364 3,
1814 3298 1857 3352 Ρ
1897 3302 1984 3367 12,
2013 3303 2098 3366 52,
2129 3304 2187 3365 2,
2239 3306 2326 3367 12,

394 3381 484 3443 55,
516 3383 574 3443 7,
615 3384 698 3447 13,
730 3383 814 3446 88,
845 3383 903 3445 2,
942 3379 1018 3434 Ρει
1057 3383 1139 3445 11,
1171 3383 1255 3444 30,
1287 3382 1318 3430 3
1357 3378 1439 3448 (at
1474 3375 1800 3447 πιεζόμενοι
1826 3377 1870 3431 Ρ
1900 3382 1985 3448 11,
2014 3384 2101 3445 22,
2131 3381 2212 3448 4),
2253 3379 2323 3435 ef.

397 3461 448 3522 3,
477 3459 562 3520 21,
592 3462 651 3525 33
688 3464 739 3524 3,
770 3463 855 3526 26,
884 3464 943 3526 33
982 3463 1068 3526 21,
1102 3463 1184 3527 12,
1219 3464 1264 3515 1.
