2569 4061
403 314 543 380 484
1076 311 1386 370 DIODORI
1422 310 1658 367 SICULI

409 476 472 543 δ’
536 471 663 541 οὖν
732 475 1051 559 Μήδειαν
1125 474 1199 540 ἐν
1273 476 1528 558 Θήβαις
1600 470 1766 559 φασὶ
1827 475 2389 556 καταλαβοῦσαν

398 579 729 667 Ἡρακλέα
766 589 1025 669 μανικῷ
1062 581 1268 647 πάθει
1305 582 1759 666 συνεχόμενον
1793 577 1903 646 καὶ
1949 581 2109 657 τοὺς
2145 580 2384 658 υἱοὺς

406 687 889 773 ἀπεκταγκότα,
960 689 1334 776 φαρμάκοις
1397 687 1607 753 αὐτὸν
1663 688 1998 753 ἰάσασθαι.
2088 695 2222 751 τοῦ
2288 680 2373 751 δ’

405 793 821 881 Εὐρυσθέως
887 794 1306 879 ἐπικειμένου
1366 804 1508 871 τοῖς
1574 782 2110 881 προστάγμασιν,
2179 791 2374 857 ἀπο-

405 911 708 985 γνοῦσαν
770 903 896 986 τὴν
960 903 1127 967 κατὰ
1178 903 1254 966 τὸ
1310 902 1531 985 παρὸν
1585 900 1658 966 ἐκ
1709 900 1956 965 τούτου
2008 900 2369 982 βοήθειαν
2399 916 2427 957 ⁵

406 1020 818 1094 καταφυγεῖν
856 1009 951 1086 εἰς
982 1005 1272 1092 Ἀθήνας
1317 1008 1485 1093 πρὸς
1521 1005 1732 1089 Αἰγέα
1778 1007 1897 1071 τὸν
1935 1006 2361 1084 Πανδίονος.

338 1136 370 1185 5
411 1112 708 1180 ἐνταῦθα
748 1113 810 1180 δ’
848 1114 921 1180 οἰ
950 1112 1074 1198 μέν
1112 1131 1321 1198 φασιν
1359 1113 1572 1197 αὐτὴν
1609 1113 1810 1195 Αἰγεῖ
1842 1114 2363 1195 συνοικήσασαν

408 1219 727 1304 γεννῆσαι
754 1220 1004 1303 Μῆδον
1038 1221 1160 1285 τὸν
1193 1219 1483 1305 ὕστερον
1519 1220 1792 1304 Μηδίας
1827 1220 2355 1304 βασιλεύσαντα,

406 1322 582 1401 τινες
619 1322 681 1389 δ’
720 1324 1109 1411 ἱστοροῦσιν
1144 1323 1266 1410 ὑφ’
1296 1323 1611 1392 Ἱππότου
1648 1334 1771 1392 τοῦ
1798 1324 2135 1412 Κρέοντος
2170 1325 2353 1405 ἐξαι-

406 1428 743 1515 τουμένην
788 1442 1017 1516 τυχεῖν
1053 1434 1331 1519 κρίσεως
1379 1431 1492 1498 καὶ
1525 1443 1662 1497 τῶν
1709 1430 2137 1516 ἐγκλημάτων
2178 1432 2352 1497 ἀπο-
2384 1449 2438 1489 10

339 1557 371 1606 6
408 1541 721 1621 λυθῆναι.
815 1539 978 1623 μετὰ
1025 1535 1099 1604 δὲ
1152 1548 1361 1604 ταῦτα
1414 1536 1682 1622 Θησέως
1738 1537 2226 1615 ἐπανελθόντος
2271 1537 2349 1604 ἐκ

418 1647 776 1731 Τροιζῆνος
832 1648 927 1725 εἰς
982 1647 1100 1723 τὰς
1136 1642 1459 1729 Ἀθήνας,
1519 1644 1961 1728 ἐγκληθεῖσαν
2007 1641 2115 1710 ἐπὶ
2170 1668 2348 1730 φαρ-

409 1754 649 1838 μακείᾳ
714 1761 959 1835 φυγεῖν
1025 1750 1097 1817 ἐκ
1157 1760 1274 1835 τῆς
1339 1754 1617 1828 πόλεως·
1685 1752 1921 1827 δόντος
1978 1744 2041 1815 δ’
2083 1749 2346 1833 Αἰγέως

408 1860 567 1934 τοὺς
631 1856 1191 1943 παραπέμψοντας
1245 1859 1341 1934 εἰς
1403 1857 1491 1940 ἣν
1550 1858 1865 1940 βούλοιτο
1925 1856 2172 1943 χώραν,
2239 1858 2343 1932 εἰς

342 1984 371 2034 ’1
410 1965 534 2048 τὴν
606 1965 933 2049 Φοινίκην
995 1967 1423 2048 κομισθῆναι.
1528 1961 1848 2028 ἐντεῦθεν
1911 1960 1973 2029 δ’
2027 1963 2114 2040 εἰς
2172 1963 2336 2040 τοὺς
2371 1981 2421 2022 15

411 2072 551 2136 ἄνω
608 2073 857 2148 τόπους
914 2079 1029 2154 τῆς
1066 2064 1284 2147 Ἀσίας
1345 2069 1696 2154 ἀναβᾶσαν
1754 2071 2153 2155 συνοικῆσαί
2203 2093 2340 2135 τινι

410 2186 546 2240 τῶν
619 2174 969 2262 ἐπιφανῶν
1036 2173 1395 2259 βασιλέων,
1474 2174 1540 2254 ἐξ
1607 2170 1691 2241 οὗ
1753 2185 2074 2259 γεννῆσαι
2134 2177 2337 2241 παῖδα

411 2282 687 2366 Μῆδον·
733 2280 844 2348 καὶ
881 2283 1000 2347 τὸν
1045 2283 1248 2347 παῖδα
1284 2283 1451 2366 μετὰ
1495 2282 1617 2365 τὴν
1663 2290 1785 2346 τοῦ
1831 2282 2077 2368 πατρὸς
2121 2287 2336 2347 vel-ev-

414 2391 537 2473 τὴν
603 2387 1077 2474 διαδεξάμενον
1139 2389 1264 2472 τὴν
1321 2390 1667 2473 βασιλείαν
1730 2390 2218 2472 θαυμασθῆναί
2265 2412 2333 2455 τε

415 2497 580 2561 κατὰ
639 2497 765 2578 τὴν
829 2495 1147 2581 ἀνδρείαν
1216 2493 1330 2561 καὶ
1399 2497 1559 2572 τοὺς
1631 2497 1834 2571 λαοὺς
1906 2493 2023 2580 ἀφ’
2093 2493 2326 2562 ἑαυτοῦ
2352 2513 2402 2554 20

414 2601 701 2684 Μήδους
748 2601 1092 2685 ὀνομάσαι.

306 2703 393 2771 56
589 2706 921 2770 Καθόλου
968 2701 1042 2769 δὲ
1089 2705 1201 2769 διὰ
1244 2706 1371 2788 τὴν
1415 2717 1551 2772 τῶν
1584 2707 1950 2796 τραγῳδῶν
1994 2711 2326 2793 τερατείαν

413 2812 677 2894 ποικίλη
732 2833 833 2888 τις
895 2810 1254 2892 [διάθεσις]
1314 2809 1426 2876 καὶ
1491 2813 1817 2899 διάφορος
1872 2815 2130 2899 ἱστορία
2188 2813 2330 2901 περὶ

415 2918 719 3001 Μηδείας
777 2915 1220 3001 ἐξενήνεκται,
1274 2919 1393 2983 καί
1441 2941 1616 2997 τινες
1671 2922 2058 3006 χαρίζεσθαι
2102 2923 2328 3004 βουλό-

415 3047 605 3108 μενοι
671 3033 810 3119 τοῖς
861 3017 1251 3108 Ἀθηναίοις
1314 3023 1527 3108 φασὶν
1598 3024 1810 3107 αὐτὴν
1873 3024 2326 3110 ἀναλαβοῦσαν
2351 3046 2397 3088 25

414 3131 535 3195 τὸν
597 3129 664 3209 ἐξ
732 3127 990 3213 Αἰγέως
1052 3131 1301 3214 Μῆδον
1369 3133 1466 3208 εἰς
1527 3133 1832 3216 Κόλχους
1897 3132 2319 3218 διασωθῆναι·

415 3236 580 3299 κατὰ
618 3232 693 3300 δὲ
727 3243 975 3301 τοῦτον
1009 3237 1129 3302 τὸν
1162 3239 1413 3323 χρόνον
1449 3238 1708 3320 Αἰήτην
1744 3236 1816 3303 έκ
1851 3245 1968 3321 τῆς
2006 3241 2323 3323 βασιλείας

594 3429 626 3476 3
664 3419 1032 3480 ἀπεκτακότα
1070 3426 1111 3480 O
1258 3432 1326 3482 10
1363 3429 1595 3496 κρίσεως
1630 3435 1826 3497 τυχεῖν
1864 3429 2016 3499 vulg.
2166 3435 2222 3485 13
2256 3425 2307 3484 δ’

417 3506 528 3570 σω.
567 3493 718 3559 vulg.
764 3562 775 3573 ⁶
903 3499 970 3548 18
1007 3492 1107 3548 τὸν
1142 3496 1390 3566 Bekker,
1437 3492 1539 3552 τὸν
1585 3494 1690 3565 μὲν
1728 3500 1851 3556 cod.
2034 3504 2105 3555 20
2139 3499 2314 3573 λαοὺς]

415 3560 615 3618 αλλους
653 3562 872 3615 codlces
1018 3569 1088 3617 23
1127 3563 1390 3629 διάθεσις
1427 3584 1535 3622 om.
1579 3567 1694 3623 OF.
