2569 4061
383 272 516 338 308
1052 268 1361 326 DIODORJ
1400 268 1637 326 SICULI

565 438 785 498 Ταῦτα
842 429 966 516 μὲν
1021 425 1147 497 οὖν
1200 431 1362 516 ἡμῖν
1406 433 1702 516 εἰρήσθω
1748 434 1915 518 πρὸς
1959 435 2117 509 τοὺς
2163 431 2314 496 ἀπι-

373 557 545 616 στως
601 539 713 603 διὰ
767 540 844 603 τὸ
898 537 1281 624 παράδοξον
1335 539 1502 623 πρὸς
1554 539 1670 615 τὰς
1725 537 2019 622 ἱστορίας
2065 538 2314 603 διακει-

372 643 641 729 μένους·
702 645 904 710 πάλιν
950 643 1009 710 δ’
1048 642 1155 710 ἐπὶ
1198 669 1234 708 τ
1272 645 1562 728 ὰσυνεχῆ
1599 653 1740 720 τοῖς
1785 641 2292 730 προειρημένοις
2315 647 2461 698 197’

377 753 905 837 μεταβησόμεθα.

268 860 351 926 31
568 860 699 937 Τὰς
754 853 818 923 δ’
870 857 1173 942 ἐσχατιὰς
1224 866 1361 922 τῶν
1419 857 1587 942 πρὸς
1631 858 2046 942 μεσημβρίαν
2092 868 2314 943 μερῶν
2374 874 2403 914 ⁵

379 975 808 1032 κατοικοῦσιν
867 964 1108 1049 ἄνδρες
1161 962 1293 1028 ὑπὸ
1349 958 1471 1046 μὲν
1515 971 1651 1027 τῶν
1687 958 2029 1046 Ἑλλήνων
2073 964 2315 1028 καλού-

379 1096 570 1157 μενοι
616 1073 1083 1153 Κυναμολγοί,
1138 1070 1305 1135 κατὰ
1362 1065 1438 1134 δὲ
1483 1069 1608 1152 τὴν
1652 1078 1788 1134 τῶν
1832 1070 2315 1155 πλησιοχώρων

380 1180 739 1264 βαρβάρων
778 1177 1126 1242 διάλεκτον
1152 1173 1432 1260 Ἄγριοι.
1500 1170 1688 1241 οὗτοι
1729 1172 1804 1240 δὲ
1840 1176 2165 1259 πώγωνας
2190 1173 2315 1261 μὲν

382 1281 668 1367 φέρουσι
713 1278 1191 1365 παμμεγέθεις,
1247 1292 1473 1347 κυνῶν
1520 1277 1596 1346 δὲ
1639 1279 2007 1367 τρέφουσιν
2062 1282 2316 1368 ἀγρίων

308 1394 340 1441 2
380 1387 618 1471 ἀγέλας
678 1389 845 1473 πρὸς
898 1388 1022 1470 τὴν
1076 1396 1197 1452 τοῦ
1251 1389 1408 1471 βίου
1465 1388 1696 1473 χρείαν
1756 1386 2094 1466 εὐθέτους.
2186 1389 2314 1454 ἀπὸ
2346 1408 2399 1447 10

376 1495 506 1579 γὰρ
554 1505 690 1560 τῶν
736 1494 1019 1581 πρώτων
1065 1504 1332 1580 τροπῶν
1376 1504 1512 1559 τῶν
1546 1500 1843 1580 θερινῶν
1879 1493 2071 1581 μέχρι
2106 1493 2315 1579 μέσου

378 1610 702 1685 χειμῶνος
743 1599 1015 1668 Ἰνδικοὶ
1059 1604 1211 1684 βόες
1257 1601 1595 1685 ἀμύθητοι
1640 1601 1714 1665 τὸ
1759 1604 2021 1683 πλῆθος
2057 1600 2316 1686 ἐπιφοι-

378 1718 584 1774 τῶσιν
634 1708 859 1781 αὐτῶν
903 1709 1027 1791 τὴν
1073 1709 1320 1794 χώραν,
1370 1706 1624 1791 ἀδήλου
1667 1714 1784 1790 τῆς
1829 1709 2041 1784 αἰτίας
2082 1708 2318 1791 οὔσης·

382 1813 606 1891 οὐδεὶς
641 1816 771 1901 γὰρ
811 1810 998 1881 οἶδεν
1034 1814 1177 1880 εἶθ’
1206 1813 1340 1879 ὑπὸ
1381 1810 1564 1901 ζῴων
1607 1818 1875 1879 πολλῶν
1919 1812 2031 1879 καὶ
2074 1829 2316 1897 σαρκο-

381 1922 623 2005 φάγων
686 1922 1178 2007 πολεμούμενοι
1242 1920 1638 2004 φεύγουσιν,
1704 1926 1835 1986 εἴτε
1899 1915 1984 1984 δι’
2048 1918 2314 1984 ἔνδειαν
2346 1937 2398 1977 15

379 2038 636 2115 τροφῆς
698 2028 1112 2107 ἐκλείποντες
1165 2029 1325 2104 τοὺς
1383 2027 1670 2105 οἰκείους
1724 2029 1968 2105 τόπους
2027 2032 2154 2092 εἴτε
2217 2025 2308 2091 δι’

381 2135 593 2219 ἄλλην
646 2133 1099 2221 περιπέτειαν,
1153 2133 1239 2217 ἣν
1293 2133 1335 2216 ἡ
1392 2129 1515 2217 μὲν
1570 2133 1784 2198 πάντα
1837 2134 1919 2198 τὰ
1978 2127 2319 2219 παράδοξα

382 2252 689 2325 γεννῶσα
738 2243 943 2327 φύσις
986 2241 1474 2323 κατασκευάζει,
1521 2241 1595 2305 τὸ
1645 2236 1720 2305 δὲ
1765 2249 1899 2305 τῶν
1936 2238 2318 2325 ἀνθρώπων

313 2352 346 2401 3
382 2344 579 2428 γένος
625 2347 948 2413 ἀδυνατεῖ
986 2356 1078 2435 τῷ
1124 2355 1220 2434 νῷ
1268 2347 1592 2411 συνιδεῖν.
1678 2345 1760 2411 οὐ
1806 2346 1940 2430 μὴν
1985 2345 2154 2411 ἀλλὰ
2198 2355 2319 2412 τοῦ

380 2456 689 2537 πλήθους
745 2454 828 2518 οὐ
885 2454 1350 2536 κατισχύοντες
1397 2449 1486 2516 δι’
1545 2450 1800 2517 ἑαυτῶν
1844 2450 2318 2537 περιγενέσθαι
2347 2470 2398 2510 20

380 2562 542 2634 τοὺς
584 2558 792 2635 κύνας
840 2558 1189 2643 ἐπαφιᾶσι,
1242 2555 1357 2622 καὶ
1410 2561 1572 2642 μετὰ
1626 2559 1884 2624 τούτων
1928 2559 2319 2643 ποιούμενοι

382 2664 508 2746 τὴν
552 2665 780 2749 θήραν
826 2664 1040 2728 πολλὰ
1084 2664 1264 2728 πάνυ
1309 2673 1444 2728 τῶν
1494 2661 1679 2752 ζῴων
1723 2673 2125 2750 χειροῦνται·
2182 2675 2320 2729 τῶν

386 2765 461 2834 δὲ
507 2768 910 2854 ληφθέντων
957 2769 999 2834 ἃ
1044 2766 1166 2854 μὲν
1211 2773 1565 2855 πρόσφατα
1610 2775 2110 2854 κατεσθίουσιν,
2158 2769 2200 2835 ἃ
2236 2767 2321 2852 ,δὲ

384 2878 481 2954 εἰς
540 2876 701 2953 ἅλας
765 2876 1193 2955 συντιθέντες
1250 2877 1884 2963 ἀποθησαυρίζουσι.
1976 2878 2190 2942 πολλὰ
2247 2873 2322 2942 δὲ

383 2982 498 3051 καὶ
553 2993 688 3050 τῶν
755 2984 977 3049 ἄλλων
1037 2981 1219 3073 ζῴων
1280 2985 1393 3049 διὰ
1453 2992 1570 3067 τῆς
1632 2994 1767 3049 τῶν
1828 2995 2055 3051 κυνῶν
2119 2983 2321 3068 ἀλκῆς
2348 3000 2400 3041 25

385 3091 793 3177 θηρεύοντες
839 3090 968 3156 ἀπὸ
1013 3093 1418 3176 κρεοφαγίας
1464 3092 1583 3155 τὸν
1627 3091 1780 3173 βίον
1826 3092 2069 3175 ἔχουσι.

314 3200 351 3247 4
573 3198 668 3260 Τὰ
725 3193 849 3281 μὲν
906 3191 1032 3263 οὗν
1085 3202 1428 3263 τελευταῖα
1476 3198 1636 3279 γένη
1684 3206 1819 3262 τῶν
1865 3199 2030 3284 πρὸς
2075 3213 2322 3281 μεσημ-

387 3302 586 3383 βρίαν
642 3302 1014 3374 οἰκούντων
1069 3299 1143 3365 ἐν
1198 3310 1490 3388 μορφαῖς
1546 3300 1931 3386 ἀνθρώπων
1989 3304 2108 3368 τὸν
2168 3305 2321 3385 βίον

390 3521 457 3567 17
493 3456 565 3571 v}
605 3457 986 3578 ἓνοῦμολγοί
1014 3455 1221 3525 Agath.
1262 3462 1348 3525 60,
1388 3421 1721 3525 Κυνοὶμυνοι
1758 3457 1885 3527 DF,
1923 3459 2243 3529 κυνᾶμονοι
2278 3459 2319 3514 C
