2569 4061
470 190 629 246 XXII
1216 186 1657 245 PRAEFATIO.

470 359 972 435 interpretatione
1020 356 1332 435 Poggiana
1384 376 1461 417 ne
1514 375 1637 417 una
1692 355 1933 436 quidem
1979 357 2225 434 gravior
2270 375 2403 419 cor-

471 456 714 532 ruptela
769 457 983 516 sanata
1044 457 1164 530 est,
1228 472 1351 513 non
1410 454 1575 514 tanti
1637 472 1770 515 esse
1836 453 2111 515 existimo
2166 455 2229 514 in
2289 455 2404 515 hac

473 553 720 630 spinosa
765 552 1117 629 quaestione
1165 551 1396 613 diutius
1440 552 1687 612 versari.

650 650 956 711 Vincentii
1010 647 1312 726 Obsopoei
1376 649 1561 710 editio
1613 650 1880 710 Basiliae
1946 651 2116 712 1539
2184 667 2442 710 excusa-

473 748 740 808 continet
774 750 1015 808 tantum
1050 747 1240 807 libros
1268 745 1522 807 Diodori
1546 747 1913 825 XVI—XX,
1949 765 2070 851 qua
2106 747 2180 808 de
2218 764 2405 807 causa

473 863 607 905 eam
649 846 749 905 1110
792 845 1213 923 praeterimus.

533 942 541 950 '
650 941 966 1022 Διοδώρου
1039 949 1146 1002 τοῦ
1207 940 1569 1002 Σικελιώτου
1633 941 2033 1023 βιβλιοθήκης
2106 941 2403 1021 ἱστορικῆς

472 1039 670 1119 βίβλοι
713 1039 1131 1101 πεντεκαίδεκα
1180 1032 1389 1122 (I--V
1430 1044 1496 1101 et
1527 1033 1847 1122 XI—XX)
1890 1059 2047 1101 anno
2088 1042 2258 1101 1559
2308 1059 2406 1099 ex-

472 1134 731 1198 cudebat
775 1137 1052 1198 Genevae
1097 1137 1399 1200 Henricus
1462 1139 1905 1217 Stephanae,
1960 1139 2131 1199 cuius
2184 1137 2404 1198 merita

473 1235 836 1311 Bipontinus
874 1235 1069 1296 editor
1106 1228 1168 1317 (I
1194 1256 1251 1311 p.
1283 1230 1565 1317 CLXIII)
1604 1239 1918 1297 enumerat
1944 1237 2117 1297 haec:
2157 1238 2215 1296 1.
2232 1252 2404 1312 prae-

471 1332 641 1392 misit
692 1333 938 1394 brevem
990 1336 1324 1394 tractatum
1382 1335 1457 1394 de
1500 1334 1794 1413 Diodor03
1849 1336 1911 1395 2.
1953 1333 2143 1394 libros
2198 1331 2404 1393 decem

471 1428 651 1487 I—-V
699 1433 762 1491 et
805 1430 1095 1489 XI-XV
1143 1431 1409 1507 primum
1452 1433 1518 1492 in
1561 1434 1758 1492 lucem
1802 1431 2085 1508 protulit3
2148 1433 2206 1492 3.
2253 1449 2402 1507 opus

471 1527 699 1587 maiore
762 1546 945 1605 quam
1007 1531 1189 1590 antea
1264 1529 1587 1607 diligentia
1656 1528 2068 1607 adhibitisque
2128 1526 2402 1603 pluribus

471 1625 777 1687 codicibus
813 1626 1240 1704 manuscriptis
1278 1627 1637 1688 emendavit.
1704 1624 1950 1687 Codices
1995 1623 2213 1701 quibus
2257 1642 2403 1684 usus

471 1723 682 1797 fuerit,
745 1723 876 1798 ipse
938 1724 1106 1782 nullo
1169 1722 1389 1783 indicio
1453 1723 1745 1800 prodidit;
1820 1741 1854 1782 e
1918 1720 2401 1782 claromontanis

472 1820 673 1879 omnia
718 1822 959 1894 sumpta
1003 1837 1164 1896 esse,
1219 1839 1340 1878 non
1394 1820 1695 1897 neglectis
1742 1822 1945 1879 tamen
2005 1817 2168 1892 aliis,
2222 1819 2403 1896 inque

472 1917 565 1974 his
601 1915 876 1976 fortassis
905 1915 1176 1993 Fuggeri
1203 1915 1528 1994 codicibus,
1566 1915 2003 1992 Wesselingius
2031 1917 2244 1975 auctor
2280 1919 2401 1994 est3

471 2012 782 2074 Fabricius
819 2012 1155 2090 quindecim
1189 2012 1380 2075 libros
1419 2034 1452 2076 0
1489 2013 1792 2076 codicibus
1828 2011 2107 2074 Huldrici
2135 2012 2403 2092 Fuggeri

470 2110 801 2187 descriptos
830 2130 980 2189 esse,
1016 2112 1216 2172 nescio
1245 2131 1368 2189 qua
1395 2113 1759 2173 auctoritate
1784 2112 1982 2189 nixus,
2010 2106 2402 2193 asseverat.*)

473 2211 531 2267 4.
577 2207 797 2269 Varias
843 2208 1130 2269 lectiones
1184 2211 1449 2286 margini
1507 2211 1725 2271 adiecit
1777 2210 2006 2270 nullius
2061 2212 2267 2269 tamen
2311 2227 2403 2270 00-

471 2305 624 2365 dicis
653 2308 800 2365 nota
837 2306 1131 2382 apposita.
1196 2308 1254 2366 5.
1292 2307 1479 2369 Libro
1506 2308 1617 2367 XX
1655 2308 1983 2368 succedunt
2018 2310 2331 2383 excerptae
2370 2326 2403 2367 0

471 2402 910 2476 posterioribus
972 2401 1226 2463 Diodori
1291 2405 1462 2466 libris
1527 2405 1841 2482 historiae,
1906 2423 2055 2483 quas
2117 2408 2404 2482 quattuor

475 2501 614 2559 ante
681 2498 852 2558 annis
906 2500 1135 2559 Romae
1198 2518 1387 2577 agens
1449 2502 1515 2561 in
1578 2502 1840 2579 quodam
1902 2503 2206 2563 volumine
2266 2522 2402 2563 cum

471 2596 608 2656 aliis
655 2597 1039 2659 collectaneis
1086 2599 1427 2676 invenerat3
1473 2617 1616 2675 pars
1654 2599 1882 2661 Graece
1930 2601 2213 2678 exhibita,
2247 2599 2401 2678 ‘pars

470 2697 711 2754 tantum
756 2695 1001 2775 Latine,
1057 2697 1226 2756 cuius
1278 2694 1577 2757 Graecum
1636 2700 1942 2775 exemplar
1996 2698 2209 2758 afferre
2255 2699 2401 2758 omi-

472 2795 650 2853 serat.
756 2794 1085 2869 Excerptas
1139 2793 1426 2855 historias
1479 2796 1711 2873 plures,
1765 2796 1830 2855 in
1884 2812 2034 2872 quas
2089 2794 2402 2874 inciderat,

470 2891 898 2968 praetermisit,
944 2909 1083 2951 cum
1126 2909 1245 2950 non
1291 2892 1356 2952 in
1398 2896 1684 2970 promptu
1719 2893 1989 2972 haberet,
2033 2911 2145 2952 nec
2190 2893 2404 2953 editio-

470 3007 610 3048 nem
654 2989 1010 3065 iampridem
1058 2988 1470 3050 studiosorum
1515 2991 1675 3052 votis
1721 2990 2048 3067 expetitam
2082 2990 2402 3067 tantisper,

613 3166 663 3237 ²⁸)
701 3167 767 3222 Id
793 3168 946 3224 certe
975 3164 1120 3221 mihi
1145 3182 1479 3237 persuasum
1505 3170 1595 3224 est
1621 3167 1970 3274 Stephanum
1994 3182 2178 3236 neque
2206 3166 2402 3223 codice

470 3245 520 3299 D
557 3262 742 3317 neque
779 3245 898 3302 ullo
937 3245 1058 3302 01118
1095 3245 1350 3304 familiae
1388 3247 1533 3303 libro
1572 3266 1738 3304 usum
1773 3227 1956 3305 esse*
1987 3246 2078 3302 An
2112 3250 2299 3317 putas,
2336 3249 2405 3302 ut

471 3340 584 3380 uno
623 3327 880 3396 exemplo
909 3325 1130 3397 fungar,
1168 3326 1519 3399 Stephanum
1549 3327 1804 3383 consulto
1833 3326 1913 3381 IV
1943 3332 2026 3395 18,
2057 3332 2087 3382 7
2118 3324 2401 3383 Μινυειὸν

472 3406 531 3457 et
576 3404 639 3459 in
693 3407 946 3476 margine
993 3406 1226 3476 Μινύην
1284 3403 1595 3477 ἐρχόμενον
1651 3406 1944 3477 scripsisse
1997 3423 2101 3476 pro
2155 3405 2401 3463 lectione

470 3483 750 3540 Μινύειον
785 3483 1144 3558 Ὀρχομενόν,
1182 3504 1354 3556 quam
1388 3485 1667 3555 praebent
1701 3484 1937 3542 ABDE?
