2569 4061
1071 308 1123 363 Π
1159 314 1243 363 30.
1286 316 1371 365 31.
2054 311 2182 374 221

263 473 443 536 ἴδιον
496 471 745 536 κύκλον
800 470 873 536 ἐν
920 471 1202 560 ἐνιαυτῷ
1258 478 1641 555 τελοῦντος,
1696 483 1811 559 τῆς
1867 469 1942 539 δὲ
1997 475 2186 556 σελή-

260 603 383 663 νης
439 577 513 643 ἐν
567 575 728 663 μηνὶ
780 578 904 672 τῂν
970 580 1153 644 ἰδίαν
1215 580 1536 665 περίοδον
1601 578 2183 668 διαπορευομένης.

260 696 397 751 τῶν
452 680 526 749 δὲ
580 687 935 768 πλανήτων
991 687 1170 751 ἴδιον
1214 684 1496 751 ἕκαστον
1551 687 1726 769 ἔχειν
1773 688 2026 772 δρόμον
2070 685 2183 751 καὶ
2203 688 2286 753 31

262 789 758 875 διηλλαγμένως
803 789 916 856 καὶ
959 796 1274 869 ποικίλως
1311 798 1605 877 χρῆσθαι
1640 802 1781 868 τοῖς
1814 793 2039 876 τάχεσι
2075 792 2186 858 καὶ

208 932 234 973 ⁶
263 906 342 983 τῇ
389 911 520 963 τῶν
563 901 828 984 χρόνων
874 898 1210 985 διαιρέσει.
1294 904 1569 964 πλεῖστα
1609 894 1684 963 δὲ
1729 899 1897 983 πρὸς
1930 900 2048 974 τάς
2082 921 2187 981 γε-

262 1002 480 1081 νέσεις
523 1015 660 1069 τῶν
706 1004 1088 1090 ἀνθρώπων
1143 1007 1648 1089 συμβάλλεσθαι
1706 1004 1987 1079 τούτους
2032 1005 2190 1079 τοὺς

265 1109 543 1197 ἀστέρας
607 1110 832 1194 ἀγαθά
895 1135 965 1176 τε
1028 1110 1140 1177 καὶ
1203 1112 1399 1176 κακά·
1466 1113 1577 1177 διά
1634 1108 1708 1178 δὲ
1761 1119 1880 1195 τῆς
1930 1109 2189 1175 τούτων

265 1217 543 1301 φύσεώς·
574 1240 644 1281 τε
691 1216 803 1282 καὶ
847 1220 1139 1303 θεωρίας
1184 1217 1467 1301 μάλιστα
1510 1218 1863 1299 γινώσκειν
1898 1217 1979 1281 τά
2025 1232 2189 1299 συμ-

265 1325 587 1406 βαίνοντα
612 1333 753 1400 τοῖς
781 1323 1184 1409 ἀνθρώποις.
1249 1330 1655 1407 πεποιῆσθαι
1684 1324 1765 1390 δέ
1789 1340 1955 1409 φασι
1984 1344 2188 1409 προρ-
2226 1344 2258 1393 2

185 1463 237 1502 10
266 1432 489 1514 ρήσεις
554 1430 780 1505 ἄλλοις
842 1452 912 1494 τε
974 1433 1365 1513 βασιλεῦσιν
1421 1430 1544 1496 οὐκ
1608 1431 1858 1513 ὀλίγοις
1919 1429 2033 1496 καὶ
2096 1436 2187 1515 τῷ

263 1521 877 1618 καταπολεμήσαντι
917 1542 1212 1621 Δαρεῖον
1252 1529 1658 1624 Ἀλεξάνδρῳ
1696 1535 1809 1601 καὶ
1842 1548 1983 1613 τοῖς
2027 1536 2188 1620 μετὰ

263 1649 474 1705 ταῦτα
527 1640 1003 1722 βασιλεύσασιν
1050 1639 1406 1730 Ἀντιγόνω
1460 1664 1532 1706 τε
1585 1640 1696 1706 καὶ
1742 1643 2051 1728 Σελεύκω
2097 1650 2188 1727 τῷ

268 1745 630 1830 Νικάτορι,
690 1743 764 1810 ἐν
808 1747 1013 1811 ἅπασι
1060 1743 1134 1812 δὲ
1178 1758 1320 1823 τοῖς
1366 1747 1678 1833 ῥηθεῖσιν
1723 1744 2191 1830 εὐστοχηκέναι

269 1852 616 1919 δοκοῦσιν·
670 1849 836 1939 ὑπὲρ
884 1848 980 1952 ᾧν
1023 1853 1211 1938 ἡμεῖς
1254 1855 1337 1918 τὰ
1381 1855 1546 1919 κατὰ
1590 1851 1791 1939 μέρος
1836 1851 1909 1918 ἐν
1957 1853 2192 1916 οἰκειο-

180 1992 233 2033 15
262 1956 480 2043 τέροις
507 1957 978 2046 ἀναγράψομεν
1009 1971 1281 2047 καιροῖς.
1355 1959 1760 2047 προλέγουσι
1798 1956 1872 2024 δὲ
1907 1957 2018 2024 καὶ
2054 1965 2193 2034 τοῖς
2228 1982 2261 2030 3

193 2073 199 2079 '
265 2065 561 2143 ἰδιώταις
622 2067 704 2131 τά
767 2066 1093 2152 μέλλοντα
1149 2071 1545 2152 συμβαίνειν
1600 2067 1812 2144 οὕτως
1865 2066 2195 2149 εὐστόχως

265 2172 432 2237 ὥστε
477 2175 635 2249 τοὺς
679 2173 1122 2259 πειραθέντας
1165 2175 1536 2259 θαυμάζειν
1571 2175 1645 2239 τὸ
1687 2176 2046 2257 γινόμενον
2081 2169 2194 2235 καὶ

265 2282 486 2361 μεῖζον
541 2279 582 2363 ἢ
647 2277 788 2344 κατ’
851 2282 1220 2367 ἄνθρωπον
1284 2280 1613 2363 ἡγεῖσθαι.
1713 2281 1873 2363 μετὰ
1937 2275 2012 2344 δὲ
2075 2279 2193 2343 τὸν
2230 2301 2265 2349 4

161 2420 264 2468 145
287 2385 608 2472 ζῳδιακὸν
661 2386 910 2451 κύκλον
965 2393 1174 2452 εἴκοσι
1228 2386 1340 2452 καὶ
1392 2385 1704 2472 τέτταρας
1756 2386 2193 2472 ἀφορίζουσιν

187 2523 245 2563 20
272 2489 577 2576 ἀστέρας,
631 2486 726 2556 ὧν
773 2494 930 2569 τοὺς
975 2490 1098 2577 μὲν
1142 2494 1401 2577 ἡμίσεις
1446 2492 1521 2557 ἐν
1566 2503 1706 2569 τοῖς
1750 2495 2039 2578 βορείοις
2084 2487 2192 2574 μέ-

272 2611 436 2680 ρεσι,
482 2601 638 2674 τοὺς
675 2595 734 2663 δ’
780 2597 1039 2683 ἡμίσεις
1075 2599 1149 2664 ἐν
1184 2610 1328 2677 τοῖς
1362 2603 1613 2676 νοτίοις
1651 2600 1967 2683 τετάχθαι
2004 2601 2191 2681 φασί,

268 2699 379 2767 καὶ
423 2704 681 2768 τούτων
725 2707 884 2782 τοὺς
928 2702 1050 2789 μὲν
1096 2705 1478 2792 ὁρωμένους
1529 2717 1665 2771 τῶν
1714 2706 1976 2783 ζώντων
2021 2701 2193 2773 εἶναι

268 2814 786 2893 καταριθμοῦσι,
845 2814 1003 2888 τοὺς
1059 2808 1119 2876 δ’
1175 2811 1458 2897 ἀφανεῖς
1510 2823 1651 2888 τοῖς
1705 2815 2192 2895 τετελευτηκόσι

268 2918 734 3000 προσωρίσθαι
797 2920 1217 3001 νομίζουσιν,
1282 2917 1402 2994 οὓς
1466 2919 1776 2994 δικαστὰς
1828 2929 1962 2984 τῶν
2017 2918 2194 2983 ὅλων

189 3054 242 3095 25
268 3023 905 3108 προσαγορεύουσιν.
999 3024 1128 3089 ὑπὸ
1192 3025 1409 3089 πάντα
1473 3021 1548 3089 δὲ
1611 3026 1691 3090 τὰ
1749 3023 2194 3111 προειρημένα
2231 3043 2262 3091 5

270 3129 393 3211 τὴν
423 3130 714 3212 σελήνην
743 3129 1077 3216 φέρεσθαι
1115 3129 1451 3213 λέγουσιν,
1489 3134 1756 3214 ἔγγιστα
1783 3126 1905 3214 μὲν
1931 3137 2048 3211 τῆς
2074 3137 2195 3211 γῆς

420 3362 448 3408 1
489 3349 552 3409 ἐν
590 3371 698 3410 om.
738 3355 791 3409 Π
928 3364 960 3411 2
1001 3353 1087 3426 ἐν]
1127 3353 1214 3412 ἕνὶ
1250 3358 1406 3427 vulg.
1534 3358 1828 3428 περίοδον]
1866 3327 2105 3421 πορείαν
2143 3353 2195 3406 11

272 3431 304 3478 3
346 3424 585 3480 ἕκαστον
624 3429 772 3482 ἴδιον
810 3429 962 3497 vulg.
1093 3435 1160 3483 13
1207 3427 1494 3497 Νικάνορι
1535 3427 1641 3482 OF
1782 3432 1849 3480 14
1886 3422 2048 3493 ἡμεῖς
2084 3440 2193 3477 om.

270 3494 424 3565 vulg.
590 3504 655 3552 19
693 3497 792 3552 καὶ
830 3518 937 3555 om.
977 3499 1029 3552 II
1181 3505 1250 3552 24
1287 3499 1702 3568 προσωρίσθαι]
1739 3494 2056 3564 ἠθροῖσθαι
2096 3493 2201 3546 OF

272 3572 340 3621 26
378 3563 604 3637 λέγουσι
642 3566 927 3639 φέρεσθαι
962 3571 1115 3641 vulg.
