2569 4061
1064 311 1118 365 11
1156 317 1240 368 23.
1280 318 1367 365 24.
2066 312 2196 376 209

269 479 542 550 πολλοῖς
621 475 695 538 τὸ
780 472 1287 559 ἀποβησόμενον
1361 472 1812 550 ἀδιαπτώτως·
1898 473 2004 537 διὸ
2087 471 2200 538 καὶ

268 582 776 666 θαυμαζόμενος
814 577 918 645 ἐπὶ
955 580 1218 655 τούτοις
1254 587 1345 668 τῷ
1384 589 1725 667 στρατηγῷ
1763 591 1898 646 τῶν
1935 580 2199 664 Μήδων

269 690 416 754 ὄντι
464 691 639 773 φίλῳ
686 696 1003 772 προεῖπεν
1041 686 1143 751 ὅτι
1188 686 1455 762 πάντως
1501 684 1707 749 αὐτὸν
1745 686 1851 750 δεῖ
1892 689 2197 768 βασιλεῦ-

273 811 385 859 σαι
428 794 641 875 πάσης
687 801 801 877 τῆς
845 794 1063 877 χώρας
1114 787 1194 875 ’ἧς
1247 794 1435 876 ἄρχει
1483 791 2073 876 Σαρδανάπαλλος.
2156 791 2191 857 ὁ
2235 813 2267 861 3

220 919 247 959 5
278 897 339 963 δ’
379 893 695 985 Ἀρβάκης
739 897 1089 974 ἐπαινέσας
1134 901 1252 964 τὸν
1299 899 1537 983 ἄνδρα,
1582 897 1797 984 τούτῳ
1844 892 1966 980 μὲν
2003 897 2198 981 ἐπηγ-

272 1008 534 1087 γείλατο
600 1007 844 1070 δώσειν
911 1006 1317 1090 σατραπείαν
1379 1011 1496 1086 τῆς
1555 1005 2021 1087 Βαβυλωνίας,
2084 1012 2199 1086 τῆς

270 1112 566 1197 πράξεως
621 1110 727 1176 ἐπὶ
781 1109 971 1187 τέλος
1026 1110 1393 1193 ἐλθούσης,
1450 1109 1650 1186 αὐτὸς
1707 1105 1778 1174 δὲ
1833 1112 2207 1192 καθαπερεί

270 1241 452 1295 τινος
496 1224 667 1283 θεοῦ
706 1226 899 1302 φωνῆ
947 1214 1417 1302 μετεωρισθεὶς
1451 1226 1592 1293 τοῖς
1635 1239 1706 1282 τε
1752 1215 2027 1300 ἡγεμόσι
2063 1225 2199 1280 τῶν

272 1325 495 1389 ἄλλων
532 1322 757 1388 ἐθνῶν
796 1325 1153 1388 συνίστατο
1200 1319 1312 1387 καὶ
1357 1323 1522 1407 πρὸς
1565 1323 1683 1399 τὰς
1730 1319 2051 1399 ἑστιάσεις
2085 1319 2199 1387 καὶ

190 1451 245 1491 1⁰
269 1431 502 1506 κοινὰς
559 1428 818 1513 ὁμιλίας
864 1427 1139 1503 ἐκτενῶς
1195 1428 1488 1504 ἅπαντας
1532 1429 2026 1513 παρελάμβανε,
2087 1453 2198 1513 φι-

165 1560 270 1610 138
292 1519 448 1601 λίαν
494 1533 996 1611 κατασκευάζων
1042 1534 1207 1617 πρὸς
1252 1531 1550 1599 ἕκαστον.
1634 1535 2074 1620 ἐφιλοτιμήθη
2123 1532 2197 1600 δὲ
2234 1558 2270 1606 4

269 1641 384 1708 καὶ
447 1642 568 1705 τὸν
630 1637 905 1722 βασιλέα
967 1636 1143 1712 κατ’,
1179 1640 1338 1715 ὄψιν
1396 1640 1567 1704 ἰδεῖν
1620 1638 1731 1704 καὶ
1784 1641 1902 1705 τὸν
1953 1643 2198 1706 τούτου

270 1748 427 1829 βίον
484 1745 646 1810 ὅλον
701 1742 1262 1821 κατασκέψασθαι.
1359 1746 1589 1830 διόπερ
1656 1745 1816 1821 δούς
1878 1768 2012 1810 τινι
2064 1757 2198 1811 τῶν
2269 1744 2276 1749 ’

272 1851 618 1935 εὐνούχων
662 1845 920 1937 χρυσῆν
956 1851 1206 1935 φιάλην
1243 1852 1524 1934 εἰσήχθη
1569 1851 1734 1936 πρὸς
1777 1852 1897 1915 τὸν
1932 1853 2199 1936 Σαρδα-

189 1979 242 2020 15
269 1959 643 2040 νάπαλλον,
699 1956 811 2023 καὶ
867 1960 991 2042 τήν
1045 1980 1114 2022 τε
1168 1958 1437 2045 τρυφὴν
1491 1957 1700 2023 αὐτοῦ
1755 1956 1866 2022 καὶ
1920 1959 2039 2023 τὸν
2083 1982 2200 2041 γυ-

270 2067 567 2147 ναικώδη
621 2077 758 2131 τῶν
814 2065 1353 2149 ἐπιτηδευμάτων
1410 2068 1606 2149 ζῆλον
1661 2064 1948 2151 ἀκριβῶς
2006 2088 2200 2130 κατα-

271 2173 520 2254 νοήσας
563 2174 1019 2256 κατεφρόνησε
1064 2167 1186 2254 μὲν
1229 2180 1353 2236 τοῦ
1408 2170 1733 2254 βασιλέως
1788 2171 1876 2247 ῶς
1922 2171 2200 2248 οὐδενὸς

272 2276 492 2360 ἀξίου,
556 2280 866 2362 προήχθη
925 2272 998 2341 δὲ
1061 2280 1235 2341 πολὺ
1291 2281 1546 2360 μᾶλλον
1612 2275 2006 2361 ἀντέχεσθαι
2063 2289 2198 2343 τῶν

274 2384 611 2449 δοθεισῶν
681 2383 971 2448 ἐλπίδων
1033 2383 1164 2448 ὑπὸ
1231 2393 1355 2449 τοῦ
1421 2385 1780 2450 Χαλδαίου.
1871 2382 2059 2462 τέλος
2124 2382 2198 2451 δὲ
2237 2407 2268 2456 5
2287 2372 2303 2381 „

192 2510 248 2549 κο
277 2492 703 2573 συνωμοσίαν
731 2489 1085 2577 ἐποιήσατο
1112 2491 1280 2576 πρὸς
1307 2491 1425 2555 τὸν
1450 2490 1767 2573 Βέλεσυν,
1796 2491 1962 2556 ὥστε
1991 2492 2199 2558 αὐτὸν

276 2590 399 2677 μὲν
425 2596 707 2693 Μήδους
735 2595 1102 2680 ἀποστῆσαι
1131 2593 1241 2660 καὶ
1271 2595 1558 2681 Πέρσας,
1588 2595 1846 2662 ἐκεῖνον
1876 2593 1949 2662 δὲ
1974 2609 2197 2664 πεῖσαι

275 2703 750 2784 Βαβυλωνίους
793 2710 1198 2785 κοινωνῆσαι
1242 2712 1360 2786 τῆς
1404 2702 1700 2788 πράξεως
1744 2702 1855 2768 καὶ
1900 2706 2018 2770 τὸν
2063 2718 2197 2771 τῶν

266 2804 568 2893 Ἀράβων
630 2807 923 2893 ἡγεμόνα
978 2812 1180 2893 φίλον
1245 2809 1407 2873 ὄντα
1468 2809 1969 2894 προσλαβέσθαι
2030 2814 2197 2895 πρὸς

270 2915 394 2998 τὴν
452 2926 588 2979 τῶν
652 2915 829 2981 ὅλων
895 2914 1216 2980 ἐπίθεσιν.
1309 2915 1399 2991 ὧς
1464 2912 1524 2979 δ’
1588 2915 1624 2980 ὁ
1683 2915 2019 2994 ἐνιαύσιος
2080 2928 2196 3002 τῆς
2234 2939 2265 2986 6

192 3037 244 3079 25
274 3023 617 3106 στρατείας
681 3022 1065 3105 διεληλύθει
1127 3024 1398 3107 χρόνος,
1466 3022 1780 3106 διαδοχῆς
1845 3020 1905 3087 δ’
1971 3021 2197 3108 ἑτέρας

273 3125 608 3211 ἐλθούσης
671 3127 1105 3211 ἀπελύθησαν
1172 3128 1242 3191 oc
1300 3131 1609 3213 πρότεροι
1672 3130 1836 3194 κατὰ
1898 3130 1972 3193 τὸ
2037 3131 2197 3201 ἔθος

273 3234 370 3309 εἰς
412 3234 531 3310 τὰς
575 3235 928 3319 πατρίδας,
986 3233 1280 3299 ἐνταῦθα
1328 3233 1363 3298 ὁ
1414 3228 1733 3318 Ἀρβάκης
1778 3237 1993 3298 ἔπεισε
2039 3234 2195 3306 τοὺς

386 3431 453 3479 10
483 3428 675 3494 φιλίας
695 3425 743 3478 D
867 3432 931 3480 11
966 3422 1470 3494 ἐγκατασκευάζων
1494 3425 1733 3494 codices,
1754 3441 1893 3479 corr.
1914 3419 2195 3476 Gemistus
2291 3491 2295 3495 .

277 3500 343 3548 12
385 3490 515 3551 ὅλον
551 3494 756 3552 τούτου
799 3499 921 3570 βίον
958 3497 1111 3567 vulg.
1261 3501 1326 3550 15
1365 3515 1424 3550 τε
1473 3511 1581 3548 om.
1619 3496 1668 3547 D
1815 3499 1882 3548 23
1925 3488 2194 3561 Ἀράβων]

275 3564 578 3637 βαρβάρων
613 3567 683 3623 Π.

381 3664 634 3707 Dmnonus
662 3667 703 3707 1.
1809 3656 1877 3704 14
