2569 4061
1085 364 1165 418 ΙΙΙ
1202 370 1288 418 23.
1320 370 1406 419 24.
2061 366 2192 431 299

263 530 424 593 ὄντα
462 530 679 593 πολὺν
717 526 1145 613 ἀθροίζοντες
1192 526 1454 603 ἀπόνως
1493 526 1981 614 διατρέφονται,
2027 529 2194 592 κατὰ

268 630 343 698 δὲ
388 635 506 698 τὸν
543 635 748 700 ἄλλον
793 634 1031 720 καιρὸν
1076 641 1193 716 τῆς
1232 633 1520 717 βοτάνης
1565 643 1679 716 τῆς
1717 633 1789 698 ἐν
1833 647 1977 713 ταῖς
2012 651 2189 700 σκια-

265 737 566 823 ζομέναις
623 742 1044 823 συναγκείαις
1107 738 1452 825 φυομένης
1514 738 2007 825 προσφέρονται
2069 743 2193 826 τὴν

265 847 831 931 προσηνεστάτην·
901 848 1133 933 στερεὰ
1188 849 1317 932 γὰρ
1385 838 1554 911 οὖσα
1607 845 1731 928 τὴν
1788 845 2028 929 φύσιν,
2082 847 2193 913 καὶ

212 969 238 1009 5
267 953 516 1017 καυλὸν
562 955 805 1037 ἔχουσα
841 955 1309 1038 παραπλήσιον
1355 962 1499 1028 ταῖς
1535 949 1921 1034 λεγομέναις
1964 954 2192 1035 βουνι-

262 1060 447 1143 άσιν,
496 1059 816 1143 ἐκπληροῖ
863 1059 987 1142 τὴν
1034 1067 1149 1141 τῆς
1195 1058 1557 1141 ἀναγκαίας
1609 1065 1863 1144 τροφῆς
1909 1059 2192 1123 ἔνδειαν.

262 1166 333 1230 οἰ
374 1161 448 1230 δὲ
475 1160 834 1249 Ὑλοφάγοι
882 1166 1047 1247 μετὰ
1090 1163 1343 1229 τέκνων
1387 1162 1497 1230 καὶ
1545 1174 1883 1246 γυναικῶν
1929 1159 2038 1229 ἐπὶ
2073 1166 2193 1241 τας
2230 1184 2261 1232 2

258 1273 467 1355 νομὰς
496 1270 782 1350 ἐξιόντες
819 1270 1306 1354 ἀναβαίνουσιν
1344 1268 1449 1335 ἐπὶ
1489 1272 1569 1336 τὰ
1611 1270 1858 1356 δένδρα
1893 1268 2004 1336 καὶ
2031 1272 2191 1347 τοὺς

259 1376 556 1454 ἁπαλοὺς
591 1388 727 1442 τῶν
765 1377 1154 1462 ἀκρεμόνων
1186 1375 1697 1463 προσφέρονται.
1763 1379 2080 1461 τοιαύτην
2118 1375 2183 1442 δ’

176 1501 229 1541 10
259 1483 332 1548 ἐκ
376 1492 493 1566 τῆς
543 1492 864 1566 συνεχοῦς
909 1481 1181 1566 μελέτης
1223 1483 1348 1566 τὴν
1395 1478 1493 1548 ἐπ’
1539 1486 1785 1570 ἄκρους
1828 1488 1987 1562 τοὺς
2030 1486 2187 1550 κλά-

259 1590 421 1663 δους
487 1587 875 1673 ἀναδρομὴν
950 1572 1302 1653 ποιοῦνται
1365 1590 1604 1666 πάντες
1676 1591 1843 1654 ὥστε
1907 1592 2187 1656 ἄπιστον

257 1688 433 1757 εἶναι
469 1694 543 1758 τὸ
572 1697 955 1778 γινόμενον·
997 1693 1107 1759 καὶ
1135 1697 1263 1780 γὰρ
1303 1696 1770 1779 μεταπηδῶσιν
1807 1693 1921 1779 ἀφ’
1959 1694 2188 1781 ἑτέρου

256 1792 366 1881 ἐφ’
418 1798 646 1884 ἕτερον
703 1798 987 1887 δένδρον
1055 1801 1299 1885 ὁμοίως
1361 1810 1501 1878 τοῖς
1566 1798 1854 1886 ὀρνέοις,
1909 1798 2018 1865 καὶ
2073 1802 2189 1877 τὰς

147 1928 251 1977 192
276 1903 633 1989 ἀναβάσεις
693 1905 800 1972 ἐπὶ
852 1916 989 1971 τῶν
1045 1908 1460 1973 λεπτοτάτων
1515 1907 1781 1972 κλάδων
1834 1914 2187 1972 ποιοῦνται

176 2034 227 2075 15
254 2010 455 2099 χωρὶς
490 2014 845 2079 κινδύνων.
910 2015 1248 2098 ἰσχνότητι
1282 2015 1411 2101 γὰρ
1451 2014 1750 2099 σώματος
1785 2011 1896 2080 καὶ
1932 2015 2183 2096 κουφό-
2221 2034 2253 2082 3

252 2141 398 2202 τητι
463 2119 923 2206 διαφέροντες,
985 2119 1255 2186 ἐπειδὰν
1318 2131 1459 2198 τοῖς
1519 2119 1680 2187 ποσὶ
1736 2121 2182 2205 σφάλλωνται,

251 2235 396 2302 ταῖς
441 2225 672 2312 χερσὶν
719 2226 1351 2309 ἀντιλαμβάνονται·
1405 2226 1533 2292 κᾶν
1576 2228 1826 2311 τύχωσι
1870 2229 2186 2302 πεσόντες

255 2327 371 2414 ἀφ’
424 2332 669 2416 ὕψους,
747 2328 948 2397 οὐδὲν
1012 2334 1344 2417 πάσχουσι
1418 2333 1531 2397 διὰ
1593 2333 1718 2416 τὴν
1780 2335 2183 2417 κουφότητα·

255 2435 367 2501 καὶ
411 2439 624 2503 πάντα
663 2435 737 2504 δὲ
780 2440 1032 2505 κλάδον
1078 2442 1362 2523 ἔγχυλον
1397 2448 1539 2516 τοῖς
1584 2439 1822 2504 ὀδοῦσι
1866 2462 2183 2525 κατεργα-

170 2565 225 2605 20
258 2544 518 2626 ζόμενοι
562 2542 914 2611 πέττουσιν
960 2545 1256 2622 εὐκόπως
1300 2556 1445 2623 ταῖς
1489 2548 1785 2622 κοιλίαις.
1877 2540 2065 2611 οὗτοι
2113 2541 2177 2612 δ’
2219 2569 2254 2616 4

258 2646 362 2713 ἀεὶ
398 2652 621 2732 βιοῦσι
656 2650 902 2736 γυμνοὶ
939 2649 1061 2737 μὲν
1099 2652 1403 2736 ἐσθῆτος,
1440 2663 1697 2729 κοιναῖς
1734 2648 1808 2716 δὲ
1848 2653 2184 2738 χρώμενοι

253 2755 561 2838 γυναιξὶν
619 2757 1011 2836 ἀκολούθως
1064 2758 1176 2825 καὶ
1230 2762 1388 2835 τοὺς
1441 2756 1891 2842 γεννηθέντας
1940 2762 2183 2837 παῖδας

251 2866 524 2941 κοινοὺς
567 2863 903 2947 ἡγοῦνται.
997 2867 1475 2950 διαπολεμοῦσι
1522 2861 1597 2931 δὲ
1642 2866 1808 2950 πρὸς
1854 2865 2182 2949 ἀλλήλους

251 2968 403 3056 περὶ
457 2981 595 3035 τῶν
648 2974 876 3036 τόπων
933 2971 1205 3057 ῥάβδοις
1260 2969 1691 3055 ὡπλισμένοι,
1742 2970 1853 3036 καὶ
1907 2974 2178 3049 ταύταις

167 3094 219 3135 25
249 3075 657 3160 ἀμυνόμενοι
720 3080 878 3154 τοὺς
941 3076 1289 3155 ἐναντίους
1345 3079 1674 3142 διασπῶσι
1735 3081 1894 3154 τοὺς
1946 3100 2176 3161 χειρω-

245 3180 506 3259 θέντας.
581 3187 935 3248 τελευτῶσι
972 3181 1034 3248 δ’
1071 3183 1293 3249 αὐτῶν
1330 3185 1402 3250 οἰ
1431 3188 1728 3249 πλεῖστοι
1765 3187 1932 3269 λιμῷ
1977 3202 2173 3245 κατα-

385 3344 417 3392 3
475 3335 768 3409 φυομένης
813 3339 1045 3409 Reiske‚
1093 3338 1421 3411 σχιζομένης
1467 3343 1564 3395 καὶ
1611 3334 1901 3408 φυομένης
1946 3333 2169 3390 codices

246 3413 279 3462 ὅ
326 3408 658 3479 λεγομέναις
704 3409 930 3479 scripsi,
976 3408 1305 3481 γινομέναις
1339 3410 1473 3465 libri
1520 3407 1925 3481 (καλουμέναις
1943 3406 2171 3476 ,Agath

244 3481 335 3549 51)
511 3486 578 3536 13
637 3477 738 3551 ἐφ’
793 3481 987 3552 ἕτερον
1043 3477 1152 3551 ἀφ’
1204 3476 1398 3550 ἐτέρου
1453 3478 1707 3540 Hertlein
1882 3481 1949 3531 16
2005 3475 2172 3530 ποσὶν

244 3547 603 3619 ἔφάλλωνται
637 3552 791 3623 vulg.
937 3558 1003 3608 21
1056 3554 1219 3624 κοινῇ
1261 3552 1370 3608 OF
1509 3557 1576 3606 22
1616 3547 1737 3617 καὶ]
1777 3544 1843 3602 δὲ
1881 3547 1981 3601 καὶ
2017 3547 2170 3613 vulg.

242 3626 311 3676 25
350 3622 655 3695 διασπῶσι]
694 3625 1019 3695 διαχειρῶσι
1056 3625 1123 3694 D,
1162 3622 1511 3693 διαχειροῦσι
1546 3621 1606 3674 F.
