2569 4061
387 211 518 276 130
1078 208 1387 264 DIODORI
1422 205 1650 264 SICULI

383 377 583 449 κότας
610 382 744 436 τῶν
782 370 1073 456 ἀπείρων
1101 372 1261 456 μήτε
1299 372 1456 447 τοὺς
1482 371 1770 447 ψεύστας
1796 367 1909 434 καὶ
1935 373 2312 455 τολμηροὺς

386 489 521 543 τῶν
558 480 958 562 φιλαλήθων
992 473 1104 541 καὶ
1140 475 1681 560 κατεσταλμένων
1717 485 1857 552 τοῖς
1892 477 2116 559 ἤθεσι,
2143 478 2309 542 πάν-

385 606 503 661 τας
531 580 597 648 δ’
621 579 720 648 ἐπ’
745 588 893 666 ἴσης
929 582 1279 660 τεύξεσθαι
1307 592 1442 647 τῶν
1473 583 1771 665 δικαίων,
1803 583 2034 648 ἰκανὸν
2060 586 2309 668 χρόνον

388 690 461 755 ἐκ
524 700 659 755 τῶν
723 691 951 773 νόμων
1014 691 1494 773 λαμβανόντων
1570 699 1703 754 τῶν
1767 685 1889 772 μὲν
1953 688 2310 755 ἀντιδίκων

388 795 686 873 ἐξετάσαι
718 796 798 860 τὰ
833 792 988 880 παρ’
1024 794 1354 878 ἀλλήλων,
1391 805 1525 859 τῶν
1555 791 1629 859 δὲ
1669 796 2000 860 δικαστῶν
2038 807 2307 881 συγκρῐ-
2333 813 2362 854 5

388 926 502 968 ναι
549 902 628 965 τὰ
673 897 829 987 παρ’
883 899 1295 985 ἀμφοτέρων.

302 1011 382 1074 77
560 1005 737 1072 Ἐπεὶ
776 1004 852 1071 δὲ
886 1015 1001 1089 τῆς
1037 1009 1443 1090 νομοθεσίας
1482 1005 1928 1091 ἐμνήσθημεν,
1971 1007 2093 1072 οὐκ
2128 1006 2310 1071 ἀνοί-

387 1136 569 1179 κειον
615 1107 787 1176 εἶναι
831 1121 946 1195 τῆς
991 1110 1427 1196 ὑποκειμένης
1475 1113 1767 1198 ἱστορίας
1813 1116 2160 1197 νομίζομεν
2208 1110 2310 1177 έκ-

386 1218 643 1283 θέσθαι
670 1228 805 1283 τῶν
832 1220 1058 1301 νόμων
1087 1218 1234 1283 ὅσοι
1262 1220 1439 1303 παρὰ
1466 1229 1606 1294 τοῖς
1622 1220 2013 1301 Αἰγυπτίοις
2039 1220 2310 1283 παλαιό-

387 1347 533 1408 τητι
580 1325 937 1407 διήνεγκαν
982 1323 1023 1407 ἢ
1070 1323 1626 1410 παρηλλαγμένην
1670 1323 1857 1402 τάξιν
1905 1326 2102 1408 ἔσχον
2146 1323 2186 1407 ἢ
2232 1326 2307 1389 τὸ
2339 1343 2394 1382 1⁰

389 1432 681 1496 σύνολον
739 1428 1066 1514 ὠφέλειαν
1120 1440 1259 1506 τοῖς
1307 1435 1930 1514 φιλαναγνωστοῦσι
1988 1430 2309 1494 δύνανται

317 1560 349 1607 2
390 1535 866 1621 παρασχέσθαι.
941 1547 1206 1622 πρῶτον
1252 1533 1376 1621 μὲν
1424 1530 1547 1601 οὖν
1592 1536 1757 1600 κατὰ
1802 1545 1937 1601 τῶν
1983 1534 2310 1620 ἐπιόρκων

388 1645 684 1719 θάνατος
738 1638 824 1726 ἦν
869 1640 1025 1729 παρ’
1079 1643 1305 1719 αὐτοῖς
1358 1644 1432 1707 τὸ
1478 1644 1877 1727 πρόστιμον,
1925 1642 2014 1719 ὡς
2061 1644 2184 1707 δύο
2231 1642 2309 1705 τὰ

388 1748 664 1833 μέγιστα
701 1751 1079 1815 ποιούντων
1108 1749 1519 1833 ἀνομήματα,
1554 1750 1763 1825 θεούς
1787 1771 1857 1813 τε
1886 1748 2310 1832 ἀσεβούντων

388 1854 499 1921 καὶ
544 1857 667 1938 τὴν
714 1858 1030 1939 μεγίστην
1075 1866 1208 1920 τῶν
1253 1848 1410 1939 παρ’
1453 1853 1839 1940 ἀνθρώποις
1882 1856 2105 1918 πίστιν
2151 1852 2308 1917 ἀνα-
2340 1872 2421 1913 15·

317 1984 350 2032 3
388 1964 783 2047 τρεπόντων.
877 1963 1097 2026 ἔπειτα
1144 1967 1211 2027 εἴ
1248 1984 1348 2038 τις
1394 1959 1468 2026 ἐν
1524 1960 1660 2050 ὁδῷ
1706 1962 1870 2026 κατὰ
1919 1960 2041 2044 τὴν
2085 1959 2311 2045 χώραν
2350 1982 2438 2033 88

389 2069 556 2133 ἰδὼν
616 2071 1075 2153 φονευόμενον
1121 2070 1489 2153 ἄνθρωπον
1542 2066 1583 2150 ἢ
1631 2070 1705 2133 τὸ
1742 2071 2043 2135 καθόλου
2090 2069 2311 2151 βίαιόν

387 2197 449 2238 τι
494 2176 833 2260 πάσχοντα
879 2177 967 2260 μὴ
1007 2175 1281 2261 ῥύσαιτο
1331 2176 1614 2250 δυνατὸς
1651 2176 1771 2257 ὥν,
1814 2176 2087 2264 θανάτῳ
2133 2195 2313 2258 περι-

386 2291 614 2345 πεσεῖν
653 2282 966 2365 ὤφειλεν·
1015 2282 1077 2345 εἰ
1113 2277 1183 2345 δὲ
1230 2282 1396 2365 πρὸς
1432 2278 1760 2362 ἀλήθειαν
1808 2282 1918 2345 διὰ
1954 2282 2028 2345 τὸ
2068 2280 2312 2345 ἀδύνα-

387 2408 508 2449 τον
562 2387 649 2468 μὴ
708 2387 1096 2469 κατισχύσαι
1150 2388 1519 2466 βοηθῆσαι,
1575 2389 1875 2469 μηνῦσαί
1923 2410 1998 2468 γε
2053 2386 2313 2462 πάντως
2340 2406 2396 2446 20

393 2492 633 2573 ὤφειλε
680 2494 838 2567 τοὺς
884 2491 1123 2574 λῃστὰς
1168 2487 1279 2554 καὶ
1331 2487 1652 2566 ἐπεξιέναι
1698 2491 1820 2572 τὴν
1865 2494 2313 2575 παρανομίαν·

389 2597 507 2661 τὸν
563 2592 637 2659 δὲ
702 2604 905 2660 ταῦτα
961 2595 1048 2679 μὴ
1109 2595 1448 2679 πράξαντα
1511 2596 1675 2660 κατὰ
1729 2597 1848 2659 τὸν
1912 2598 2123 2679 νόμον
2178 2598 2314 2660 ἔδει

391 2708 882 2786 μαστιγοῦσθαι
937 2698 1333 2784 τεταγμένας
1379 2702 1632 2783 πληγὰς
1676 2699 1788 2766 καὶ
1840 2701 2055 2783 πάσης
2103 2705 2313 2785 εἴργε-

317 2832 353 2880 4
391 2805 557 2873 σθαι
602 2816 856 2893 τροφῆς
893 2805 1000 2873 ἐπὶ
1041 2817 1218 2893 τρεῖς
1253 2805 1517 2892 ἡμέρας.
1593 2808 1664 2872 οἱ
1698 2803 1772 2873 δὲ
1807 2808 2073 2886 ψευδῶς
2107 2830 2312 2872 τινων

392 2916 962 3001 κατηγορήσαντες
1008 2915 1298 2998 ὤφειλον
1336 2921 1535 2978 τοῦτο
1575 2920 1821 2979 παθεῖν
1858 2912 1895 2977 ὃ
1941 2923 2080 2990 τοῖς
2118 2929 2312 2977 συκο-
2341 2934 2396 2974 25

392 3027 838 3108 φαντηθεῖσιν
877 3019 1172 3086 ἐτέτακτο
1210 3023 1600 3106 πρόστιμον,
1629 3027 1810 3106 εἴπερ
1848 3021 2085 3105 ἔτυχον
2119 3042 2313 3085 κατα-

321 3150 353 3199 5
394 3126 838 3203 δικασθέντες.
912 3124 1386 3212 προσετέτακτο
1435 3121 1509 3190 δὲ
1565 3124 1677 3191 καὶ
1720 3136 1884 3192 πᾶσι
1928 3137 2068 3203 τοῖς
2106 3126 2314 3208 Αἰγυ-

390 3237 605 3310 πτίοις
643 3233 1159 3318 ἀπογράφεσθαι
1194 3233 1361 3318 πρὸς
1389 3235 1545 3310 τοὺς
1581 3234 1907 3320 ἄρχοντας
1943 3232 2072 3298 ἀπὸ
2109 3234 2315 3297 τίνων

535 3395 566 3442 3
608 3387 836 3513 indagavi}
876 3385 973 3460 ἐφ’
1017 3386 1214 3446 ἱκανὸν
1252 3388 1302 3443 D
1452 3395 1516 3446 16
1556 3388 1751 3446 ἔπειτα
1790 3389 1868 3463 εἰ]
1911 3387 2013 3447 ἑάν
2051 3387 2117 3444 δὲ
2152 3386 2310 3457 vulg.

396 3460 460 3506 18
507 3459 597 3533 tt]
624 3479 750 3514 τινα
842 3506 853 3516 .
