2569 4061
353 231 479 299 118
1016 231 1327 289 DIODORI
1363 231 1596 290 SICULI

353 397 464 464 καὶ
527 397 703 483 παρὰ
766 406 906 473 τοῖς
958 394 1278 481 ’Ἕλλησιν
1342 394 1424 460 οὐ
1487 397 1768 480 μετρίως
1840 393 2242 478 ἐθαυμάσθη
2258 415 2273 430 ·

282 524 313 572 3
353 505 584 589 διόπερ
651 503 722 567 οί
779 500 1077 587 μέγιστοι
1139 512 1274 567 τῶν
1340 501 1414 567 ἐν
1476 503 1744 588 παιδείᾳ
1805 499 2273 579 δοξασθέντων

350 608 927 694 ἐφιλοτιμήθησαν
965 611 1060 686 εἰς
1087 613 1432 693 Αἴγυπτον
1468 611 1901 695 παραβαλεῖν,
1940 608 2052 673 ἵνα
2080 609 2272 692 μετά·
2311 610 2380 661 80

351 731 557 799 σχωσι
621 725 757 781 τῶν
821 739 891 782 τε
955 718 1183 800 νόμων
1236 711 1348 780 καὶ
1405 725 1541 780 τῶν
1595 714 2130 799 ἐπιτηδευμάτων
2185 715 2274 791 ὡς

283 841 318 889 4
354 819 720 905 ἀξιολόγων
775 823 1008 888 ὄντων.
1098 825 1332 906 καίπερ
1388 823 1516 908 γὰρ
1571 831 1686 905 τῆς
1747 823 1965 908 χώρας
2023 821 2097 886 τὸ
2152 842 2272 886 πα·
2300 835 2326 876 5

349 929 543 992 λαιὸν
589 929 1038 1012 δυσεπιβάτου
1081 938 1222 1005 τοῖς
1276 926 1491 1006 ξένοις
1536 927 1743 1010 οὔσης
1797 929 1909 992 διὰ
1954 928 2070 1004 τὰς
2113 948 2273 1012 προ-

350 1032 699 1120 ειρημένας
757 1037 999 1118 αἰτίας,
1056 1034 1233 1119 ὅμως
1287 1037 1620 1100 ἔσπευσαν
1675 1036 1770 1111 εἰς
1815 1034 2026 1117 αὐτὴν
2071 1055 2272 1119 παρα-

349 1142 579 1222 βαλεῖν
633 1149 768 1203 τῶν
823 1135 947 1223 μὲν
1002 1139 1453 1224 ἀρχαιοτάτων
1501 1134 1779 1226 Ὀρφεὺς
1832 1137 1943 1204 καὶ
2003 1138 2038 1205 ὁ
2085 1160 2274 1222 ποιη-

349 1246 465 1328 τὴς
484 1242 794 1330 Ὅμηρος,
840 1255 976 1311 τῶν
1019 1242 1095 1310 δὲ
1130 1245 1699 1331 μεταγενεστέρων
1745 1247 1936 1311 ἄλλοι
1980 1267 2051 1310 τε
2094 1247 2273 1310 πλεί-

351 1374 470 1427 ους
533 1349 644 1416 καὶ
707 1355 1121 1439 Πυθαγόρας
1185 1352 1221 1418 ὁ
1287 1352 1573 1438 Σάμιος,
1641 1354 1734 1417 ἔτι
1800 1348 1873 1416 δὲ
1933 1354 2175 1417 Σόλων
2236 1350 2272 1416 ὁ
2305 1367 2356 1407 10

282 1476 314 1526 5
350 1455 740 1541 νομοθέτης.
833 1457 1105 1542 λέγουσι
1149 1461 1385 1525 τοίνυν
1428 1459 1787 1542 Αἰγύπτιοι
1839 1456 1993 1543 ’παρ’
2048 1458 2274 1534 αὑτοῖς

347 1564 473 1646 τήν
526 1585 595 1628 τε
649 1573 786 1629 τῶν
838 1564 1242 1651 γραμμάτων
1289 1565 1555 1651 εὕρεσιν
1614 1563 1932 1648 γενέσθαι
1985 1560 2096 1629 καὶ
2150 1564 2272 1647 τὴν

348 1678 484 1733 τῶν
539 1671 806 1755 ἄστρων
859 1675 1350 1758 παρατήρησιν,
1407 1672 1572 1758 πρὸς
1627 1667 1700 1736 δὲ
1754 1670 2017 1748 τούτοις
2069 1671 2150 1734 τά
2204 1692 2274 1734 τε

347 1777 514 1840 κατὰ
567 1778 692 1860 τὴν
745 1779 1151 1863 γεωμετρίαν
1209 1780 1611 1862 θεωρήματα
1667 1772 1779 1841 καὶ
1833 1787 1969 1843 τῶν
2022 1785 2274 1860 τεχνῶν

348 1882 464 1956 τὰς
517 1883 827 1958 πλείστας
883 1881 1275 1967 εὑρεθῆναι,
1330 1884 1581 1966 νόμους
1634 1905 1704 1947 τε
1758 1884 1916 1960 τοὺς
1960 1880 2274 1966 ἀρίστους
2303 1897 2355 1938 15

280 2009 312 2060 6
350 1992 649 2071 τεθῆναι.
731 1983 843 2054 καὶ
888 1988 1146 2055 τούτων
1192 1991 1510 2075 μεγίστην
1556 1988 1895 2069 ἀπόδειξίν
1939 2004 2148 2074 φασιν
2185 1982 2274 2054 εἷ-

347 2117 460 2158 ναι
518 2095 594 2159 τὸ
649 2102 766 2178 τῆς
821 2095 1170 2178 Αἰγύπτου
1225 2097 1429 2161 πλείω
1492 2106 1629 2161 τῶν
1693 2093 2103 2161 ἑπτακοσίων
2163 2092 2274 2159 καὶ

347 2204 888 2287 τετρακισχιλίων
933 2200 1100 2267 ἐτῶν
1145 2206 1535 2286 βασιλεῦσαι
1580 2204 1738 2279 τοὺς
1781 2204 2050 2279 πλείους
2097 2201 2275 2285 ἐγγε-

346 2318 487 2383 νεῖς
539 2305 647 2372 καὶ
702 2309 827 2390 τὴν
880 2308 1106 2393 χώραν
1166 2307 1769 2392 εὐδαιμονεστάτην
1823 2309 2108 2395 ὑπάρξαι
2160 2318 2276 2393 τῆς

349 2410 605 2494 ἁπάσης
660 2410 1080 2497 οἰκουμένης·
1136 2419 1342 2476 ταῦτα
1395 2412 1524 2497 γὰρ
1581 2410 1706 2476 οὐκ
1759 2414 1844 2477 ἄν
1888 2433 2047 2478 ποτε
2091 2412 2275 2496 γενέ·
2303 2431 2357 2471 2⁰

349 2521 514 2581 σθαι
573 2517 662 2601 μὴ
718 2517 801 2582 οὐ
861 2528 996 2583 τῶν
1050 2516 1433 2602 ἀνθρώπων
1486 2513 1849 2602 χρωμένων
1901 2522 2275 2603 κρατίστοις

349 2624 537 2687 ἔθεσι
582 2620 694 2686 καὶ
738 2624 971 2706 νόμοις
1004 2621 1117 2688 καὶ
1152 2632 1292 2700 τοῖς
1327 2623 1493 2688 κατὰ
1528 2630 1750 2688 πᾶσαν
1789 2623 2098 2688 παιδείαν
2137 2622 2274 2688 ἐπι-

281 2756 312 2806 ⁷
349 2729 772 2813 τηδεύμασιν.
864 2729 990 2795 ὅσα
1035 2726 1156 2814 μὲν
1202 2723 1329 2795 οὖν
1364 2726 1730 2817 Ἡρόδοτος
1774 2730 1891 2795 καί
1928 2752 2103 2807 τινες
2138 2741 2274 2796 τῶν

348 2826 482 2913 τὰς
503 2837 890 2918 Αἰγυπτίων
935 2835 1203 2923 πράξεις
1239 2835 1754 2922 συνταξαμένων
1790 2835 2272 2920 ἐσχεδιάκασιν,

350 2941 670 3021 ἑκουσίως
713 2945 1190 3030 προκρίναντες
1243 2953 1358 3029 τῆς
1403 2942 1721 3028 ἀληθείας
1775 2944 1850 3007 τὸ
1905 2941 2274 3028 παραδοξο-
2301 2960 2353 3002 25

349 3055 575 3134 λογεῖν
610 3047 723 3116 καὶ
758 3050 1026 3134 μύθους
1060 3051 1371 3116 πλάττειν
1397 3050 1829 3134 ψυχαγωγίας
1856 3047 2071 3132 ἕνεκα,
2108 3070 2274 3135 παρ-

348 3159 628 3243 ήσομεν,
698 3157 866 3222 αὐτὰ
932 3153 1007 3222 δὲ
1067 3158 1146 3222 τὰ
1199 3158 1378 3243 παρὰ
1432 3166 1573 3232 τοῖς
1628 3156 1877 3242 ἱερεῦσι
1930 3166 2072 3233 τοϊς
2125 3153 2265 3221 κατ’

493 3355 525 3403 6
561 3353 681 3412 τοῖς
716 3346 900 3417 ξένοις
935 3345 1316 3421 δυσεπιβάτου
1353 3347 1506 3418 vulg.
1647 3353 1713 3403 10
1750 3346 1841 3420 δὲ]
1879 3345 1943 3404 δὲ
1983 3349 2082 3403 καὶ
2117 3348 2270 3418 vulg.

353 3420 418 3467 12
455 3418 554 3470 καὶ
598 3417 726 3492 τὴν]
774 3419 874 3474 καὶ
920 3419 1007 3475 CF
1191 3423 1259 3476 14
1295 3415 1467 3491 κατὰ]
1505 3419 1635 3489 περὶ
1670 3419 1823 3489 vulg.
2007 3424 2078 3475 24
2115 3416 2272 3489 αἰγυ-

349 3485 516 3544 πτίοις
552 3485 600 3537 D
747 3496 816 3545 26
854 3491 951 3545 καὶ
986 3488 1211 3561 μύθους
1246 3486 1511 3546 πλάττειν
1548 3489 1657 3546 del.
1697 3489 1855 3547 Eich.
