2569 4061
4 18 2562 390 —2

1059 387 1084 441 1
1121 394 1208 443 64.
1247 394 1332 443 65.
1372 396 1455 460 66.
2086 392 2211 454 111

294 658 553 724 τούτων
597 659 811 722 πολλὰ
857 654 981 742 μὲν
1026 658 1297 742 χώματα
1350 658 1847 741 κατεσκεύαζεν,
1903 660 2028 725 οὐκ
2082 659 2218 724 ὀλί-

296 788 416 847 γας
471 761 545 828 δὲ
606 765 936 849 διώρυχας
1000 765 1295 849 ὤρυττεν
1358 764 1735 848 εὐκαίρους·
1799 764 2218 849 ὑπελάμβανε

5 849 12 962 Ι
297 872 422 955 γὰρ
469 881 608 946 τοῖς
661 867 784 955 μὲν
826 869 1297 955 κολαζομένοις
1341 872 1415 935 τὸ
1463 879 1579 954 τῆς
1623 873 1940 953 τιμωρίας
1985 871 2218 936 ἀπότο-

5 969 12 994 ’
79 1019 84 1023 -
241 993 268 1033 ⁵
297 1000 428 1060 μον
471 975 913 1059 ἠλαττωκέναι
924 1025 945 1060 ,
1001 987 1146 1054 ταῖς
1201 978 1275 1041 δὲ
1321 979 1597 1042 πόλεσιν
1643 973 1792 1040 ἀντὶ
1836 978 2219 1059 προστίμων

298 1082 663 1168 ἀνωφελῶν
690 1084 984 1168 μεγάλην
1014 1083 1420 1169 εὐχρηστίαν·
1438 1080 2039 1168 περιπεποιηκέναι.
2099 1082 2221 1164 τὴν
2258 1104 2300 1153 5

8 555 16 822 Ι
294 555 444 630 καζε
498 556 912 637 λειτουργεῖν
966 561 1109 627 ταῖς
1162 553 1396 615 πόλεσι
1458 552 1878 637 δεδεμένους,
1940 550 2052 618 καὶ
2108 554 2220 616 διὰ

297 1186 370 1253 δὲ
415 1198 531 1271 τῆς
576 1190 914 1275 εὐσεβείας
958 1191 1340 1274 ὑπερβολὴν
1377 1185 1829 1274 συλλογίσαιτ’
1875 1190 1961 1253 ἄν
2004 1212 2105 1265 τις
2149 1186 2245 1252 έκ-

293 1303 408 1377 τῆς
450 1297 617 1360 κατὰ
661 1298 781 1361 τὸν
826 1299 1094 1378 ὄνειρον
1140 1300 1510 1381 φαντασίας
1567 1295 1682 1361 καὶ
1727 1304 1842 1379 τῆς
1885 1295 2053 1360 κατὰ
2098 1295 2222 1377 τὴν

297 1400 506 1486 ἀρχὴν
552 1401 952 1479 ἀποθέσεως.
1045 1402 1229 1480 ἔδοξε
1276 1400 1399 1487 μὲν
1443 1405 1572 1489 γὰρ
1618 1404 1784 1468 κατὰ
1838 1403 1957 1467 τὸν
2000 1400 2220 1465 ὕπνον
2258 1424 2301 1471 6.,

214 1524 270 1563 10
295 1506 516 1590 λέγειν
562 1508 738 1595 αὐτῷ
788 1510 907 1572 τὸν
952 1508 1027 1573 ἐν
1074 1512 1325 1591 Θήβαις
1367 1508 1536 1574 θεὸν
1574 1509 1674 1574 ὅτι
1721 1509 2100 1592 βασιλεύειν
2137 1506 2219 1570 οὐ

300 1614 659 1695 δυνήσεται
693 1622 810 1695 τῆς
847 1615 1196 1696 Αἰγύπτου
1232 1619 1567 1699 μακαρίως
1612 1613 1770 1680 οὐδὲ
1806 1618 2022 1680 πολὺν
2066 1616 2221 1700 χρό-

298 1740 448 1799 νον,
496 1716 613 1781 ἐὰν
659 1719 746 1801 μὴ
793 1721 949 1794 τοὺς
996 1719 1193 1803 ἱερεῖς
1238 1720 1530 1795 ἅπαντας
1582 1721 1908 1804 διατεμὼν
1955 1721 2067 1785 διὰ
2113 1719 2218 1803 με’-

189 1845 260 1895 76
301 1837 441 1886 σων
489 1821 712 1886 αὐτῶν
758 1821 993 1909 διέλθῃ
1052 1824 1212 1907 μετὰ
1265 1831 1382 1907 τῆς
1438 1828 1815 1910 θεραπείας.
1906 1825 2220 1901 πολλάκις
2260 1849 2301 1896 7·

298 1923 374 1993 δὲ
428 1927 674 1993 τούτου
728 1928 1090 2014 γινομένου
1153 1932 1740 2015 μεταπεμψάμενος
1798 1933 2220 2016 πανταχόθεν

214 2054 266 2095 15
294 2038 454 2112 τοὺς
493 2036 689 2119 ίερεῖς
725 2039 852 2122 ἔφη
893 2042 1130 2103 λυπεῖν
1166 2039 1287 2103 τὸν
1321 2040 1492 2103 θεὸν
1528 2038 1603 2103 ἐν
1637 2046 1716 2124 τῇ
1753 2040 1937 2125 χώρᾳ
1973 2037 2220 2122 μένων·

295 2140 377 2206 οὐ
436 2143 564 2228 γὰρ
631 2141 716 2207 ἂν
785 2142 963 2230 αὐτῷ
1028 2152 1302 2208 τοιαῦτα
1366 2144 1822 2228 προστάττειν·
1864 2145 2030 2209 κατὰ
2101 2144 2221 2206 τὸν

292 2246 529 2312 ὕπνον.
621 2247 937 2312 ἀπελθὼν
991 2242 1116 2312 οὖν
1182 2249 1552 2331 βούλεσθαι
1614 2251 1913 2332 καθαρὸς
1977 2250 2223 2324 παντὸς
2260 2273 2306 2320 g

296 2353 550 2437 μύσους
595 2353 965 2417 ἀποδοῦναι
1018 2354 1093 2417 τὸ
1143 2355 1258 2435 ζῆν
1304 2361 1383 2436 τῇ
1429 2352 1824 2438 πεπρωμένῃ
1881 2355 2135 2435 μᾶλλον
2181 2352 2220 2436 ἢ

297 2464 529 2524 λυπῶν
562 2461 681 2524 τὸν
708 2459 947 2545 κύριον
973 2456 1086 2523 καὶ
1123 2459 1367 2542 μιάνας
1402 2457 1634 2542 ἀσεβεῖ
1665 2459 1854 2547 φόνῳ
1891 2459 2012 2523 τὸν
2045 2460 2221 2525 ἴδιον

216 2584 271 2624 20
300 2567 453 2646 βίον
508 2565 730 2649 ἄρχειν
783 2573 900 2648 τῆς
954 2565 1332 2648 Αἰγύπτου·
1396 2563 1506 2631 καὶ
1570 2563 1774 2650 πέρας
1826 2577 1966 2643 τοῖς
2021 2565 2220 2651 ἐγχω-

302 2671 475 2754 ρίοις
521 2669 811 2749 ἀποδοὺς
845 2673 969 2755 τὴν
1006 2674 1354 2755 βασιλείαν
1390 2672 1773 2757 ἐπανῆλθεν
1810 2675 1905 2750 εἰς
1938 2674 2062 2756 τὴν
2098 2676 2219 2739 Αἰ-

298 2778 596 2844 θιοπίαν.
1732 2864 1737 2869 .

472 2879 819 2968 Ἀναρχίας
856 2880 931 2948 δὲ
966 2883 1332 2969 γενομένης
1366 2872 1531 2950 κατᾶ
1566 2887 1690 2969 τὴν
1728 2891 2073 2969 Αἴγυπτον
2110 2885 2208 2952 ἐπ’
2239 2890 2351 2955 66<-

299 2989 410 3070 ἔτη
470 2988 627 3071 δύο,
683 2986 794 3053 καὶ
852 3000 988 3054 τῶν
1041 2990 1259 3074 ὄχλων
1315 2993 1409 3067 εἰς
1462 2993 1748 3077 ταραχὰς
1799 2990 1911 3057 καὶ
1965 2996 2222 3077 φόνους

180 3113 273 3154 ,25
301 3092 669 3178 ἐμφυλίους
710 3094 1165 3180 τρεπομένων,
1220 3096 1615 3181 ἐποιήσαντο
1672 3102 2100 3184 συνωμοσίαν
2155 3099 2226 3163 οἰ

301 3199 599 3284 μέγιστοι
643 3211 779 3266 τῶν
822 3201 1170 3285 ἡγεμόνων
1207 3204 1491 3270 δώδεκα·
1539 3206 2100 3292 συνεδρεύσαντες
2145 3199 2220 3265 δὲ

5 3324 8 3393 ᾗ
303 3306 375 3372 ἐν
421 3307 697 3393 Μέμφει
740 3306 853 3372 καὶ
890 3310 1234 3392 συνθήκας
1266 3310 1682 3395 γραψάμενοι
1717 3308 1868 3395 περὶ
1904 3319 2020 3391 τῆς
2054 3307 2220 3391 πρὸς

447 3507 475 3554 1
516 3500 616 3555 καὶ
650 3496 776 3574 διὰ]
806 3497 904 3556 διὰ
941 3500 1007 3556 δὲ
1046 3503 1196 3573 vulg.
1346 3507 1378 3556 3
1417 3500 1721 3571 διόρυττεν
1759 3500 1808 3552 D
1955 3505 1987 3552 6
2023 3513 2221 3550 πεποι-

301 3569 505 3639 ηκέναι
554 3572 709 3642 vulg.
894 3578 958 3627 13
1015 3570 1320 3635 πλεονάκις
1364 3572 1417 3624 Π
1597 3576 1665 3623 14
1709 3565 2021 3637 γενομένου
2068 3566 2250 3633 vulg..

300 3639 665 3712 πολλαχόθεν
702 3643 749 3697 D
898 3649 965 3697 16
1004 3638 1185 3698 αὐτὸν
1221 3644 1318 3696 ΑΒ
1462 3637 1873 3708 προσετέτακτο
1910 3635 1979 3690 Π.
