2569 4061
969 320 1046 374 IV
1088 325 1171 374 74.
1212 325 1297 374 75.
1338 324 1420 375 76.
2021 320 2150 384 517

197 480 350 560 ἕως
426 484 794 559 Λίθιοπίας
868 481 1350 567 ἐμυθολογήθη
1425 479 1491 559 ἐξ
1557 479 1760 559 Ἠοῦς
1832 492 2156 548 τεκνῶσαι

200 588 557 673 Μέμνονα
629 592 748 654 τὸν
819 600 958 666 τοῖς
1039 586 1259 674 Τρωσὶ
1343 590 1781 671 βοηθήσαντα
1851 587 1963 654 καὶ
2033 586 2147 654 ὑπ’

196 694 568 781 Ἀχιλλέως
621 695 1094 782 ἀναιρεθέντα,
1143 698 1451 781 Πρίαμος
1506 691 1567 759 δ’
1601 690 1888 778 τΕκάβην
1944 699 2157 780 γήμας

211 804 359 867 σὺν
426 804 653 880 ἄλλοις
706 804 1008 868 πλείοσαν
1070 802 1246 878 υίοῖς
1300 799 1658 885 ἐγέννησεν
1696 798 1981 885 ’Έκτορα
2036 803 2156 866 τὸν

151 926 180 965 5
215 906 717 993 ἐπισημότατον
789 910 1157 991 γενόμενον
1225 906 1299 972 ἐν
1372 915 1462 995 τῷ
1534 909 1809 994 Τρωικῷ
1873 905 2155 993 πολέμῳ.

206 1012 630 1102 ’Λσσάρακος
678 1011 751 1080 δὲ
797 1014 1177 1100 Δαρδάνων
1236 1014 1639 1097 βασιλεύσας
1682 1014 1926 1078 Κάπυν
1972 1009 2159 1095 ἐγέν-
2196 1036 2228 1085 5

216 1137 473 1205 νησεν,
548 1120 614 1200 ἐξ
688 1114 771 1184 οὗ
843 1118 1204 1196 τεκνωθεὶς
1260 1114 1565 1205 Ἀγχίσης
1636 1118 1702 1198 ἐξ
1762 1113 2160 1204 Ἀφροδίτης

219 1229 515 1293 Αἰνείαν
570 1225 884 1310 ἐγέννησε
939 1228 1059 1291 τὸν
1115 1224 1639 1311 ἐπιφανέστατον
1693 1238 1828 1291 τῶν
1888 1226 2157 1311 Τρώων.

225 1334 635 1416 Γανυμήδης
691 1329 766 1398 δὲ
831 1342 966 1397 τῶν
1022 1332 1335 1398 ἁπάντων
1395 1334 1751 1420 εὐπρεπείᾳ
1816 1330 2159 1418 διαφέρων

144 1461 200 1501 ιο
228 1439 367 1505 ὑπὸ
416 1448 550 1503 τῶν
594 1444 780 1504 θεῶν
826 1438 1175 1524 ἀνηρπάγη
1220 1447 1312 1527 τῷ
1359 1438 1479 1504 Διὶ
1526 1446 1877 1524 οἰνοχοεῖν.

423 1547 693 1612 Τούτων
746 1543 806 1610 δ’
858 1545 1019 1630 ἡμῖν
1076 1543 1642 1630 διευκρινημένων
1698 1548 2157 1631 πειρασόμεθα
2196 1571 2228 1620 6

227 1640 551 1730 νδιεξιέναι
606 1649 758 1738 περὶ
804 1653 1156 1717 Δαιδάλου
1213 1650 1324 1716 καὶ
1369 1651 1827 1736 Μινωταύρου
1881 1649 1993 1715 καὶ
2047 1660 2162 1734 τῆς

233 1762 518 1836 Μίνωος
572 1760 916 1845 στρατείας
971 1760 1067 1834 εἰς
1120 1760 1439 1823 Σικελίαν
1494 1756 1600 1822 ἐπὶ
1656 1758 1986 1822 Κώκαλον
2039 1758 2161 1822 τὸν

235 1862 529 1950 βασιλέα.
598 1867 938 1942 Δαίδαλος
983 1860 1069 1948 ἦν
1116 1866 1191 1930 τὸ
1239 1860 1362 1949 μὲν
1407 1861 1602 1947 γένος
1640 1860 2019 1947 Ἀθηναῖος,
2066 1854 2162 1939 εἷς
2181 1868 2218 1932 7
2225 1865 2266 1932 6

158 1991 209 2033 15
239 1983 374 2039 τῶν
414 1970 854 2059 Ἐρεχθειδῶν
912 1972 1423 2058 ὀνομαζόμενος·
1486 1965 1573 2055 ἧν
1629 1972 1755 2057 γὰρ
1809 1971 1957 2047 υίὸς
2011 1973 2163 2053 Μη-

238 2082 463 2157 τίονος
526 2090 646 2147 τοῦ
709 2081 1124 2164 Εὐπαλάμου
1191 2089 1314 2145 τοῦ
1366 2077 1755 2165 Ἐρεχθέως·
1822 2078 2023 2162 φύσει
2090 2073 2164 2143 δὲ

241 2191 412 2251 πολὺ
466 2188 624 2262 τοὺς
677 2188 922 2261 ἄλλους
976 2186 1272 2262 ἅπαντας
1318 2185 1700 2271 ὑπεραίρων
1755 2184 2037 2268 ἐζήλωσε
2082 2185 2163 2249 τά

243 2316 310 2357 τε
354 2290 506 2375 περὶ
560 2292 682 2374 τὴν
728 2292 1112 2374 τεκτονικὴν
1166 2290 1405 2375 τέχνην
1452 2290 1562 2357 καὶ
1616 2293 1739 2375 τὴν
1785 2301 1919 2356 τῶν
1967 2290 2164 2374 ἀγαλ-

246 2398 467 2481 μάτων
494 2398 908 2481 κατασκευὴν
945 2395 1055 2461 καὶ
1084 2400 1506 2482 λιθουργίαν.
1572 2398 1841 2484 εὑρετὴς
1871 2393 1945 2462 δὲ
1977 2400 2163 2480 γενό-

171 2522 222 2562 20
248 2524 439 2586 μενος
492 2506 759 2568 πολλῶν
813 2513 949 2568 τῶν
1004 2503 1514 2589 συνεργούντων
1570 2506 1666 2581 εἰς
1719 2505 1842 2587 τὴν
1900 2502 2164 2588 τέχνην,

247 2609 720 2674 κατεσκεύασεν
767 2611 927 2694 ἔργα
980 2612 1456 2693 θαυμαζόμενα
1501 2612 1667 2676 κατὰ
1720 2612 2011 2687 πολλοὺς
2053 2614 2161 2676 τό-

249 2736 410 2792 πους
453 2724 569 2799 τῆς
616 2713 1027 2800 οἰκουμένης.
1090 2716 1255 2781 κατὰ
1304 2712 1376 2780 δὲ
1413 2717 1536 2800 τὴν
1581 2727 1716 2783 τῶν
1764 2716 2161 2801 ἀγαλμάτων
2198 2738 2231 2787 2

249 2822 653 2905 κατασκευὴν
708 2830 989 2888 τοσοῦτο
1034 2832 1171 2886 τῶν
1224 2821 1539 2888 ἁπάντων
1586 2823 1969 2912 ἀνθρώπων
2023 2826 2166 2908 διή-

252 2950 477 3011 νεγκεν
514 2927 681 2993 ὥστε
708 2932 866 3005 τοὺς
902 2927 1495 3014 μεταγενεστέρους
1522 2936 1988 3014 μυθολογῆσαι
2012 2927 2166 3010 περὶ

181 3051 229 3093 25
255 3032 452 3100 αὐτοῦ
519 3035 692 3099 διότι
748 3036 829 3099 τὰ
894 3037 1506 3118 κατασκευαζόμενα
1570 3046 1703 3100 τῶν
1769 3034 2163 3117 ἀγαλμάτων

255 3140 597 3224 ὁμοιότατα
651 3150 790 3217 τοῖς
845 3139 1164 3224 ἐμψύχοις
1220 3139 1530 3226 ὑπάρχει·
1584 3138 1852 3223 βλέπειν
1906 3161 1976 3203 τε
2037 3140 2164 3225 γὰρ

255 3245 411 3311 αὐτὰ
462 3242 574 3311 καὶ
619 3255 1038 3331 περιπατεῖν,
1082 3244 1193 3311 καὶ
1247 3249 1550 3311 καθόλου
1596 3254 1823 3330 τηρεῖν
1876 3244 2000 3327 τὴν
2043 3252 2166 3310 τοῦ

391 3443 418 3491 1
453 3436 580 3508 ἕως]
612 3436 717 3500 ἕως
744 3436 911 3506 τῆςῙ)
986 3433 1046 3502 ἐξ
1075 3436 1258 3503 Βίηᾶ.,
1298 3435 1404 3507 μὲν
1434 3435 1494 3503 ἐξ
1523 3436 1643 3491 cod.
1718 3441 1752 3490 6
1783 3429 2045 3509 βασιλεὺς
2066 3434 2172 3489 OF

257 3512 286 3561 8
330 3503 619 3580 ἐγέννησε]
675 3504 983 3563 ἐτέκνωσεν
1030 3508 1079 3561 D
1229 3514 1297 3562 14
1347 3499 1421 3576 ἦν
1473 3523 1581 3561 om.
1629 3507 1680 3560 D
1830 3511 1893 3560 15
1940 3498 2012 3575 ἦν
2058 3504 2165 3577 γὰρ

256 3594 349 3633 om.
387 3578 488 3633 ΡΜ
603 3585 668 3635 17
706 3575 1065 3650 ὑπερβαίνων
1106 3577 1217 3634 OF
1320 3585 1389 3633 26
1427 3574 1701 3648 ὑπάρχειν
1743 3576 1859 3633 OF.
