2569 4061
361 281 489 347 218
1055 277 1363 334 DIODORI
1399 278 1632 335 SICULI

362 452 713 509 ποιοῦνται
758 452 898 518 τοῖς
941 442 1022 506 τὰ
1067 440 1317 507 τοιαῦτ’
1372 440 1836 524 ἐπιτηδεύουσι
1887 453 2020 507 τῶν
2057 439 2286 526 Ἐλλή-

290 572 325 619 4
361 572 517 613 νων.
607 549 785 634 παρὰ
840 544 962 632 μὲν
1024 550 1151 634 γὰρ
1206 559 1346 624 τοῖς
1402 549 1764 624 Χαλδαίοις
1822 547 1897 613 ἐκ
1948 546 2189 631 γένους
2242 548 2285 631 ἡ

359 654 616 718 τούτων
688 657 1060 739 φιλοσοφία
1130 651 1610 739 παραδέδοται,
1691 652 1802 719 καὶ
1879 665 2035 731 παῖς
2106 655 2287 740 παρὰ

360 761 607 846 πατρὸς
652 760 1052 845 διαδέχεται,
1107 771 1242 825 τῶν
1297 760 1520 825 ἄλλων
1574 764 2007 848 λειτουργιῶν
2051 770 2285 825 πασῶν

361 864 873 950 ἀπολελυμένος.
955 867 1062 932 διὸ
1107 863 1217 932 καὶ
1263 876 1488 948 γονεῖς
1532 868 1795 950 ἔχοντες
1840 866 2285 943 διδασκάλους
2315 882 2350 922 5

361 972 493 1057 ἅμα
556 969 679 1057 μὲν
742 972 1065 1058 ἀφθόνως
1126 972 1386 1037 ἅπαντα
1450 974 1953 1056 μανθάνουσιν,
2017 973 2151 1056 ἅμα
2210 968 2286 1037 δὲ

359 1089 500 1156 τοῖς
551 1077 1197 1165 παραγγελλομένοις
1249 1077 1655 1164 προσέχουσι
1712 1079 2135 1155 πιστεύοντες
2178 1082 2287 1162 βε-

359 1188 724 1270 βαιότερον.
818 1179 1017 1249 ἔπειτ’
1069 1184 1279 1262 εὐθὺς
1334 1185 1406 1250 ἐκ
1450 1186 1711 1250 παίδων
1757 1187 2288 1271 συντρεφόμενοι

361 1302 501 1368 τοῖς
555 1293 903 1375 μαθήμασι
957 1293 1251 1376 μεγάλην
1310 1291 1447 1371 ἕξιν
1491 1300 1994 1378 περιποιοῦνται
2050 1292 2163 1357 διά
2215 1314 2287 1356 τε

361 1399 436 1462 τὸ
491 1406 606 1480 τῆς
657 1397 917 1480 ἡλικίας
963 1397 1359 1463 εὐδίδακτον
1404 1397 1515 1464 καὶ
1562 1399 1674 1463 διὰ
1717 1399 1793 1463 τὸ
1848 1405 2110 1481 πλῆθος
2164 1407 2286 1464 τοῦ
2316 1414 2376 1457 10

360 1502 1067 1590 προσκαρτερουμένου
1103 1508 1371 1591 χρόνου.
1455 1506 1633 1591 παρὰ
1673 1502 1743 1570 δὲ
1779 1516 1920 1582 τοῖς
1949 1493 2268 1588 ’Ἑλλησιν
2288 1524 2397 1573 143

363 1610 399 1676 ὁ
436 1615 709 1688 πολλοῖς
744 1610 1218 1697 ἀπαρασκεύως
1254 1612 1555 1697 προσιὼν
1592 1609 1721 1689 ὀψέ
1751 1632 1909 1676 ποτε
1945 1619 2061 1693 τῆς
2098 1616 2289 1695 φιλο-

362 1720 605 1801 σοφίας
640 1718 929 1800 ἅπτεται,
966 1716 1078 1783 καὶ
1115 1715 1305 1803 μέχρι
1333 1718 1512 1792 τινὸς
1541 1719 1998 1802 φιλοπονήσας
2027 1716 2289 1801 ἀπῆλθε

361 1822 840 1910 περισπασθεὶς
883 1824 1014 1888 ὑπὸ
1059 1827 1370 1907 βιωτικῆς
1414 1826 1662 1909 χρείας·
1720 1823 1936 1906 ὀλίγοι
1995 1823 2075 1889 δέ
2114 1848 2291 1901 τινες

363 1929 469 1996 ἐπὶ
519 1933 931 2015 φιλοσοφίαν
969 1929 1338 2006 ἀποδύντες
1375 1929 1767 2017 ἐργολαβίας
1811 1929 2036 1996 ἕνεκεν
2079 1952 2288 2017 παρα·
2319 1946 2375 1987 15

363 2037 684 2123 μένουσιν
765 2038 840 2103 ἐν
915 2045 1007 2125 τςό
1095 2040 1467 2122 μαθήματι,
1550 2048 2105 2123 καινοτομοῦντες
2186 2038 2290 2104 ἀεὶ

362 2144 515 2231 περὶ
569 2156 703 2209 τῶν
757 2146 1086 2228 μεγίστων
1135 2145 1485 2228 δογμάτων
1539 2142 1652 2210 καὶ
1706 2156 1845 2222 τοῖς
1888 2147 2017 2231 πρὸ
2065 2145 2290 2210 αὐτῶν

365 2251 490 2317 οὐκ
563 2251 1109 2327 ἀκολουθοῦντες.
1208 2260 1570 2337 τοιγαροῦν
1636 2252 1707 2316 oc
1773 2247 1897 2335 μὲν
1960 2252 2290 2338 βάρβαροι

368 2356 792 2442 διαμένοντες
828 2356 934 2422 ἐπὶ
971 2368 1105 2422 τῶν
1134 2358 1356 2422 αὐτῶν
1390 2356 1492 2421 ἀεὶ
1527 2360 1812 2441 βεβαίως
1848 2356 2091 2422 ἕκαστα
2128 2362 2289 2442 λαμ-

364 2465 712 2545 βάνουσιν,
760 2464 832 2527 οἰ
873 2461 932 2526 δ’
985 2461 1302 2546 *Ἕλληνες
1343 2472 1466 2528 τοῦ
1511 2464 1676 2528 κατὰ
1720 2463 1844 2546 τὴν
1890 2463 2288 2549 ἐργολαβίαν
2316 2480 2378 2537 20,

362 2568 643 2653 κέρδους
689 2571 1153 2652 στοχαζόμενοι
1198 2570 1432 2645 καινὰς
1477 2568 1762 2655 αἱρέσεις
1806 2574 2131 2655 κτίζουσι,
2176 2570 2290 2636 καὶ

363 2672 514 2758 περὶ
568 2685 703 2738 τῶν
758 2676 1086 2758 μεγίστων
1137 2676 1592 2759 θεωρημάτων
1652 2676 1962 2761 ἀλλήλοις
2025 2678 2288 2742 ἀντιδο-

365 2780 632 2859 ξοῦντες
693 2781 1027 2865 διχονοεῖν
1090 2790 1361 2846 ποιοῦσι
1425 2785 1582 2859 τοὺς
1645 2785 2116 2868 μανθάνοντας
2177 2781 2289 2849 καὶ

364 2888 479 2964 τὰς
532 2889 748 2973 ψυχάς
802 2887 1022 2952 αὐτῶν
1085 2893 1500 2972 πλανᾶσθαι,
1566 2891 1685 2955 τὸν
1738 2890 1952 2956 πάντα
2006 2893 2159 2973 βίον
2214 2889 2289 2955 ἐν

365 2994 577 3083 αἰώρᾳ
624 2992 981 3079 γινομένας
1038 2993 1149 3059 καὶ
1204 2993 1415 3080 μηδὲν
1461 2997 1630 3073 ὅλως
1682 3005 2029 3062 πιστεῦσαι
2085 2998 2287 3062 δυνα-
2316 3012 2378 3053 25

507 3123 539 3170 2
577 3122 696 3181 τοῖς
734 3134 842 3171 om.
872 3117 921 3169 D
996 3123 1028 3170 3
1062 3120 1442 3186 παραδίδοται
1471 3116 1512 3172 C
1588 3124 1651 3172 11
1691 3115 2145 3188 καρτερουμένου
2186 3117 2294 3173 OF

367 3196 433 3273 13
472 3183 502 3242 ὁ
530 3183 851 3310 πρλλρῖςᾚὸ
881 3185 1053 3249 πολὺς
1081 3188 1153 3278 C&
1178 3194 1297 3250 τοῖς
1323 3193 1547 3272 nol-lofe
1576 3188 1638 3311 .IFI'
1705 3182 2104 3257 ἀπαράσκευος
2121 3190 2288 3279 'vulga

363 3258 759 3404 {29:155oeoeleng
797 3328 889 3397 G',
940 3259 1676 3400 Ιέῒαξῖέοεέάιάταὸἷεέἴὲιρίας
1715 3263 2198 3400 Οιῗέἵΐέἕὲῗζῗ
2210 3260 2286 3398 21)),

366 3397 544 3467 ὤρέας
582 3399 702 3468 FG,
763 3396 824 3455 ἐν
863 3397 1147 3472 άψορροίᾳ
1183 3400 1532 3470 Wesseling‚
1591 3396 1654 3455 ἐν
1693 3396 1918 3482 ἀπορία.
1943 3399 2172 3468 comba,
2222 3399 2287 3457 ἐν

365 3465 640 3543 ἁψικορίᾳ
694 3471 823 3524 fort.
895 3470 1201 3539 γινομένας
1247 3472 1477 3539 Combe,
1523 3470 1835 3541 γενομένας
1874 3455 2012 3527 ‘hbri
2083 3471 2289 3542 μηδενὶ

369 3534 476 3587 ΟΡ
543 3537 867 3607 δυναμένας
901 3541 1196 3595 πιστεῦσαι
1232 3542 1384 3610 vulg.
