2569 4061
2550 156 2556 187 A

378 265 509 330 348
1044 260 1352 316 DIODORI
1390 260 1623 365 SICUPI

377 452 510 513 μην
554 423 1040 509 πεποιημένους
1094 424 1345 507 αὐτῶν,
1404 423 1821 508 ἀναγράφειν
1876 424 1992 500 τάς
2035 423 2306 509 πράξεις

376 533 830 617 πειρασόμεθα
902 529 977 597 έν
1037 532 1427 615 κεφαλαίοις
1495 529 1890 606 ἀκολούθως
1956 532 2304 618 Διονυσίῳ

376 645 465 726 τῷ
513 635 1016 726 συντεταγμένῳ
1052 638 1134 703 τὰ
1169 635 1323 722 περὶ
1357 639 1517 713 τοὺς
1555 634 2000 722 Ἀργοναύτας
2034 634 2148 702 καὶ
2183 638 2303 701 τὸν

374 747 723 811 Διόνυσον
758 743 869 810 καὶ
906 744 1096 831 ἕτερα
1131 745 1347 809 πολλὰ
1382 754 1518 810 τῶν
1555 744 1628 809 ἐν
1663 755 1805 821 τοῖς
1839 745 2305 821 παλαιοτάτοις

376 854 647 937 χρόνοις
688 849 1144 937 πραχθέντων.
2333 869 2362 910 5

307 986 342 1034 4
558 957 805 1042 Γέγονε
842 953 965 1042 μὲν
1002 952 1128 1023 οὖν
1163 959 1369 1022 πλείω
1408 956 1568 1041 γένη
1605 967 1946 1040 γυναικῶν
1980 959 2147 1023 κατὰ
2181 958 2304 1042 την

379 1067 644 1149 Λιβύην
690 1065 937 1148 μάχιμα
982 1063 1093 1129 καὶ
1137 1062 1657 1148 τεθαυμασμένα
1703 1064 2005 1148 μεγάλως
2050 1061 2152 1130 ἐπ’
2189 1063 2305 1129 ἀν-

381 1174 595 1257 δρείᾳ·
649 1172 726 1235 τό
770 1193 841 1236 τε
895 1171 1023 1255 γάρ
1068 1180 1204 1236 τῶν
1259 1173 1621 1256 Γοργόνων
1668 1173 1901 1255 ἔθνος,
1958 1164 2065 1255 ἐφ’
2119 1171 2154 1236 ὃ
2202 1168 2305 1235 λέ-

378 1299 563 1360 γεται
616 1278 737 1341 τὸν
784 1274 1048 1361 Περσέα
1102 1286 1529 1360 στρατεῦσαι,
1584 1278 2089 1363 παρειλήφαμεν
2139 1276 2305 1362 ἀλκῇ
2472 1270 2480 1277 ’

381 1380 729 1467 διαφέρον
775 1383 851 1448 τὸ
897 1384 1023 1468 γὰρ
1069 1384 1189 1448 τὸν
1233 1384 1404 1460 Διὸς
1449 1379 1572 1467 μὲν
1616 1383 1790 1466 υἱόν,
1836 1393 1973 1447 τῶν
2021 1379 2096 1448 δὲ
2140 1380 2298 1448 καθ’
2335 1401 2393 1441 10

380 1486 619 1554 ἑαυτὸν
654 1485 994 1573 Ἑλλήνων
1046 1490 1354 1575 ἄριστον,
1408 1488 1664 1556 τελέσαι
1719 1487 2035 1572 μέγιστον
2089 1484 2307 1555 ἆθλον

379 1597 503 1679 τὴν
558 1594 666 1661 έπὶ
719 1597 961 1673 ταύτας
1020 1598 1369 1683 στρατείαν
1413 1599 1767 1682 τεκμήριον
1823 1597 1907 1661 ἄν
1959 1619 2060 1672 τις
2114 1596 2310 1680 λάβοι

378 1711 495 1786 τῆς
549 1700 704 1790 περὶ
764 1705 881 1779 τὰς
932 1700 1415 1788 προειρημένας
1478 1714 1800 1785 γυναῖκας
1856 1702 2186 1787 ὑπεροχῆς
2238 1727 2309 1769 τε

379 1808 491 1876 καὶ
548 1810 917 1894 δυνάμεως·
982 1810 1024 1893 ἥ
1077 1832 1149 1875 τε
1201 1819 1338 1875 τῶν
1394 1818 1523 1875 νῦν
1583 1814 1970 1894 μελλουσῶν
2025 1810 2308 1894 ἱστορεῖ-

382 1923 547 1982 σθαι
603 1916 877 2001 ἀνδρεία
931 1914 1315 2001 παράδοξον
1380 1918 1512 2000 ἔχει
1565 1916 1689 1999 τὴν
1752 1915 2083 2001 ὑπεροχὴν
2135 1915 2305 2000 πρὸς
2338 1931 2397 1972 15
2546 1984 2547 1987 Ἴ

382 2024 497 2100 τάς
540 2020 696 2089 καθ’
731 2023 902 2108 ἡμᾶς
948 2023 1188 2108 φύσεις
1232 2034 1367 2089 τῶν
1415 2035 1754 2106 γυναικῶν
1801 2018 2307 2108 συγκρινομένη.

275 2132 360 2198 53
383 2129 551 2215 φασὶ
586 2132 713 2216 γὰρ
751 2130 1039 2217 ὑπάρξαι
1084 2138 1200 2213 τῆς
1237 2131 1498 2215 Λιβύης
1536 2130 1609 2196 έν
1645 2141 1786 2208 τοῖς
1821 2132 1988 2213 πρὸς
2026 2127 2310 2216 ἑσπέραν

382 2234 652 2322 μέρεσιν
689 2235 797 2301 ἐπὶ
832 2246 972 2313 τοῖς
999 2233 1236 2322 πέρασι
1271 2245 1387 2319 τῆς
1421 2234 1814 2321 οἰκουμένης
1849 2237 2054 2312 ἔθνος
2080 2259 2310 2319 γυναι-

383 2344 917 2429 κοκρατούμενον
971 2340 1082 2408 καὶ
1136 2345 1290 2425 βίον
1350 2341 1670 2426 ἐζηλωκὸς
1736 2342 1859 2426 οὐχ
1924 2342 2159 2427 ὅμοιον
2218 2350 2311 2430 τῷ

382 2448 538 2534 παρ’
584 2449 762 2533 ἡμῖν.
855 2459 999 2525 ταῖς
1044 2446 1166 2531 μὲν
1211 2450 1340 2533 γὰρ
1387 2447 1694 2532 γυναιξὶν
1741 2451 1902 2525 ἔθος
1946 2444 2123 2514 εἶναι
2169 2450 2311 2513 δια-
2339 2464 2399 2504 2⁰
2548 2485 2555 2494 -κ

382 2564 616 2619 πονεῖν
670 2555 752 2618 τὰ
806 2555 971 2618 κατὰ
1023 2555 1345 2638 πόλεμον,
1400 2553 1513 2620 καὶ
1556 2557 1842 2642 χρόνους
1897 2553 2312 2641 ὡρισμένους

385 2660 684 2745 ὀφείλειν
758 2660 1271 2746 στρατεύεσθαι,
1360 2659 1887 2747 διατηρουμένης
1960 2671 2075 2746 τῆς
2147 2684 2314 2748 παρ-

382 2768 643 2843 θενίας·
693 2768 1105 2832 διελθόντων
1145 2763 1219 2832 δὲ
1255 2779 1390 2833 τῶν
1435 2768 1600 2834 ἐτῶν
1635 2778 1770 2833 τῶν
1818 2776 1935 2851 τῆς
1972 2770 2314 2853 στρατείας
2554 2827 2555 2842 ,

383 2871 733 2959 προσιέναι
778 2870 901 2959 μὲν
948 2884 1089 2950 τοῖς
1134 2873 1422 2956 ἀνδράσι
1466 2876 1890 2950 παιδοποιίας
1935 2873 2151 2957 ἕνεκα,
2195 2875 2314 2951 τὰς
2553 2845 2555 2944 4

312 3003 345 3052 2
386 2979 447 3046 δ’
495 2980 699 3068 ἀρχὰς
734 2978 845 3045 καὶ
879 2982 961 3045 τὰ
1004 2981 1200 3046 κοινὰ
1240 2982 1519 3046 διοικεῖν
1554 2981 1797 3057 ταύτας
1833 2980 2107 3045 ἅπαντα.
2153 2981 2313 3057 τοὺς
2341 2995 2401 3036 25

386 3082 447 3153 δ’
483 3090 732 3173 ἄνδρας
780 3087 1023 3171 ὁμοίως
1067 3097 1209 3165 ταῖς
1245 3081 1403 3172 παρ’
1434 3086 1595 3173 ἡμῖν
1641 3096 1955 3171 γαμεταῖς
1998 3088 2118 3152 τὸν
2162 3110 2315 3152 κατ-

386 3195 672 3259 οικίδιον
737 3196 912 3277 ἔχειν
977 3196 1158 3277 βίον,
1225 3193 1718 3277 ὑπηρετοῦντας
1780 3204 1921 3270 τοῖς
1983 3193 2114 3257 ὑπὸ
2178 3204 2315 3257 τῶν
2554 3213 2555 3236 ¹

492 3390 524 3436 3
545 3384 620 3452 τῷ
644 3382 1069 3453 συντεταγμένῳ
1090 3383 1261 3438 om.D
1304 3391 1367 3439 12
1391 3386 1728 3455 στρατηγίαν
1748 3384 1797 3438 D
1838 3391 1906 3439 14
1928 3382 2241 3455 μελλόντων
2261 3384 2314 3437 D

387 3453 455 3530 lis
487 3449 581 3504 ἐπὶ
608 3454 709 3507 τοῦ
738 3452 982 3522 πέρατος
1008 3452 1060 3506 II
1111 3459 1175 3508 19
1205 3449 1310 3522 οὐχ
1341 3449 1564 3524 ὅμοιον]
1598 3452 1705 3508 οὐκ
1734 3451 1856 3510 ἴσον
1887 3456 1994 3511 OF
2036 3461 2103 3510 21
2134 3453 2313 3527 κατὰ]

385 3534 487 3567 τον
519 3520 645 3573 add.
682 3522 787 3575 OF
840 3528 908 3575 23
947 3523 1059 3576 τῶν
1089 3525 1211 3594 τῆς]
1253 3525 1351 3591 τῆς
1391 3523 1497 3577 OF
1561 3529 1630 3578 25
1658 3519 1888 3580 ἅπαντα
1916 3521 2129 3588 ταύτας
2154 3526 2315 3595 vulg.
