2569 4061
948 356 973 407 Ι
1011 362 1095 411 90.
1135 361 1218 411 91.
1920 356 2047 421 153

130 528 296 603 μνᾶς
340 524 570 601 εἴκοσι,
617 520 781 584 κατὰ
829 515 902 584 δὲ
949 518 1072 601 τὴν
1118 515 1398 600 ἐσχάτην
1434 524 1770 597 παντελῶς
1816 518 2048 601 ὀλίγον

128 648 192 690 τι
231 626 580 710 δαπάνημα
616 628 928 709 γίνεσθαι
966 622 1296 708 λέγουσιν.
1380 624 1452 688 οἱ
1482 621 1602 707 μὲν
1639 621 1763 691 οὖν
1797 628 1879 691 τὰ
1917 626 2044 691 σώ·

129 755 300 816 ματα
362 730 849 820 θεραπεύοντές
912 734 1040 797 εἰσι
1102 741 1424 814 τεχνῖται,
1497 730 1618 813 τὴν
1682 730 2045 818 ἐπιστήμην

128 838 373 922 ταύτην
429 837 500 904 ἐκ
543 836 782 922 γένους
838 840 1343 924 παρειληφότες·
1407 829 1593 900 οὗτοι
1651 832 1725 900 δὲ
1777 840 2044 923 γραφὴν

73 973 99 1013 5
128 942 407 1010 ἑκάστου
451 956 586 1010 τῶν
632 946 726 1022 εἰς
779 946 896 1021 τὰς
948 946 1163 1029 ταφὰς
1223 939 1724 1026 δαπανωμένων
1767 954 1906 1018 τοῖς
1954 946 2046 1008 οἰ-

125 1054 325 1129 κείοις
387 1063 523 1118 τῶν
581 1051 1117 1135 τελευτησάντων
1181 1047 1744 1135 προσενέγκαντες
1807 1047 2046 1133 ἐπερω-

124 1162 300 1222 τῶσι
337 1161 489 1222 τίνα
543 1160 795 1243 τρόπον
849 1157 1208 1240 βούλονται
1263 1158 1388 1240 τὴν
1442 1158 1812 1242 θεραπείαν
1865 1154 2047 1237 γενέ-

126 1270 288 1328 σθαι
332 1272 455 1329 τοῦ
502 1265 819 1347 σώματος.
903 1264 1544 1347 διομολογησάμενοι
1583 1258 1658 1327 δὲ
1695 1260 1846 1348 περὶ
1882 1262 2048 1327 πάν-

124 1392 259 1434 των
296 1368 408 1435 καὶ
452 1371 572 1434 τὸν
607 1371 848 1454 νεκρὸν
885 1371 1404 1453 παραλαβόντες,
1451 1378 1590 1445 τοῖς
1625 1367 2045 1455 τεταγμένοις

42 1500 96 1539 10
123 1473 231 1540 ἐπὶ
284 1476 409 1557 τὴν
463 1472 980 1558 κατειθισμένην
1035 1472 1408 1559 ἐπιμέλειαν
1461 1476 1536 1540 τὸ
1593 1486 1780 1559 σῶμα
1834 1498 2043 1560 παρα-

126 1581 409 1644 διδόασι.
492 1577 603 1644 καὶ
654 1588 914 1664 πρῶτος
967 1575 1089 1664 μὲν
1138 1580 1173 1645 ὁ
1220 1584 1636 1667 γραμματεὺς
1691 1584 2043 1666 λεγόμενος

126 1683 437 1760 τεθέντος
481 1683 683 1768 χαμαὶ
727 1693 848 1750 τοῦ
895 1687 1195 1769 σώματος
1241 1684 1350 1751 ἐπὶ
1400 1687 1524 1769 τὴν
1570 1689 1817 1768 λαγόνα
1863 1708 2044 1771 περι-

15 1820 119 1869 102
143 1790 389 1875 γράφει
434 1791 557 1872 τὴν
612 1790 963 1875 εὐώνυμον
1018 1792 1180 1857 ὅσον
1236 1773 1346 1857 δεῖ
1403 1792 1754 1875 διατεμεῖν·
1824 1794 2043 1857 ἔπειτα

124 1894 190 1961 δ’
245 1896 281 1962 ὁ
336 1900 693 1981 λεγόμενος
744 1900 1190 1984 παρασχίστης
1246 1901 1450 1964 λίθον
1504 1900 1676 1983 ἔχων
1728 1900 2044 1963 Αἰθιοπι-

43 2030 95 2070 15
122 2005 244 2069 κὸν
289 2002 399 2070 καὶ
456 2005 783 2090 διατεμὼν
829 2005 919 2083 ὡς
973 2004 1009 2071 ὁ
1065 2007 1270 2091 νόμος
1325 2005 1578 2072 κελεύει
1631 2006 1756 2090 τὴν
1810 2005 2042 2092 σάρκα,

121 2119 517 2197 παραχρῆμα
564 2112 798 2196 φεύγει
846 2113 1104 2201 δρόμῳ,
1152 2115 1537 2179 διωκόντων
1571 2123 1708 2178 τῶν
1745 2129 2042 2197 συμπαρ-

125 2219 336 2282 όντων
390 2217 502 2284 καὶ
556 2221 779 2295 λίθοις
823 2221 1240 2303 βαλλόντων,
1297 2222 1391 2284 ἔτι
1439 2215 1514 2284 δὲ
1557 2217 2043 2305 καταρωμένων

121 2322 231 2388 καὶ
264 2322 632 2409 καθαπερεὶ
656 2326 731 2389 τὸ
771 2325 981 2409 μύσος
1017 2328 1112 2403 εἰς
1141 2325 1400 2391 ἐκεῖνον
1436 2328 1844 2412 τρεπόντων·
1880 2325 2042 2390 ὑπο-

123 2431 536 2512 λαμβάνουσι
607 2432 735 2516 γὰρ
809 2433 1088 2516 μισητὸν
1152 2427 1325 2497 εἶναι
1407 2432 1622 2498 πάντα
1693 2433 1812 2498 τὸν
1887 2433 2041 2517 ὁμο-

42 2559 97 2598 20
126 2534 317 2622 φύλῳ
400 2538 651 2621 σώματι
731 2540 888 2621 βίαν
968 2536 1439 2624 προσφέροντα
1519 2536 1630 2604 καὶ
1701 2539 2038 2625 τραύματα

122 2649 444 2708 ποιοῦντα
512 2640 622 2708 καὶ
695 2646 997 2709 καθόλου
1071 2666 1133 2709 τι
1211 2647 1418 2710 κακὸν
1491 2644 2037 2732 ἀπεργαζόμενον.

121 2745 195 2811 οἰ
240 2747 614 2833 ταριχευταὶ
666 2746 740 2815 δὲ
794 2751 1195 2835 καλούμενοι
1250 2752 1466 2834 πάσης
1519 2748 1641 2836 μὲν
1694 2762 1882 2837 τιμῆς
1927 2751 2035 2818 καὶ

117 2856 497 2942 πολυωρίας
542 2854 911 2940 ἀξιοῦνται,
967 2867 1107 2935 τοῖς
1152 2880 1220 2922 τε
1270 2858 1520 2944 ἱερεῦσι
1565 2862 1883 2936 συνόντες
1926 2857 2034 2924 καὶ

116 2961 234 3036 τὰς
286 2962 382 3037 εἰς
430 2961 613 3047 ἱερὸν
668 2963 974 3040 εἰσόδους
1020 2962 1374 3041 ἀκωλύτως
1428 2964 1516 3041 ὡς
1560 2964 1849 3052 καθαροὶ
1892 2985 2037 3030 ποι-

37 3091 89 3130 25
119 3075 379 3131 οῦνται·
426 3068 592 3152 πρὸς
638 3064 712 3131 δὲ
758 3069 881 3151 τὴν
927 3072 1296 3154 θεραπείαν
1341 3079 1462 3135 τοῦ
1507 3069 2035 3157 παρεσχισμένου

118 3172 420 3257 σώματος
448 3172 960 3259 ἀθροισθέντων
997 3175 1218 3240 αὐτῶν
1246 3167 1341 3254 εἷς
1377 3180 1654 3261 καθίησι
1690 3177 1814 3260 τὴν
1849 3183 2035 3257 χεῖρα

261 3404 327 3454 13
365 3406 558 3471 τεμεῖν
594 3400 648 3454 II
773 3395 967 3457 ἔπειθ’
1007 3398 1037 3456 ὃ
1076 3402 1129 3456 II
1250 3407 1317 3456 15
1355 3397 1431 3466 ὡς
1467 3398 1498 3458 ὁ
1563 3397 1671 3456 ὅσα
1707 3399 1856 3467 vulg.
1971 3401 2034 3450 17

113 3470 316 3534 λίθους
351 3471 405 3525 Π
480 3479 546 3528 19
586 3469 761 3545 εἶναι]
802 3473 899 3528 καὶ
936 3473 1203 3544 τιμωρίας
1240 3469 1404 3538 ἄξιον
1442 3490 1477 3527 a
1515 3473 1568 3528 d.
1599 3469 1767 3552 ABp,
1804 3467 1901 3520 καὶ
1939 3464 2039 3548 μύ-

114 3559 246 3605 σους
292 3537 455 3609 ἄξιον
511 3544 640 3600 add.
689 3544 864 3599 ceteri
1042 3551 1115 3598 21·
1168 3541 1266 3597 καὶ
1299 3583 1310 3595 .
1343 3583 1356 3597 .
1387 3585 1400 3599 .
1429 3538 1891 3613 ἄπεργαζομενον
1945 3538 2037 3592 hle

116 3627 279 3668 sensu
317 3615 511 3669 carent
652 3621 723 3671 24
761 3614 1037 3685 καθαροὶ]
1078 3611 1222 3681 ἱεροὶ
1256 3611 1326 3665 11.

2084 651 2115 697 3

2082 1285 2115 1331 4
