2569 4061
380 321 512 386 310
1045 316 1354 372 DIODORI
1393 314 1624 372 SICULI

378 485 558 568 πόμα
600 481 1065 566 παραπλήσιον
1109 487 1201 567 τῷ
1248 481 1555 568 χειρίστῳ
1600 475 1753 563 παρ’
1808 477 1969 562 ἡμῖν
2022 479 2307 561 γλεύκει.

376 599 518 664 ταῖς
578 585 652 652 δὲ
713 585 978 669 ἀγέλαις
1035 598 1169 652 τῶν
1227 586 1632 672 θρεμμάτων
1689 584 2308 663 ἐπακολουθοῦντες

376 695 586 776 ἀλλην
631 693 697 772 ἐξ
745 694 948 777 ἄλλης
991 694 1215 779 χώραν
1252 692 1782 777 ἐπιπορεύονται,
1829 691 2193 775 φεύγοντες
2228 694 2303 758 τὸ

302 805 338 852 4
374 809 515 876 τοῖς
575 800 802 879 αὐτοῖς
858 804 1087 878 τόποις
1144 799 1606 884 ἐνδιατρίβειν.
1707 796 1817 863 καὶ
1875 797 2122 883 γυμνοὶ
2179 797 2305 884 μέν

373 908 502 972 εἰσι
538 908 779 983 πάντες
813 908 894 972 τὰ
932 908 1201 990 σώματα
1238 907 1412 989 πλὴν
1447 916 1583 970 τῶν
1631 906 1884 988 ἰσχίων,
1933 904 1975 969 ἃ
2023 903 2302 990 δέρμασι
2332 923 2360 964 5

374 1016 797 1093 σκεπάζουσι·
864 1014 946 1077 τὰ
1007 1007 1068 1077 δ’
1121 1014 1347 1077 αἰδοῖα
1404 1013 1645 1088 πάντες
1703 1012 1775 1076 οὗ
1833 1012 2303 1096 Τρωγλοδύται

371 1124 843 1207 παραπλησίως
903 1129 1044 1195 τοῖς
1102 1120 1499 1201 Αἰγυπτίοις
1561 1115 2064 1204 περιτέμνονται
2127 1119 2302 1201 πλὴν

370 1237 505 1291 τῶν
551 1226 678 1291 ἀπὸ
725 1233 846 1291 τοῦ
895 1225 1374 1309 συμπτώματος
1420 1222 1926 1309 ὀνομαζομένων
1970 1228 2305 1307 κολοβῶν·

371 1325 558 1395 οὗτοι
613 1332 739 1416 γὰρ
797 1333 992 1414 μόνοι
1047 1331 1171 1413 τὴν
1229 1330 1416 1408 ἐντὸς
1468 1341 1604 1396 τῶν
1651 1341 1901 1395 στενῶν
1946 1333 2302 1415 νεμόμενοι

372 1436 599 1521 χώραν
646 1436 718 1502 ἐκ
762 1439 1010 1521 νηπίου
1057 1435 1283 1522 ξυροῖς
1332 1436 1815 1520 ἀποτέμνονται
1858 1447 1993 1501 πᾶν
2037 1439 2112 1502 τὸ
2158 1448 2301 1515 τοῖς
2331 1457 2384 1495 10

263 1546 346 1610 33
370 1543 597 1621 ἄλλοις
623 1543 822 1629 μέρος
849 1553 1205 1629 περιτομῆς
1230 1545 1579 1628 τυγχάνον.
1627 1543 1954 1627 ὁπλισμὸν
1983 1540 2044 1608 δ’
2072 1546 2299 1628 ἔχουσι

366 1662 501 1716 τῶν
555 1653 1052 1737 Τρωγλοδυτῶν
1099 1652 1171 1716 οὗ
1211 1647 1332 1735 μὲν
1380 1651 1854 1734 ὀνομαζόμενοι
1900 1651 2299 1737 Μεγάβαροι

364 1763 782 1844 κυκλοτερεῖς
828 1758 1203 1842 ὠμοβοΐνας
1250 1757 1534 1832 ἀσπίδας
1574 1754 1686 1821 καὶ
1723 1756 2018 1841 ῥόπαλον
2052 1757 2299 1835 τύλους

365 1865 519 1948 ἔχον
579 1866 1081 1950 περισιδήρους,
1145 1864 1215 1927 οἱ
1270 1859 1345 1927 δὲ
1405 1863 1594 1927 ἄλλοι
1651 1861 1809 1940 τόξα
1866 1860 1975 1928 καὶ
2033 1865 2292 1947 λόγχας.

296 1972 328 2020 2
365 1968 572 2057 ταφαὶ
603 1967 676 2037 δὲ
703 1975 1039 2048 παντελῶς
1076 1968 1550 2054 ἐξηλλαγμέναι
1589 1968 2114 2057 ἐπιχωριάζουσι·
2150 1978 2293 2048 τοῖς
2326 1987 2378 2026 15

363 2080 491 2164 γὰρ
545 2089 681 2144 τῶν
735 2079 1120 2164 παλιούρων
1180 2078 1411 2159 λύγοις
1458 2078 1777 2160 δήσαντες
1821 2089 1957 2143 τῶν
2001 2081 2294 2142 τετελευ-

359 2187 656 2267 τηκότων
710 2185 791 2249 τὰ
845 2184 1114 2268 σώματα
1168 2184 1627 2268 προσάπτουσι
1678 2184 1798 2248 τὸν
1853 2180 2099 2267 αὐχένα
2153 2194 2295 2262 τοῖς

363 2290 651 2375 σκέλεσι,
711 2289 949 2367 θέντες
1004 2287 1078 2355 δὲ
1131 2291 1251 2355 τὸν
1306 2291 1546 2374 νεκρὸν
1607 2288 1719 2354 ἐπί
1770 2312 1951 2366 τινος
2012 2290 2295 2374 ἀναστή-

361 2420 566 2481 ματος
595 2399 918 2480 βάλλουσι
954 2400 1175 2472 λίθοις
1212 2394 1686 2481 χειροπληθέσι
1723 2399 2063 2479 γελῶντες,
2102 2394 2292 2482 μέχρι

362 2503 447 2568 ἂν
503 2504 663 2567 ὅτου
716 2515 858 2579 τοῖς
912 2506 1135 2577 λίθοις
1190 2503 1673 2586 περιχώσαντες
1729 2501 2165 2587 ἀποκρύψωσι
2211 2503 2293 2567 τὰ
2320 2520 2373 2559 2⁰

360 2608 655 2691 σώματα·
692 2609 767 2672 τὸ
804 2604 878 2672 δὲ
909 2612 1293 2672 τελευταῖον
1323 2610 1509 2691 αἰγὸς
1534 2607 1730 2694 κέρας
1764 2607 2106 2686 ἐπιθέντες
2134 2608 2291 2673 ἀπο-

294 2717 326 2765 3
366 2713 673 2796 λύονται,
723 2713 1147 2797 συμπάθειαν
1194 2714 1517 2798 οὐδεμίαν
1564 2716 2032 2800 λαμβάνοντες.
2097 2719 2290 2780 πολε-

358 2829 561 2905 μοῦσι
618 2816 691 2884 δε
748 2820 914 2905 πρὸς
961 2819 1290 2903 ἀλλήλους
1337 2820 1459 2906 οὐχ
1507 2820 1751 2905 ὁμοίως
1793 2832 1935 2897 τοῖς
1974 2820 2291 2906 ’Ἕλλησιν

358 2924 527 3013 ὑπὲρ
587 2936 709 3011 γῆς
767 2927 809 3010 ἥ
869 2948 1072 2992 τινων
1132 2928 1355 2992 ἄλλων
1382 2926 1862 3026 ἐγκλημάτων,
1924 2926 2067 2993 ἀλλ’
2121 2925 2288 3014 ὑπὲρ

358 3044 473 3119 τῆς
512 3032 975 3119 ἐπιγινομένης
1011 3033 1113 3099 ἀεὶ
1149 3043 1375 3119 νομῆς.
1449 3033 1521 3098 ἐν
1561 3031 1635 3098 δὲ
1671 3045 1814 3111 ταῖς
1850 3023 2290 3118 φιλονεικίαις
2315 3052 2367 3093 25

360 3143 433 3207 τὸ
465 3139 585 3227 μὲν
616 3153 884 3228 πρῶτον
913 3140 1241 3224 ἀλλήλους
1276 3151 1418 3217 τοῖς
1455 3143 1676 3217 λίθοις
1712 3141 2055 3225 βάλλουσι,
2096 3139 2283 3227 μέχρι

540 3371 566 3418 1
607 3371 809 3435 γλυκεῖ
848 3366 933 3420 CF
1082 3373 1216 3421 1οτ
1185 3365 1248 3421 τὸ
1287 3364 1452 3436 μέρος
1488 3385 1530 3420 π
1526 3363 1645 3492 ag&
1682 3387 1770 3421 τιο
1750 3373 1800 3430 ἴς
1835 3362 2023 3430 αλλοις
2059 3368 2284 3423 1212

358 3433 668 3506 μεγαβάρει
648 3457 697 3497 ις
734 3435 954 3492 codices
1138 3443 1205 3492 15
1241 3443 1495 3505 ταφαῖς.
1598 3438 2015 3524 ξηλλαγμέναις
2046 3438 2285 3508 cethaee,

359 3516 498 3554 corr,
538 3504 718 3559 Wess.
902 3513 972 3559 24
1017 3526 1086 3575 γη
1052 3507 1119 3574 ἧς
1164 3507 1427 3572 Dindorf‚
1486 3501 1654 3576 ὀργῆς
1698 3506 1856 3575 libri3
1912 3500 2015 3562 ὑπ’
2071 3478 2286 3578 ἐχθρᾶς

357 3567 566 3630 Αεειιὶι.
606 3579 672 3624 63
819 3580 888 3628 26
927 3578 1081 3628 ιιεοι
1085 3575 1137 3646 ς]
1175 3572 1268 3630 ἀεὶ
1306 3548 1431 3631 add’.
1474 3576 1589 3633 OF.
