2569 4061
388 219 679 277 XXXVIII
1123 212 1563 273 PRAEFATIO.

389 389 473 449 Et
517 386 872 464 πορίσεσθαι
910 386 1012 458 38,
1044 387 1148 463 19,
1191 384 1312 444 nisi
1356 385 1467 444 hoc
1505 385 1599 444 est
1634 401 1742 460 pro
1779 383 2147 462 πορίζεσθαι.
2222 382 2319 442 Sic

394 489 495 560 19,
543 486 646 562 50,
695 485 731 542 2
809 479 1152 542 ἀπελπίσειν
1192 499 1371 559 θοπως
1439 480 1568 557 pro'
1612 477 1938 542 ἀπελπιεῖν.
2037 479 2319 540 Formam

389 579 900 642 ἀποπλευσεῖσθαι
949 583 1056 658 19,
1115 574 1198 640 58
1212 625 1228 657 ,
1270 581 1319 643 .6
1334 625 1348 652 ,
1414 579 1600 638 etiam
1652 578 1716 638 in
1779 578 1952 638 libris
2016 577 2320 662 nonnullis

389 682 552 739 reete
600 679 888 755 scriptam
932 675 1442 753 ἀποπλεύσεσθαι,
1485 676 1800 753 redarguit
1837 673 2323 753 συμπλεύσεσθαι

395 780 497 857 16,
545 779 648 854 66,
695 779 756 838 4.
845 775 1207 852 Suspectum
1251 771 1688 855 παραπλεύσων
1737 775 1981 849 13,-54,
2025 775 2084 834 5.

567 874 857 935 Eiusdem
912 872 1106 932 futuri
1160 872 1358 933 forma
1409 872 1654 948 passiva
1696 891 1805 948 pro
1859 870 2061 931 media
2104 889 2321 948 suppo-

391 973 509 1034 sita
554 972 618 1030 in
661 971 862 1032 verbis
910 969 1272 1048 quibusdam
1327 969 1475 1030 satis
1522 988 1819 1046 superque
1863 968 2086 1045 probat
2131 969 2319 1028 etiam
2386 968 2394 975 '

389 1069 656 1130 Diodoro
701 1066 856 1126 illud
904 1065 1092 1126 fuisse
1138 1065 1381 1126 illatum
1416 1067 1705 1129 vitiorum
1741 1085 1932 1146 genus
1970 1066 2131 1143 quod
2170 1065 2323 1127 anti-

393 1165 704 1243 quioribus
753 1163 1030 1224 omnibus
1079 1164 1432 1240 saepissime
1475 1164 1810 1225 intulerunt
1852 1165 2102 1226 librarii.
2176 1163 2322 1234 Quis

392 1264 553 1324 enim
606 1262 868 1341 dubitet,
926 1262 1024 1321 eui
1071 1262 1131 1339 4,
1180 1263 1284 1337 84,
1331 1265 1374 1322 4
1428 1281 1500 1321 ex
1553 1263 1725 1323 libris
1782 1263 2023 1340 optimis
2078 1261 2322 1322 restitui

392 1358 781 1439 στερήσεσθαι
824 1378 935 1436 pro
981 1357 1461 1438 στερηθήσεσθαι
1503 1368 1608 1439 τῆς
1653 1356 1944 1441 ὁράσεως,
1988 1359 2181 1419 eidem
2226 1376 2322 1417 me

393 1459 453 1534 4,
503 1459 604 1532 23,
654 1460 691 1517 2
751 1459 915 1518 recte
969 1456 1286 1519 exemisse,
1321 1456 1745 1537 στερηθήσεται
1806 1466 1910 1537 τῆς
1968 1455 2322 1532 ἀθανασίας,

393 1560 457 1615 et
489 1558 591 1631 12,
624 1557 726 1632 12,
759 1557 796 1615 5
845 1551 1451 1635 ἀποστερηθήσεσθαι
1494 1562 1613 1614 τῶν
1658 1555 1982 1615 καλλίστων
2005 1551 2327 1631 ,ἐπιτηδευ-

332 1679 338 1684 ·
392 1652 714 1732 μάτωνῬ*)
762 1653 852 1715 Ae
896 1674 973 1714 ne
1018 1654 1198 1734 Dioni
1246 1652 1456 1713 Cassio
1505 1645 1748 1730 qiiidem
1793 1656 1899 1728 41,
1940 1655 1996 1730 7,
2036 1655 2071 1713 5
2124 1668 2326 1729 στερη·
2403 1701 2411 1708 .

390 1752 699 1831 θήσεσθαι
735 1755 882 1828 puto
919 1750 1331 1823 tribuendum,
1377 1749 1475 1808 eui
1512 1749 1631 1809 alia
1665 1749 1957 1809 nonnulla
1994 1748 2066 1808 de
2105 1767 2324 1826 genere

391 1852 506 1910 hoe
552 1868 705 1925 quae
743 1849 875 1924 ipse
913 1847 1224 1924 redarguit
1263 1842 1566 1906 exemisse
1598 1865 1693 1905 me
1740 1845 1864 1904 dixi
1899 1845 2018 1905 vol.
2050 1846 2088 1904 5
2135 1865 2192 1921 p.
2222 1845 2328 1923 XI,

393 1946 608 2023 quibus
667 1944 1004 2006 addendum
1068 1941 1634 2024 προθυμηθήσεσθε
1690 1944 1806 2017 50,
1856 1945 1969 2021 28,
2020 1946 2085 2019 5,
2142 1943 2330 2003 etiam

393 2045 554 2121 apud
571 2045 917 2125 ‚Platonem
953 2045 1017 2104 in
1052 2044 1373 2105 Phaedone
1410 2043 1715 2103 interdum
1749 2041 1993 2102 illatum
2028 2061 2138 2119 pro
2176 2042 2327 2120 legi-

391 2143 540 2203 timo
595 2140 1099 2223 προθυμήσομαι,
1156 2143 1262 2203 sed
1315 2141 1505 2201 nihilo
1560 2141 1763 2204 verius
1820 2159 2002 2218 quam
2057 2137 2327 2217 ἐνθυμη-

391 2239 662 2318 θήσομαι
726 2240 885 2316 apud
945 2240 1274 2308 Arrianum
1337 2239 1533 2316 Epict.
1595 2241 1628 2298 1
1647 2285 1662 2314 ,
1719 2241 1757 2299 3
1776 2285 1791 2316 ,
1852 2242 1917 2317 1,
1984 2240 2078 2299 cui
2143 2239 2329 2299 etiam

393 2335 827 2414 ὁεηθησόμεθα
871 2337 1111 2396 illatum
1162 2341 1219 2414 1,
1261 2340 1342 2396 17
1349 2340 1440 2413 ,,3
1488 2354 1598 2413 pro
1646 2333 1988 2413 δεησόμεθα
1999 2379 2018 2414 ,
2076 2339 2138 2398 et
2183 2337 2325 2397 Hie-

392 2434 543 2494 roeli
596 2433 799 2493 Photii
854 2432 1011 2495 Bibl.
1071 2434 1197 2494 eod.
1249 2436 1374 2495 251
1446 2454 1503 2510 p.
1550 2435 1708 2510 466,
1756 2435 1840 2493 34
1904 2431 2328 2513 προνοηθησό-

393 2536 554 2609 μεθα
599 2550 708 2607 pro
757 2550 827 2591 eo
875 2529 1037 2607 quod
1080 2532 1146 2591 in
1193 2532 1386 2591 altero
1446 2534 1540 2592 est
1594 2530 1798 2592 codiee
1844 2531 2328 2610 προνοησόμεθα.

391 2630 654 2691 Diodoro
692 2648 835 2691 vero
875 2628 1061 2690 etiam
1096 2629 1218 2689 alia
1253 2629 1601 2689 huiusmodi
1637 2628 1790 2689 vitia.
1827 2633 1970 2690 sunt
1998 2629 2328 2704 eximenda,

395 2728 499 2804 qui
547 2731 607 2807 2,
639 2729 740 2805 18,
780 2729 816 2787 2
874 2723 997 2786 τὸν
1027 2720 1222 2787 Ἰνδὸν
1274 2724 1754 2807 πειραθήσεσθαι
1808 2733 1912 2805 τῆς
1965 2724 2099 2807 περὶ
2140 2723 2329 2804 αὐτὴν

393 2822 606 2905 ἀρετῆς
643 2828 705 2885 et
747 2828 846 2902 12,
879 2829 936 2902 1,
967 2828 1004 2884 2
1053 2832 1158 2903 τῆς
1195 2820 1405 2903 ὁμοίας
1431 2824 1610 2903 τύχης
1651 2822 2132 2904 πειραθήσεσθαι
2167 2825 2329 2884 haud

397 2925 577 2986 dubie
636 2925 983 3001 scripserat,
1041 2925 1203 3000 quod
1248 2923 1581 2983 Pausanias
1628 2924 1688 3000 4,
1738 2924 1839 2999 25,
1887 2924 1929 2982 4
1988 2921 2330 3002 πολιορκίας

398 3020 790 3101 πειράσεσθαι
827 3018 1209 3101 μακροτέρας,
1247 3021 1363 3081 etsi
1399 3020 1660 3080 alterum
1696 3023 1791 3081 est
1819 3020 1979 3097 apud
2005 3019 2331 3096 Iosephum

394 3120 538 3181 Ant.
575 3119 636 3179 J.
687 3120 788 3195 10,
831 3121 886 3196 7,
929 3121 964 3179 6
1033 3115 1282 3190 οὐδενὸς
1346 3124 1536 3177 κακοῦ
1590 3114 2099 3195 πειραθήσεσθαι,
2169 3112 2330 3192 ᾳήοᾶ

395 3217 619 3292 repetit
657 3215 918 3276 Zonaras
955 3216 1073 3276 vol.
1118 3220 1151 3276 1
1202 3236 1258 3292 p.
1303 3217 1427 3275 115
1475 3215 1545 3291 Β,
1593 3213 1698 3275 sed
1752 3217 1824 3273 ut
1880 3214 2045 3273 illius
2093 3232 2327 3292 quoque

394 3313 581 3373 libros
644 3314 858 3374 fallere
921 3317 1146 3390 putem.
1237 3313 1321 3372 Et
1378 3314 1435 3390 3,
1486 3314 1542 3389 6,
1600 3314 1635 3371 2
1704 3307 1887 3391 λόγον.
1940 3308 2052 3374 οὐκ
2106 3308 2324 3391 ἔχουσα

540 3427 592 3497 *)
635 3436 716 3496 13,
754 3437 843 3501 56,
880 3437 911 3485 2
949 3427 1429 3500 πολιορκήσεσθαι
1467 3428 1823 3485 scribendum
1873 3431 1961 3484 est
1999 3445 2068 3484 ex
2105 3429 2330 3485 codiee:

399 3504 640 3560 Dindorf
672 3508 807 3564 edit.
845 3509 1053 3567 Teubn.
1093 3510 1172 3567 IV
1210 3529 1263 3580 p.
1294 3509 1441 3565 XVI.
