2569 4061
1073 316 1127 371 11
1164 324 1250 374 56.
1280 323 1367 374 57.
1885 383 1906 402 χ
2046 320 2172 385 261

249 479 406 568 παρ’
462 481 690 559 αὐτοῖς
749 483 945 547 σκιὰν
1004 481 1291 565 μηδενὸς
1345 481 1457 546 διὰ
1514 483 1590 546 τὸ
1645 485 1810 550 κατὰ
1866 483 2177 571 κορυφὴν

250 585 424 655 εἶναι
467 591 587 655 τὸν
630 589 841 673 ἥλιον.
925 590 1124 671 βιοῦν
1172 584 1233 651 δ’
1287 585 1532 663 αὐτοὺς
1577 590 1741 652 κατὰ
1788 591 2177 675 συγγενείας
2196 588 2280 654 57

246 694 358 762 καὶ
406 696 816 780 συστήματα,
865 692 1304 779 συνηγμένων
1359 702 1495 758 τῶν
1551 694 1817 758 οἰκείων
1872 696 1953 760 οὐ
1996 702 2175 764 πλει-

243 806 424 870 όνων
480 801 522 886 ἢ
581 804 1054 888 τετρακοσίων·
1118 802 1401 876 τούτους
1462 793 1525 864 δ’
1579 798 1653 863 ἐν
1708 810 1849 877 τοῖς
1902 805 2176 886 λειμῶσι

189 933 216 974 5
247 911 500 992 διαζῆν,
545 909 760 974 πολλὰ
804 915 921 991 τῆς
967 907 1187 993 χώρας
1233 906 1516 991 ἐχούσης
1559 908 1728 995 πρὸς
1774 908 2177 995 διατροφήν·

250 1016 364 1080 διὰ
407 1016 534 1101 γὰρ
592 1015 716 1098 τὴν
763 1013 1006 1099 ἀρετὴν
1059 1020 1176 1096 τῆς
1220 1013 1437 1095 νήσου
1481 1012 1594 1078 καὶ
1647 1014 1771 1097 τὴν
1817 1012 2179 1099 εὐκρασίαν

242 1130 365 1188 τοῦ
421 1120 616 1208 ἀέρος
677 1125 1052 1205 γεννᾶσθαι
1109 1119 1365 1205 τροφὰς
1429 1120 1844 1206 αὐτομάτους
1906 1121 2178 1199 πλείους

242 1239 380 1295 τῶν
444 1229 711 1293 ἱκανῶν.
806 1226 1105 1311 φύεσθαι
1169 1226 1299 1312 γὰρ
1361 1225 1516 1313 παρ’
1577 1227 1803 1305 αὐτοῖς
1875 1229 2178 1314 κάλαμον
2207 1248 2248 1297 2

244 1337 494 1418 πολύν,
555 1332 850 1420 φέροντα
917 1334 1177 1418 καρπὸν
1239 1332 1517 1418 δαψιλῆ,
1581 1343 1971 1422 παρεμφερῆ
2036 1347 2179 1413 τοῖς

164 1466 217 1506 10
245 1447 511 1518 λευκοῖς
580 1440 864 1526 ὀρόβοις.
969 1446 1212 1503 τοῦτον
1278 1432 1403 1502 οὖν
1468 1444 1960 1524 συναγαγόντες
2023 1440 2176 1529 βρέ-

246 1563 487 1632 χουσιν
533 1544 608 1609 ἐν
653 1544 851 1608 ὕδατι
896 1549 1152 1630 θερμῷ,
1198 1541 1390 1627 μέχρι
1435 1542 1520 1608 ἂν
1554 1546 1653 1637 τὸ·
1676 1544 1962 1629 μέγεθος
2006 1559 2177 1632 σχῶ-

247 1670 361 1717 σιν
419 1650 509 1725 ὡς
565 1646 704 1736 ᾠοῦ
758 1657 1170 1734 περιστερᾶς·
1232 1650 1455 1713 ἔπειτα
1510 1651 2015 1728 συνθλάσαντες
2065 1651 2178 1718 καὶ

245 1756 603 1841 τρίψαντες
631 1753 952 1839 ἐμπείρως
978 1764 1120 1831 ταῖς
1145 1753 1335 1841 χερσὶ
1364 1755 1883 1821 διαπλάττουσιν
1912 1758 2177 1842 ἄρτους,

250 1861 372 1938 οὓς
409 1861 812 1945 ὀπτήσαντες
857 1868 1199 1927 σιτοῦνται
1237 1863 1608 1949 διαφόρους
1654 1864 1853 1940 ὄντας
1896 1870 1976 1947 τῇ
2021 1867 2177 1946 γλυ-

163 1992 218 2035 15
246 1970 496 2054 κύτητι.
588 1963 759 2035 εἶναι
815 1964 890 2035 δὲ
935 1967 1045 2035 καὶ
1099 1971 1315 2055 πηγὰς
1358 1969 1626 2038 ὑδάτων
1684 1971 2013 2055 δαψιλεῖς,
2059 1971 2178 2048 τὰς
2214 1991 2247 2039 3

248 2073 372 2162 μὲν
417 2083 694 2162 θερμῶν
739 2077 834 2153 εἰς
878 2078 1130 2162 λουτρά
1166 2075 1278 2142 καὶ
1323 2079 1551 2143 κόπων
1589 2078 1945 2164 ἀφαίρεσιν
1981 2075 2177 2143 εὐθέ-

243 2206 433 2268 τους,
480 2185 597 2260 τάς
654 2178 729 2248 δὲ
778 2191 1057 2267 ψυχρῶν
1110 2190 1189 2266 τῇ
1234 2184 1595 2269 γλυκύτητι
1651 2185 2024 2270 διαφόρους
2066 2182 2178 2249 καὶ

245 2292 413 2376 πρὸς
470 2289 733 2373 ὑγίειαν
798 2299 1151 2374 συνεργεῖν
1213 2287 1607 2374 δυναμένας.
1712 2289 2038 2377 ὑπάρχειν
2103 2287 2179 2356 δὲ

245 2393 404 2482 παρ’
440 2395 668 2472 αὐτοῖς
701 2393 813 2460 καὶ
859 2395 1160 2473 παιδείας
1194 2396 1412 2480 πάσης
1446 2394 1843 2482 ἐπιμέλειαν,
1892 2398 2174 2482 μάλιστα

163 2525 221 2566 20
249 2499 322 2568 δὲ
370 2501 833 2588 ἀστρολογίας·
878 2501 1224 2588 γράμμασί
1261 2525 1332 2567 τε
1380 2502 1626 2580 αὐτοὺς
1667 2510 1962 2591 χρῆσθαι
2012 2505 2178 2570 κατὰ
2212 2525 2249 2575 4

247 2604 370 2693 μὲν
413 2609 539 2692 τὴν
586 2609 877 2693 δύναμιν
919 2618 1057 2673 τῶν
1094 2612 1559 2693 σημαινόντων
1605 2616 1813 2677 εἴκοσι
1851 2611 1962 2678 καὶ
2004 2612 2174 2678 ὀκτὼ

246 2716 365 2780 τὸν
420 2713 744 2800 ἀριθμόν,
800 2715 966 2779 κατὰ
1020 2710 1096 2779 δὲ
1148 2717 1309 2792 τοὺς
1360 2726 1776 2804 χαρακτῆρας
1830 2716 2020 2803 ἑπτά,
2079 2714 2176 2786 ὧν

245 2818 531 2887 ἕκαστον
576 2830 904 2905 τετραχῶς
947 2824 1638 2906 μετασχηματίζεσθαι.
1711 2825 2051 2911 γράφουσι
2100 2823 2175 2891 δὲ

244 2930 406 3004 τοὺς
443 2929 710 3011 στίχους
747 2926 871 2992 οὐκ
917 2928 1011 3003 εἰς
1046 2927 1121 2991 τὸ
1158 2929 1446 3011 πλάγιον
1482 2928 1903 3016 ἐκτείνοντες,
1952 2933 2173 3017 ὥσπερ

166 3054 219 3096 25
245 3032 458 3118 ἡμεῖς,
505 3027 650 3098 ἀλλ’
689 3033 958 3098 ἀνωθεν
1003 3033 1179 3098 κάτω
1225 3036 1764 3121 καταγράφοντες
1800 3041 1895 3116 εἰς
1941 3038 2174 3121 ὀρθόν.

246 3141 740 3225 πολυχρονίους
786 3133 848 3204 δ’
900 3133 1073 3204 εἶναι
1115 3142 1274 3217 τοὺς
1321 3134 1728 3228 ἀνθρώπους
1771 3140 1928 3210 καθ’
1974 3142 2174 3225 ὑπερ-

251 3248 486 3330 βολήν,
532 3247 622 3323 ὡς
658 3243 743 3310 ἀν
781 3245 932 3332 ἀχρι
968 3256 1104 3311 τῶν
1144 3250 1555 3332 πεντήκοντα
1588 3247 1699 3315 καὶ
1738 3249 1969 3315 ἑκατὸν
2006 3246 2174 3312 ἐτῶν

396 3445 461 3492 11
502 3436 670 3508 ἔχωσι
709 3437 757 3492 0
895 3444 961 3493 21
1002 3437 1435 3509 σημαινομένων
1471 3439 1639 3496 Dind.
1783 3446 1851 3494 23
1889 3437 2175 3507 γράφουσι

247 3540 315 3549 —
341 3515 412 3564 25
450 3505 633 3579 ὀρθόν
669 3509 730 3563 in
766 3510 1026 3565 omnibus
1066 3510 1355 3565 codicibus
1391 3512 1524 3580 post
1558 3529 1612 3578 p.
1651 3515 1774 3576 262,
1811 3516 1846 3563 4
1883 3504 2172 3576 ἀπότομον

248 3580 465 3650 scripta
497 3582 652 3647 sunt:
693 3579 1047 3651 transposuit
1073 3580 1393 3650 wesseling
1474 3586 1542 3635 27
1572 3580 1685 3633 τῶν
1714 3595 1821 3634 om.
1842 3580 1907 3634 D.
1975 3575 2070 3646 ἔτη
2106 3577 2172 3634 D.
