2569 4061
983 372 1008 424 1
1045 376 1127 425 84.
1162 377 1247 427 85.
1921 371 2050 435 143

124 538 479 619 τουργίαις.
574 534 691 600 ἐὰν
738 532 813 600 δὲ
857 535 1213 617 τελευτήσῃ
1261 555 1355 614 τι,
1401 541 1730 599 πενθοῦσι
1777 530 1901 617 μὲν
1939 540 2050 599 ἴσα
2089 555 2117 601 7

125 653 267 717 τοῖς
304 642 656 726 ἀγαπητῶν
690 639 942 706 τέκνων
980 637 1425 723 στερομένοις,
1476 640 1807 707 θάπτουσι
1851 637 1925 707 δὲ
1963 640 2046 706 οὐ

126 749 291 811 κατὰ
352 748 473 829 τὴν
528 746 784 813 ἑαυτῶν
850 747 1167 830 δύναμιν,
1225 744 1392 809 ἀλλὰ
1454 748 1627 809 πολὺ
1679 746 1802 828 τὴν
1857 745 2048 824 ἀξίαν

128 862 242 935 τῆς
296 851 547 919 ἑαυτῶν
602 852 833 929 οὐσίας
886 851 1427 937 ὑπερβάλλοντες.
1521 851 1681 934 μετὰ
1738 852 1865 934 γὰρ
1924 852 2047 933 τὴν
2084 873 2115 921 8

75 978 101 1018 5
122 952 557 1044 Ἀλεξάνδρου
592 960 927 1041 τελευτήν,
957 959 1382 1041 Πτολεμαίου
1416 964 1540 1019 τοῦ
1569 955 1800 1036 Λάγου
1828 974 2048 1038 παρει-

128 1067 419 1147 ληφότος
464 1067 614 1149 ἄρτι
658 1066 780 1148 τὴν
821 1069 1190 1145 Αἴγυπτον,
1238 1064 1468 1145 ἔτυχεν
1515 1061 1589 1126 ἐν
1634 1059 1908 1145 Μέμφει
1953 1083 2051 1125 τε-

129 1174 448 1254 λευτήσας
504 1171 540 1235 ὁ
577 1162 760 1246 ῗΑπις
812 1172 1013 1254 γήρα·
1070 1168 1106 1232 ὁ
1154 1164 1227 1231 δὲ
1280 1168 1405 1251 τὴν
1451 1165 1826 1252 ἐπιμέλειαν
1883 1168 2051 1250 ἔχων

130 1275 335 1341 αὐτοῦ
392 1279 515 1359 τήν
559 1298 628 1340 τε
674 1272 1164 1358 ἡτοιμασμένην
1216 1276 1569 1359 χορηγίαν,
1617 1268 1828 1338 οὖσαν
1873 1273 2053 1337 πάνυ

127 1386 406 1465 πολλήν,
454 1383 548 1457 εἰς
593 1382 814 1465 ταφὴν
850 1381 1115 1445 ἅπασαν
1161 1378 1533 1464 ἐδαπάνησε
1569 1379 1681 1445 καὶ
1716 1382 1892 1465 παρὰ
1928 1388 2049 1445 τοῦ

50 1508 101 1547 10
130 1492 555 1572 Πτολεμαίου
627 1489 1035 1570 πεντήκοντα
1101 1485 1425 1571 ἀργυρίου
1492 1488 1777 1552 τάλαντα
1845 1503 2049 1572 προσ-

129 1595 538 1659 εδανείσατο.
631 1590 741 1656 καὶ
795 1588 950 1655 καθ’
1006 1590 1175 1674 ἡμᾶς
1230 1591 1310 1655 δέ
1358 1614 1533 1667 τινες
1594 1603 1729 1657 τῶν
1783 1594 1862 1656 τὰ
1923 1597 2049 1679 ζῷα

131 1707 341 1761 ταῦτα
387 1697 775 1780 τρεφόντων
815 1698 908 1773 εἰς
952 1698 1070 1773 τὰς
1114 1699 1328 1781 ταφὰς
1365 1696 1585 1762 αὐτῶν
1623 1698 1746 1762 οὐκ
1782 1700 2053 1763 ἔλαττον

132 1813 269 1867 τῶν
318 1800 553 1867 ἑκατὸν
597 1803 939 1867 ταλάντων
988 1803 1539 1886 δεδαπανήκασιν.

315 1906 745 1993 Προσθετέον
801 1906 875 1973 δὲ
938 1919 1079 1986 τοῖς
1133 1907 1508 1994 εἰρημένοις
1567 1910 1649 1973 τὰ
1702 1911 2055 1992 λειπόμενα
2075 1908 2159 1972 85

49 2035 102 2075 15
130 2026 265 2080 τῶν
302 2013 675 2099 γινομένων
718 2014 869 2101 περὶ
905 2017 1025 2082 τὸν
1073 2016 1254 2102 ἱερὸν
1290 2024 1541 2102 ταῦρον
1585 2016 1705 2081 τὸν
1742 2015 2055 2100 ὀνομαζό-

132 2145 335 2205 μενον
381 2113 589 2187 Ἆπιν.
682 2122 841 2188 ὅταν
904 2124 1033 2208 γάρ
1096 2127 1489 2207 τελευτήσας
1541 2132 1720 2207 ταφῇ
1776 2127 2054 2207 μεγαλο-

131 2239 416 2313 πρεπῶς,
456 2231 765 2311 ζητοῦσιν
802 2230 873 2293 οἱ
911 2227 1065 2314 περὶ
1099 2227 1281 2294 ταῦτ’
1329 2231 1514 2307 ὄντες
1562 2230 1758 2310 ίερεῖς
1804 2229 2055 2312 μόσχον

133 2338 365 2422 ἔχοντα
411 2336 575 2400 κατὰ
619 2336 693 2398 τὸ
742 2344 929 2418 σῶμα
965 2336 1324 2420 παράσημα
1368 2336 1449 2399 τὰ
1493 2337 1918 2418 παραπλήσια
1963 2341 2053 2421 τῷ

28 2461 96 2510 96
134 2439 655 2526 προϋπάρξαντι·
712 2441 875 2506 ὅταν
923 2438 982 2505 δ’
1039 2441 1320 2526 εὑρεθῇ,
1366 2443 1446 2505 τὰ
1491 2436 1613 2524 μὲν
1657 2443 1883 2524 πλήθη
1931 2449 2052 2505 τοῦ
2090 2460 2119 2507 2

56 2565 109 2604 20
136 2545 431 2623 πένθους
488 2546 873 2630 ἀπολύεται,
929 2558 1063 2612 τῶν
1119 2542 1203 2612 δ”
1234 2545 1466 2632 ἱερέων
1524 2539 1626 2623 οἷς
1677 2547 1858 2612 ἐστιν
1917 2547 2052 2613 ἐπι-

138 2646 327 2735 μελὲς
371 2653 610 2734 ἄγουσι
644 2654 761 2717 τὸν
799 2655 1051 2738 μόσχον
1086 2654 1161 2717 τὸ
1208 2651 1331 2737 μὲν
1365 2665 1631 2739 πρῶτον
1668 2656 1762 2730 εἰς
1797 2657 2053 2719 Νείλου

135 2761 363 2841 πόλιν,
419 2758 492 2824 ἐν
537 2751 580 2845 ᾗ
626 2758 992 2845 τρέφουσιν
1049 2760 1255 2826 αὐτὸν
1303 2757 1408 2844 ἐφ’
1459 2759 1705 2846 ἡμέρας
1749 2762 2052 2846 τετταρά-

134 2887 360 2948 κοντα,
407 2863 606 2931 ἔπειτ’
648 2868 742 2942 εἰς
786 2867 1185 2951 θαλαμηγὸν
1229 2876 1402 2931 ναῦν
1441 2874 1680 2951 οἴκημα
1724 2883 2053 2952 κεχρυσω-

135 2970 340 3055 μένον
377 2974 663 3056 ἔχουσαν
700 2971 1171 3056 ἐμβιβάσαντες
1217 2973 1306 3049 ὡς
1341 2975 1509 3038 θεὸν
1556 2973 1924 3056 ἀνάγουσιν
1961 2973 2055 3046 είς

52 3094 107 3135 25
136 3075 418 3161 Μέμφιν
464 3079 559 3154 εἰς
604 3079 677 3142 τὸ
724 3087 844 3142 τοῦ
880 3075 1253 3161 Ἡφαίστου
1299 3077 1582 3162 τέμενος.
1674 3076 1747 3143 ἐν
1795 3075 1868 3142 δὲ
1913 3084 2054 3150 ταῖς
2092 3094 2123 3138 3

133 3182 644 3269 προειρημέναις
696 3183 1165 3270 τετταράκονθ’
1218 3183 1493 3268 ἡμέραις
1547 3186 1759 3268 μόνον
1806 3182 2053 3265 ὁρῶσιν

135 3289 341 3354 αὐτὸν
407 3290 483 3354 αί
539 3301 848 3374 γυναῖκες
909 3293 1073 3356 κατὰ
1135 3294 1494 3376 πρόσωπον
1551 3289 1890 3370 ἱστάμεναι
1945 3279 2054 3345 καὶ

136 3396 565 3462 δεικνύουσιν
648 3396 1143 3482 ἀνασυράμεναι
1215 3397 1295 3459 τὰ
1379 3394 1632 3459 ἑαυτῶν
1704 3387 2056 3472 γεννητικὰ

282 3561 307 3606 1
349 3573 403 3606 τι
439 3552 693 3621 Dindorf,
729 3573 812 3615 τις
847 3552 981 3608 libri
1123 3549 1430 3618 πενθοῦσι]
1471 3547 1697 3602 ποιοῦσι
1733 3544 1784 3597 11
1895 3547 1924 3594 7
1965 3560 2058 3610 γη·

136 3621 298 3692 ραιός
337 3623 475 3679 CDF
514 3624 587 3694 (II
624 3629 745 3692 34,6
783 3626 947 3694 38‚6).
