2569 4061
1 85 2565 125 —

382 332 518 397 402
1057 328 1362 385 DIODORI
1399 330 1632 387 SICULI

385 497 687 578 σύστημα
730 496 1171 577 ποιήσασθαι·
1218 494 1386 580 πρὸς
1431 490 1506 559 δὲ
1562 493 1826 572 τούτοις
1886 494 2321 582 ἀλειτουργή-

383 625 542 678 τους
585 608 859 685 ποιῆσαι
903 598 1015 665 καὶ
1050 602 1209 677 τοὺς
1247 600 1321 665 ἐν
1358 611 1502 678 ταῖς
1539 603 1909 687 στρατείαις
1945 625 2319 687 μεταχειρι-

385 705 703 791 ζομένους
747 729 813 772 τι
858 715 976 791 τῆς
1020 714 1343 791 μουσικῆς
1389 705 1772 792 ἐπιστήμης·
1831 705 1946 793 ἀφ’
2002 703 2099 773 ὧν
2154 711 2316 786 τοὺς

381 814 974 900 μεταγενεστέρους
1045 813 1368 898 μουσικὰς
1440 815 1773 891 συνόδους
1846 818 2315 898 συστήσασθαι

381 929 518 986 τῶν
545 920 698 1007 περὶ
724 924 845 988 τὸν
872 923 1219 985 Διόνυσον
1243 930 1584 1003 τεχνιτῶν,
1620 919 1732 985 καὶ
1760 920 2011 998 ἀτελεῖς
2035 928 2313 1003 ποιῆσαι
2343 940 2373 980 5

379 1030 540 1105 τοὺς
584 1029 666 1093 τὰ
709 1035 984 1093 τοιαῦτα
1031 1025 1561 1109 ἐπιτηδεύοντας.
1626 1024 1739 1091 καὶ
1782 1025 1935 1112 περὶ
1981 1025 2103 1110 μὲν
2146 1031 2311 1092 Διο-

382 1136 603 1200 νύσου
657 1131 770 1199 καὶ
823 1144 958 1197 τῶν
1002 1130 1154 1217 περὶ
1202 1131 1412 1196 αὐτοῦ
1458 1132 2076 1217 μυθολογουμένων
2125 1132 2308 1219 ἄρκε-

382 1242 786 1324 σθησόμεθα
840 1247 980 1312 τοῖς
1035 1236 1308 1322 ῥηθεῖσι
1364 1240 1832 1322 στοχαζόμενοι
1890 1248 2005 1322 τῆς
2064 1254 2312 1323 συμμε-

377 1349 580 1429 τρίας.

306 1454 348 1517 6
513 1447 685 1536 Περὶ
724 1446 798 1515 δὲ
826 1451 1142 1535 Πριάπου
1179 1449 1291 1516 καὶ
1327 1461 1463 1516 τῶν
1499 1449 2117 1536 μυθολογουμένων
2153 1449 2306 1537 περὶ
2340 1473 2397 1512 10

377 1554 586 1620 αὐτοῦ
624 1565 754 1621 νῦν
793 1555 1104 1641 διέξιμεν,
1145 1560 1395 1623 οἰκεῖον
1423 1557 1709 1643 ὁρῶντες
1735 1559 1855 1623 τὸν
1882 1556 2036 1643 περὶ
2061 1558 2309 1623 τούτου

376 1664 584 1744 λόγον
639 1675 784 1741 ταῖς
827 1670 1311 1740 Διονυσιακαῖς
1367 1664 1706 1750 ἱστορίαις.
1797 1669 2310 1749 μυθολογοῦσιν

377 1762 505 1834 οὖν
535 1771 607 1835 οί
629 1768 900 1836 παλαιοὶ
926 1772 1046 1836 τὸν
1076 1773 1391 1856 Πρίαπον
1418 1770 1572 1835 υἰὸν
1600 1766 1723 1854 μὲν
1750 1765 1925 1836 εἶναι
1952 1772 2308 1835 Διονύσου

377 1875 489 1942 καὶ
537 1872 968 1964 Ἀφροδίτης,
1025 1882 1333 1953 πιθανῶς
1384 1877 1508 1960 τὴν
1553 1876 1820 1960 γένεσιν
1866 1878 2117 1960 ταύτην
2162 1875 2309 1960 ἐξη-

374 1984 722 2070 γούμενοι·
765 1987 924 2061 τοὺς
959 1984 1086 2069 γὰρ
1127 1980 1538 2059 οἰνωθέντας
1575 1994 1875 2067 φυσικῶς
1911 1982 2306 2049 ἐντετάσθαι
2341 2003 2397 2045 15

304 2113 337 2161 2
376 2095 543 2179 πρὸς
598 2093 715 2169 τὰς
769 2091 1254 2177 ἀφροδισιακὰς
1307 2088 1574 2172 ἡδονάς.
1664 2086 1840 2167 τινες
1897 2089 1978 2156 δέ
2017 2105 2182 2175 φασι
2226 2092 2307 2156 τὸ

377 2198 644 2264 αἰδοῖον
717 2208 868 2263 τῶν.
919 2197 1303 2282 ἀνθρώπων
1366 2199 1524 2274 τοὺς
1585 2201 1909 2273 παλαιοὺς
1971 2199 2310 2282 μυθωδῶς

378 2303 726 2389 ὀνομάζειν
817 2301 1272 2388 βουλομένους
1356 2305 1669 2389 Πρίαπον
1749 2313 2307 2390 προσαγορεῦσαι.

378 2412 548 2475 ἔνιοι
579 2408 651 2475 δὲ
683 2407 954 2493 λέγουσι
990 2410 1064 2473 τὸ
1103 2411 1500 2493 γεννητικὸν
1536 2411 1797 2495 μόριον,
1840 2414 2058 2474 αἴτιον
2093 2408 2309 2496 ὑπάρ-

376 2541 500 2601 χον
546 2526 663 2600 τῆς
708 2515 1030 2599 γενέσεως
1075 2525 1212 2580 τῶν
1259 2515 1641 2602 ἀνθρώπων
1684 2512 1796 2580 καὶ
1844 2517 2164 2599 διαμονῆς
2212 2518 2309 2592 εἰς
2339 2536 2396 2577 20

305 2645 338 2693 3
378 2623 638 2686 ἅπαντα
683 2623 803 2685 τὸν
848 2623 1082 2703 αἰῶνα,
1129 2632 1356 2705 τυχεῖν
1400 2630 1517 2705 τῆς
1563 2620 1910 2686 ἀθανάτου
1956 2630 2163 2706 τιμῆς.
2241 2623 2315 2687 oc

374 2722 435 2790 δ’
462 2727 824 2808 Αἰγύπτιοι
859 2723 1011 2811 περὶ
1047 2735 1169 2791 τοῦ
1200 2728 1517 2814 Πριάπου
1553 2726 2097 2813 μυθολογοῦντές
2135 2744 2309 2812 φασι

369 2832 443 2898 τὸ
491 2832 783 2897 παλαιὰν
827 2834 986 2909 τοὺς
1039 2836 1323 2922 Τιτᾶνας
1382 2833 1985 2918 ἐπιβουλεύσαντας
2024 2831 2310 2919 Ὀσίριδι

369 2947 612 3005 τοῦτον
667 2935 790 3024 μὲν
845 2938 1130 3023 ἀνελεῖν,
1185 2940 1261 3006 τὸ
1322 2936 1396 3005 δὲ
1451 2952 1640 3025 σῶμα
1698 2941 1908 3006 αὐτοῦ
1957 2943 2309 3028 διελόντας

371 3048 466 3125 εἰς
522 3052 670 3124 ἰσας
724 3048 997 3133 μερίδας
1052 3045 1312 3123 ἑαυτοῖς
1366 3044 1477 3112 καὶ
1531 3050 1858 3131 λαβόντας
1914 3047 2306 3130 ἀπενεγκεῖν
2339 3068 2395 3109 25

372 3153 444 3219 ἐκ
489 3162 606 3238 τῆς
655 3155 900 3231 οἰκείας
944 3157 1317 3241 λαθραίως,
1374 3155 1586 3238 μόνον
1643 3149 1716 3218 δὲ
1772 3153 1848 3218 τὸ
1896 3156 2159 3219 αἰδοῖον
2206 3156 2305 3231 εἰς

363 3260 488 3325 τὸν
535 3261 839 3343 ποταμὸν
887 3261 1077 3346 ρ”ῖψαι
1126 3262 1238 3325 διὰ
1282 3260 1359 3324 τὸ
1397 3256 1654 3345 μηδένα
1692 3260 2064 3343 βούλεσθαι
2099 3268 2306 3326 τοῦτο

549 3455 577 3502 1
625 3451 863 3518 ποιῆσαι
907 3450 960 3504 II
1143 3457 1175 3504 2
1227 3449 1329 3504 καὶ
1375 3450 1485 3505 del.
1523 3449 1746 3504 Bekker
1931 3458 1995 3507 13
2044 3451 2149 3522 μὲν
2188 3468 2305 3507 om.

357 3515 873 3642 ἶέςς.οω.1ῗ1.τούς
900 3540 946 3587 γ.
982 3518 1116 3590 οἰν.]
1147 3521 1250 3574 τοῦ
1282 3520 1381 3574 καὶ
1406 3519 1877 3588 παροινωθέντας
1905 3522 1954 3576 Ι)
2066 3528 2133 3577 25
2164 3517 2305 3577 ἔαυ-
