2569 4061
376 268 509 335 244
1040 263 1351 320 monem
1387 262 1624 320 smum

377 434 867 519 φρονήσαντας,
894 437 1031 494 τῶν
1060 423 1135 493 δὲ
1160 424 1322 493 καθ’
1361 424 1639 504 ἑαυτοὺς
1664 427 2306 510 μνησικακήσαντας,

376 543 746 620 πολεμῆσαι
811 544 1105 619 συνεχῶς
1167 535 1247 598 τὸ
1308 535 1513 611 ἔθνος
1576 530 1685 598 ἐπὶ
1747 540 2073 598 τοσοῦτον
2138 532 2310 596 ὥστε

377 639 530 729 μηδ’
576 643 790 725 ὄνομα
833 650 956 707 τοῦ
994 638 1235 723 γένους
1275 649 1412 704 τῶν
1450 637 1901 724 Ἀμαζονίδων
1938 637 2307 704 ἀπολιπεῖν.

302 769 341 817 5
378 748 543 831 μετὰ
585 748 716 833 γὰρ
749 748 876 832 τὴν
903 742 1312 832 ”Ηρακλέους
1348 747 1698 830 στρατείαν
1735 745 1986 828 ὀλίγοις
2020 743 2309 830 ὕστερον

378 856 555 919 ἔτεσι
579 853 747 918 κατὰ
781 853 903 917 τὸν
946 851 1246 936 Τρωικὸν
1281 852 1577 935 πόλεμόν
1612 868 1781 936 φασι
1817 852 2309 917 Πενθεσίλειαν
2339 866 2369 907 5

374 961 505 1044 τὴν
541 960 1033 1043 βασιλεύουσαν
1068 968 1204 1022 τῶν
1234 956 1818 1042 ὑπολελειμμένων
1839 955 2307 1042 Ἀμαζονίδων,

360 1066 596 1152 ’Άρεος
652 1061 775 1149 μὲν
829 1059 1042 1130 οὖσαν
1103 1061 1479 1150 θυγατέρα,
1545 1067 1767 1149 φόνον
1832 1062 1896 1129 δ’
1964 1063 2292 1149 ἐμφύλιον
2316 1083 2425 1134 158

372 1169 931 1254 ἐπιτελεσαμένην
942 1219 963 1254 ,
1035 1181 1280 1254 φυγεῖν
1345 1169 1419 1236 έκ
1479 1179 1597 1254 τῆς
1667 1172 1989 1256 πατρίδος
2053 1172 2166 1236 διὰ
2233 1172 2311 1236 τὸ

380 1279 609 1360 μύσος.
701 1279 1230 1361 συμμαχήσασαν
1303 1274 1380 1342 δὲ
1449 1286 1590 1355 τοῖς
1660 1275 1884 1364 Τρωσὶ
1955 1278 2117 1362 μετὰ
2185 1277 2313 1360 τὴν

365 1383 685 1467 Ἕκτορος
740 1384 1056 1467 τελευτὴν
1108 1385 1403 1461 πολλοὺς
1455 1384 1718 1450 ἀνελεῖν
1769 1394 1907 1449 τῶν
1946 1380 2312 1466 Ἑλλήνων,
2345 1402 2400 1441 10

382 1488 875 1574 ἀριστεύσασαν
914 1484 976 1554 δ’
1012 1489 1225 1574 αὐτὴν
1261 1489 1336 1555 ἐν
1362 1498 1442 1575 τῇ
1470 1489 1830 1576 παρατάξει
1864 1488 2315 1575 καταστρέψαι

307 1600 347 1649 6
382 1597 504 1661 τὸν
547 1597 704 1679 βίον
747 1596 1053 1682 ἡρωικῶς
1086 1594 1199 1661 ὑπ’
1243 1594 1586 1680 Ἀχιλλέως
1620 1596 2112 1683 ἀναιρεθεῖσαν.
2174 1606 2315 1661 τῶν

380 1698 511 1787 μὲν
591 1696 718 1768 οὖν
783 1697 1230 1787 Ἀμαζονίδων
1303 1702 1585 1787 ἐσχάτην
1665 1703 1918 1787 ταύτην
1998 1701 2316 1786 λέγουσιν

380 1808 664 1896 ἀνδρεία
728 1809 1122 1892 διενεγκεῖν,
1186 1806 1302 1873 καὶ
1361 1809 1438 1873 τὸ
1502 1810 1741 1875 λοιπὸν
1806 1807 1909 1875 ἀεὶ
1970 1811 2048 1874 τὸ
2111 1811 2317 1886 ἔθνος

385 1916 913 2000 ταπεινούμενον
967 1913 1342 1997 ἀσθενῆσαι
1394 1920 1758 1993 παντελῶς·
1824 1917 1931 1980 διὸ
1986 1912 2098 1981 καὶ
2150 1916 2317 1980 κατὰ
2346 1934 2401 1974 15

381 2024 545 2100 τοὺς
607 2020 976 2108 νεωτέρους
1036 2022 1343 2108 καιρούς,
1415 2020 1687 2089 ἐπειδάν
1747 2045 1925 2100 τινες
1986 2020 2140 2110 περὶ
2201 2032 2320 2107 τῆς

384 2130 610 2195 αὐτῶν
657 2130 970 2215 ἀνδρείας
1016 2128 1340 2213 διεξίωσι,
1397 2130 1664 2213 μύθους
1705 2129 2028 2214 ἡγοῦνται
2072 2135 2319 2197 πεπλα-

390 2234 678 2320 σμένους
720 2236 841 2313 τὰς
884 2234 1036 2321 περὶ
1080 2247 1219 2301 τῶν
1255 2234 1705 2329 Ἀμαζονίδων
1751 2234 2234 2321 ἀρχαιολογίας.

283 2343 367 2406 47
561 2337 790 2424 Ἡμεῖς
837 2336 899 2405 δ’
943 2339 1083 2407 ἐπεὶ
1116 2342 1200 2406 τὰ
1235 2344 1405 2429 πρὸς
1440 2343 1723 2428 ἄρκτους
1765 2341 2116 2427 κεκλιμένα
2151 2342 2318 2429 μέρη

389 2456 508 2528 τῆς
543 2444 766 2524 Ἀσίας
809 2446 1185 2531 ἠξιώσαμεν
1221 2447 1640 2533 ἀναγραφῆς,
1686 2448 1812 2514 οὐκ
1856 2448 2193 2514 ἀνοίκειον
2228 2444 2321 2514 εἷ-
2349 2469 2405 2510 80

388 2575 505 2615 ναι
558 2555 915 2637 νομίζομεν
968 2555 1051 2618 τὰ
1111 2550 1262 2638 περὶ
1324 2564 1463 2619 τῶν
1510 2550 1966 2641 Ὑπερβορέων
2022 2561 2322 2640 μυθολο-

389 2658 687 2740 γούμενα
742 2659 1057 2723 διελθεῖν.
1146 2669 1283 2724 τῶν
1336 2660 1465 2746 γὰρ
1520 2661 1660 2737 τὰς·
1689 2663 1973 2740 παλαιὰς
2024 2667 2322 2746 μυθολο-

392 2765 544 2846 γίας
571 2760 1140 2849 ἀναγεγραφότων
1157 2762 1503 2843 Ἑκαταῖος
1528 2770 1646 2832 καί
1665 2791 1842 2846 τινες
1868 2767 2089 2855 ἕτεροί
2109 2783 2322 2854 φασιν

393 2869 469 2934 έν
520 2878 664 2945 τοῖς
719 2868 1072 2957 ἀντιπέρας
1128 2880 1247 2955 τῆς
1301 2875 1623 2957 Κελτικῆς
1683 2876 1913 2951 τόποις
1973 2876 2138 2940 κατὰ
2199 2876 2323 2940 τὸν

392 2976 691 3042 ὠκεανὸν
768 2972 943 3043 εἶναι
1013 2987 1225 3062 νῆσον
1301 2979 1427 3045 οὐκ
1498 2979 1743 3046 ἐλάττω
1813 2990 1931 3064 τῆς
1991 2984 2322 3058 Σικελίας.
2350 3001 2405 3042 25

391 3084 644 3166 ταύτην
701 3082 1024 3170 ὑπάρχειν
1079 3082 1202 3169 μὲν
1245 3086 1411 3151 κατὰ
1465 3086 1582 3162 τὰς
1632 3086 1947 3171 ἄρκτους,
2000 3098 2321 3153 κατοικεῖ-

395 3194 560 3255 σθαι
616 3186 692 3254 δὲ
743 3190 875 3256 ὑπὸ
929 3200 1067 3257 τῶν
1121 3189 1630 3277 ὀνομαζομένων
1682 3189 2138 3280 Ὑπερβορέων
2191 3192 2320 3259 ἀπὸ

394 3303 516 3358 τοῦ
561 3295 958 3382 πορρωτέρω
1002 3303 1270 3362 κεῖσθαι
1324 3306 1441 3381 τῆς
1494 3299 1766 3383 βορείου
1810 3308 2046 3382 πνοῆς·
2107 3295 2322 3366 οὖσαν

541 3523 605 3568 11
646 3514 1055 3586 ἀριστεύουσαν
1093 3521 1201 3576 OF
1343 3527 1409 3576 18
1442 3517 1752 3591 Ἀμαζόνων
1792 3524 1896 3580 CF.
