2569 4061
957 375 985 429 Ι
1025 381 1106 429 12.
1150 380 1231 430 13.
1274 382 1358 431 14.
2032 376 2116 441 23
2216 439 2227 448 ·

189 541 402 628 τούτῳ
439 547 531 627 τῷ
578 541 800 627 τρόπω
840 539 1284 621 διατηροῦντα
1330 540 1405 603 τὸ
1452 547 1586 624 πῦρ
1631 544 2117 622 προκαλεῖσθαι

192 650 349 723 τοὺς
403 648 648 723 ἄλλους
705 644 1109 729 ἀνθρώπους
1162 647 1328 732 πρὸς
1382 645 1505 729 τὴν
1559 643 1624 725 ἐξ
1671 644 1876 712 αὑτοῦ
1932 668 2116 728 γινο-

192 751 403 837 μένην
448 753 863 839 εὐχρηστίαν.
945 753 1107 836 μετὰ
1154 749 1228 817 δὲ
1271 761 1480 816 ταῦτα
1525 753 1644 816 τὸν
1688 755 1956 837 Κρόνον
2001 753 2114 838 ἄρ·
2154 772 2190 821 4

197 859 321 942 ξαι,
366 857 474 923 καὶ
520 862 821 943 γήμαντα
864 859 988 941 τὴν
1010 859 1337 943 ’ἀδελφὴν
1373 854 1559 923 Ῥέαν
1603 866 1918 941 γεννῆσαι
1952 860 2117 923 κατὰ

137 982 164 1023 5
193 962 313 1048 μέν
364 988 549 1043 τινας
604 976 742 1030 τῶν
796 968 1204 1049 μυθολόγων
1231 964 1498 1050 ’Όσιριν
1551 960 1663 1029 καὶ
1709 954 1903 1045 Ἶσιν,
1953 966 2118 1028 κατὰ

197 1067 269 1136 δὲ
313 1076 468 1150 τοὺς
514 1074 867 1148 πλείστους
914 1074 1050 1136 Δία
1093 1095 1163 1136 τε
1209 1069 1319 1136 καὶ
1352 1070 1603 1158 Ἥραν,
1653 1069 1771 1148 οὓς
1828 1066 1914 1134 δι’
1973 1069 2119 1154 ἀρε-

191 1179 313 1262 τὴν
341 1182 734 1263 βασιλεῦσαι
762 1186 883 1245 τοῦ
911 1179 1293 1263 σύμπαντος
1318 1181 1590 1262 κόσμου.
1648 1176 1720 1243 ἐκ
1758 1172 1833 1242 δὲ
1860 1176 2119 1242 τούτων

189 1283 508 1367 γενέσθαι
553 1283 746 1351 πέντε
791 1287 1028 1368 θεούς,
1075 1280 1233 1350 καθ’
1287 1282 1568 1368 ἑκάστην
1617 1293 1752 1351 τῶν
1798 1280 2118 1366 ἐπαγομέ-

185 1415 329 1457 νων
375 1387 532 1478 παρ’
578 1395 971 1476 Αἰγυπτίοις
1005 1386 1212 1458 πένθ’
1256 1391 1520 1476 ἡμερῶν
1567 1389 1716 1468 ἑνὸς
1750 1387 2115 1474 γεννηθέν-

102 1515 157 1556 10
183 1519 322 1576 τος·
379 1500 673 1583 ὀνόματα
731 1497 805 1564 δὲ
853 1498 1142 1585 ὑπάρξαι
1196 1509 1337 1575 τοῖς
1388 1504 1823 1564 τεκνωθεῖσιν
1848 1497 2114 1582 ’Όσιριν

182 1602 296 1669 καὶ
334 1597 520 1688 Ἶσιν,
569 1609 664 1670 ἔτι
713 1603 786 1671 δὲ
832 1611 1125 1689 Τυφῶνα
1161 1604 1272 1681 καὶ
1312 1600 1689 1670 Ἀπόλλωνα
1734 1603 1844 1670 καὶ
1873 1603 2113 1691 Ἀφρο-

188 1711 411 1793 δίτην·
457 1710 573 1775 καὶ
616 1713 736 1775 τὸν
781 1708 904 1795 μὲν
931 1710 1194 1795 ’Όσιριν
1240 1711 1905 1795 μεθερμηνευόμενον
1942 1706 2113 1775 εἶναι
2152 1726 2183 1773 5

186 1820 572 1900 Διόνυσον,
639 1819 761 1901 τὴν
827 1815 901 1883 δὲ
956 1808 1118 1884 Ἶσιν
1184 1818 1454 1901 ἔγγιστά
1525 1838 1666 1893 πως
1729 1819 2113 1903 Δήμητραν.

182 1923 439 2007 ταύτην
485 1920 562 1989 δὲ
612 1928 913 2009 γήμαντα
966 1926 1084 1990 τὸν
1121 1923 1384 2010 Ὄσιριν
1437 1922 1550 1991 καὶ
1593 1925 1717 2007 τὴν
1770 1925 2116 2007 βασιλείαν

103 2045 157 2088 15
187 2030 667 2117 διαδεξάμενον
730 2034 942 2098 πολλὰ
1005 2034 1245 2119 πρᾶξαι
1301 2035 1468 2119 πρὸς
1531 2033 1919 2118 εὐεργεσίαν
1992 2041 2114 2097 τοῦ

178 2148 413 2204 κοινοῦ
459 2142 630 2223 βίου.

364 2251 649 2332 Πρῶτον
697 2243 817 2330 μὲν
871 2248 1001 2333 γὰρ
1046 2256 1297 2312 παῦσαι
1342 2255 1459 2330 τῆς
1504 2246 1999 2329 ἀλληλοφαγίας
2034 2249 2109 2310 τὸ
2134 2257 2219 2319 14

180 2361 319 2416 τῶν
364 2352 748 2439 ἀνθρώπων
792 2351 1008 2437 γένος,
1056 2352 1385 2439 εὑρούσης
1430 2347 1554 2436 μὲν
1585 2350 1835 2427 Ἴσιδος
1878 2352 1997 2415 τόν
2040 2374 2110 2416 τε

179 2466 305 2522 τοῦ
358 2469 578 2544 πυροῦ
624 2457 733 2525 καὶ
790 2467 908 2542 τῆς
952 2465 1195 2544 κριθῆς
1247 2460 1537 2544 καρπόν,
1594 2460 1939 2543 φυόμενον
1988 2454 2110 2542 μὲν

96 2595 154 2636 20
181 2564 273 2641 ὡς
319 2567 504 2649 ἔτυχε
551 2568 718 2632 κατὰ
755 2567 879 2650 τὴν
924 2566 1150 2651 χώραν
1186 2567 1350 2650 μετὰ
1394 2574 1509 2648 τῆς
1553 2566 1757 2648 ἄλλης
1801 2566 2105 2650 βοτάνης,

65 2691 142 2756 ‘18
181 2670 644 2756 ἀγνοούμενον
700 2669 774 2737 δὲ
819 2673 950 2737 ὑπὸ
1000 2684 1146 2738 τῶν
1191 2672 1604 2758 ἀνθρώπων,
1651 2681 1772 2738 τοῦ
1828 2669 1903 2737 δὲ
1941 2668 2106 2738 Ὀσί-

181 2778 372 2863 ριδος
426 2777 955 2863 ἐπινοησαμένου
1014 2777 1125 2845 καὶ
1178 2780 1303 2862 τὴν
1355 2781 1612 2845 τούτων
1670 2782 2109 2864 κατεργασίαν

176 2895 316 2949 τῶν
371 2895 673 2970 καρπῶν,
730 2884 942 2969 ἡδέως
1005 2883 1420 2969 μεταθέσθαι
1473 2886 1723 2962 πάντας
1776 2886 1899 2969 τὴν
1957 2909 2108 2970 τρο-

180 2991 321 3074 φὴν
378 2992 490 3056 διά
534 3015 604 3058 τε
649 2993 773 3076 τὴν
828 2992 1083 3075 ἡδονὴν
1127 3003 1244 3076 τῆς
1300 2994 1564 3076 φύσεως
1607 3002 1744 3056 τῶν
1795 2991 2108 3078 εὑρεθέν-

95 3131 150 3173 25
178 3121 319 3162 των
364 3095 474 3162 καὶ
521 3098 633 3162 διὰ
676 3100 751 3163 τὸ
791 3100 1157 3182 φαίνεσθαι
1201 3097 1549 3184 συμφέρον
1594 3098 1915 3183 ὑπάρχειν
1954 3097 2108 3163 ἀπέ-

176 3208 423 3286 χεσθαι
466 3210 583 3285 τῆς
626 3201 768 3268 κατ’
825 3203 1130 3288 ἀλλήλων
1177 3205 1528 3289 ὠμότητος.
1615 3205 1984 3288 μαρτύριον
2032 3198 2106 3266 δὲ·
2143 3223 2175 3270 2

180 3307 469 3395 φέρουσι
521 3316 637 3391 τῆς
691 3309 1014 3397 εὑρέσεως
1065 3323 1201 3378 τῶν
1267 3310 1637 3397 εἰρημένων
1699 3317 1972 3392 καρπῶν
2029 3308 2106 3370 τὸ

175 3417 596 3500 τηρούμενον
649 3414 803 3503 παρ’
868 3417 1095 3494 αὑτοῖς
1157 3416 1223 3495 ἐξ
1280 3417 1575 3502 ἀρχαίων
1629 3415 1940 3494 νόμιμον·
2007 3413 2103 3475 ἔτι

325 3579 351 3626 1
392 3577 839 3639 προσκαλεῖσθαι
876 3572 1117 3639 codices,
1155 3588 1295 3627 corr.
1334 3571 1501 3625 Dind.
1631 3574 1662 3620 3
1703 3560 1871 3629 ἄρξαι
1909 3580 2016 3618 om.
2056 3565 2107 3617 D

177 3647 246 3695 22
289 3638 692 3713 έπινοήσαντος
727 3644 937 3699 Reiske
1010 3644 1108 3697 καὶ
1146 3659 1254 3698 om.
1286 3640 1340 3695 11
1412 3645 1481 3692 23
1519 3631 1728 3703 ἡδέως]
1769 3630 1832 3682 δὲ
1871 3632 2000 3684 add.
2032 3633 2102 3683 11.
