2569 4061
1066 305 1147 362 111
1185 311 1270 362 58.
1303 310 1387 362 59.
2067 307 2191 373 361

269 470 484 553 μόνην
521 465 773 534 ἐπιέναι
817 477 1039 535 πᾶσαν
1083 468 1330 555 χώραν,
1379 467 1745 554 λελυμένην
1789 471 1906 548 τὰς
1948 470 2198 556 τρίχας,

267 576 388 641 τὸν
436 570 509 640 δὲ
543 576 882 660 Μαρσύαν
927 574 1241 642 ἐλεοῦντα
1286 575 1362 640 τὸ
1408 575 1629 653 πάθος
1675 574 1994 655 ἑκουσίως
2028 576 2196 663 αὐτῇ

272 687 805 749 συνακολουθεῖν
838 679 953 747 καὶ
988 686 1510 767 συμπλανᾶσθαι
1547 682 1661 747 διὰ
1694 682 1817 765 τὴν
1854 685 2198 771 προϋπάρ-

269 804 523 872 χουσαν
585 790 837 873 φιλίαν.
945 785 1527 874 παραγενομένους
1591 785 1653 853 δ’
1722 788 1967 866 αὐτοὺς
2028 792 2193 876 πρὸς
2230 812 2262 860 2

212 911 239 953 5
270 896 614 960 Διόνυσον
668 895 764 972 εἰς
816 895 941 978 τὴν
996 896 1240 960 Νῦσαν
1293 896 1691 976 καταλαβεῖν
1743 894 1864 960 τὸν
1902 890 2196 961 Ἀπόλλω

263 1002 680 1086 τυγχάνοντα
725 1000 1015 1085 μεγάλης
1059 998 1393 1083 ἀποδοχῆς
1441 999 1553 1065 διὰ
1588 1000 1713 1084 τὴν
1747 1000 2070 1087 κιθάραν,
2112 1000 2199 1084 ἣν

255 1106 506 1196 Ἑρμῆν
563 1108 789 1194 εὑρεῖν
844 1121 1074 1190 φασιν,
1124 1100 1507 1171 Ἀπόλλωνα
1569 1102 1645 1171 δὲ
1702 1117 1971 1194 πρῶτον
2030 1106 2198 1193 αὐτῇ

262 1216 428 1280 κατὰ
481 1216 733 1301 τρόπον
787 1217 1109 1297 χρῆσθαι·
1168 1210 1500 1298 ἐρίζοντος
1555 1209 1630 1278 δὲ
1683 1222 1804 1279 τοῦ
1858 1213 2198 1299 Μαρσύου

263 1322 432 1406 πρὸς
467 1322 587 1385 τὸν
618 1313 909 1383 Ἀπόλλω
948 1314 1100 1404 περὶ
1135 1326 1251 1401 τῆς
1277 1316 1533 1403 τέχνης,
1568 1317 1681 1384 καὶ
1705 1329 1842 1385 τῶν
1868 1323 2198 1385 Νυσαίων

184 1442 239 1483 10
267 1422 810 1509 ἀποδειχθέντων
857 1424 1209 1506 δικαστῶν,
1263 1424 1385 1488 τὸν
1430 1421 1553 1507 μὲν
1586 1421 1976 1491 Ἀπόλλωνα
2019 1437 2197 1512 πρῶ-

153 1551 264 1602 228
282 1553 405 1596 τον
449 1531 798 1614 κιθαρίσαι
842 1530 1071 1612 ψιλήν,
1124 1530 1244 1594 τὸν
1293 1525 1368 1594 δὲ
1411 1532 1750 1616 Μαρσύαν
1796 1531 2197 1615 ἐπιβαλόντα

264 1647 405 1713 τοῖς
441 1635 672 1712 αὐλοῖς
706 1638 1109 1717 καταπλῆξαι
1150 1635 1269 1711 τὰς
1315 1634 1517 1712 ἀκοὰς
1561 1644 1653 1722 τῷ
1701 1635 2040 1720 ξενίζοντι,
2087 1638 2196 1704 καὶ

265 1743 378 1808 διὰ
404 1743 528 1825 τὴν
556 1740 903 1826 εὐμέλειαν
932 1741 1120 1820 δόξαι
1146 1743 1321 1807 πολὺ
1348 1738 1658 1826 προέχειν
1683 1749 1806 1806 τοῦ
1832 1762 2210 1828 προηγωνι,

264 1846 532 1933 σμένου.
607 1845 1146 1932 συντεθειμένων
1192 1845 1253 1913 δ’
1299 1847 1523 1914 αὐτῶν
1567 1845 1724 1934 παρ’
1769 1849 2022 1932 ἄλληλα
2058 1861 2197 1929 τοῖς
2235 1874 2267 1922 3

182 1971 236 2012 1⁵
264 1956 605 2033 δικασταῖς
642 1953 1150 2020 ἐπιδείκνυσθαι
1184 1954 1312 2039 τὴν
1345 1952 1607 2040 τέχνην,
1653 1955 1772 2020 τὸν
1807 1950 1930 2041 μὲν
1970 1952 2197 2023 Ἀπόλ-

264 2064 445 2129 λωνά
491 2077 701 2147 φασιν
747 2060 1089 2144 ἐπιβαλεῖν
1130 2063 1206 2128 τὸ
1246 2062 1565 2148 δεύτερον
1602 2062 2066 2148 ἁρμόττουσαν
2103 2075 2194 2154 τῷ

263 2166 443 2254 μέλει
485 2176 603 2251 τῆς
637 2169 925 2253 κιθάρας
960 2161 1168 2255 ᾠδήν,
1213 2166 1370 2233 καθ’
1417 2167 1505 2251 ἣν
1539 2168 2038 2255 ὑπερβαλέσθαι
2072 2173 2198 2256 τὴν

260 2274 785 2361 προϋπάρξασαν
837 2283 972 2338 τῶν
1027 2273 1253 2339 αὐλῶν
1308 2273 1674 2358 ἀποδοχήν·
1730 2276 1850 2340 τὸν
1907 2272 1982 2341 δὲ
2035 2281 2197 2363 πρό-

262 2379 461 2466 τερον
517 2380 1065 2464 ἀγανακτήσαντα
1121 2380 1464 2446 διδάσκειν
1517 2384 1674 2458 τοὺς
1720 2380 2047 2466 ἀκροατὰς
2093 2382 2196 2449 ὅτι

186 2499 239 2542 20
265 2487 444 2570 παρὰ
495 2495 633 2552 πᾶν
686 2488 762 2554 τὸ
820 2487 1081 2551 δίκαιον
1136 2485 1337 2563 αὐτὸς
1393 2486 1803 2552 ἐλαττοῦται·
1867 2488 2013 2553 δεῖν
2066 2490 2194 2575 γὰρ

262 2593 574 2674 γίνεσθαι
637 2591 872 2677 τέχνης
934 2592 1318 2678 σύγκρισιν,
1394 2592 1477 2658 οὐ
1541 2601 1807 2678 φωνῆς,
1879 2591 2038 2660 καθ’
2106 2594 2195 2679 ’ἣν

260 2699 580 2784 προσήκει
637 2698 760 2782 τὴν
819 2697 1149 2784 ἁρμονίαν
1212 2697 1325 2764 καὶ
1388 2700 1464 2765 τὸ
1524 2697 1720 2784 μέλος
1779 2697 2196 2779 ἐξετάζεσθαι

259 2812 377 2888 τῆς
420 2803 708 2890 κιθάρας
750 2802 862 2869 καὶ
906 2814 1041 2869 τῶν
1087 2803 1341 2870 αὐλῶν·
1386 2802 1500 2870 καὶ
1543 2805 1711 2891 πρὸς
1753 2807 2017 2883 τούτοις
2054 2808 2197 2872 ἄδι·

258 2934 382 2977 κον
428 2905 603 2976 εἶναι
650 2911 776 2976 δύο
822 2908 1055 2994 τέχνας
1098 2911 1232 2994 ἅμα
1276 2912 1445 2997 πρὸς
1488 2913 1648 2996 μίαν
1694 2916 2194 2998 συγκρίνεσθαι.

182 3032 232 3075 2⁵
259 3017 379 3082 τὸν
425 3013 501 3082 δὲ
540 3014 835 3083 Ἀπόλλω
883 3022 1393 3101 μυθολογοῦσιν
1437 3018 1648 3083 εἰπεῖν
1693 3018 1783 3094 ὡς
1829 3013 2032 3082 οὐδὲν
2078 3018 2195 3082 αὐ-

261 3124 380 3189 τὸν
437 3124 897 3207 πλεονεκτοίη·
958 3119 1071 3189 καὶ
1124 3123 1252 3209 γὰρ
1309 3125 1429 3188 τὸν
1472 3123 1811 3209 Μαρσύαν
1864 3124 1940 3186 τὸ
1987 3141 2195 3207 παρα·
2231 3142 2267 3190 4

258 3232 547 3314 πλήσιον
597 3229 775 3320 αὐτῷ
823 3239 1064 3313 ποιεῖν,
1122 3230 1217 3307 εἰς
1269 3231 1429 3306 τοὺς
1475 3228 1723 3304 αὐλοὺς
1769 3225 2194 3310 ἐμφυσῶντα·

445 3428 473 3476 1
515 3425 836 3493 καταλελυμ
839 3418 938 3491 ένη
942 3442 976 3478 ν
1011 3420 1066 3475 11
1183 3427 1217 3477 3
1255 3422 1690 3492 παρακολουθεῖ
1664 3438 1718 3471 ιν
1755 3415 1809 3470 11
1929 3421 1993 3471 13
2034 3411 2198 3485 ἐμμέ-

257 3495 427 3549 λειαν
464 3492 671 3549 Reiske
849 3442 938 3547 17⁷¹
951 3490 1098 3560 ὑπερ
1138 3488 1417 3548 ἅλλεσθαι
1454 3490 1502 3545 D
1665 3492 1736 3544 20
1771 3480 1913 3557 παρ’
1953 3504 2111 3540 απαν
2147 3486 2195 3541 D

260 3568 331 3620 23
373 3557 593 3636 αυλῶν]
630 3559 824 3620 αυτῶν
863 3558 1054 3620 αυλῶν
1287 3566 1356 3619 25
1397 3556 1572 3623 αὐτὸς
1606 3558 1673 3614 11.
