2569 4061
1031 285 1086 339 11
1126 290 1213 341 55.
1245 291 1330 340 5ο.
2011 288 2142 354 259

208 445 448 523 στέψαι
469 450 630 524 τοὺς
645 435 1111 531 ’σκεψομένους
1135 444 1249 512 καὶ
1274 450 1629 534 καθαρμὸν
1654 448 2145 537 ποιησομένους

205 561 332 618 τοῦ
389 555 637 631 ἔθνους
692 553 1162 633 ἐξαποστεῖλαι.
1253 554 1536 631 τούτους
1596 552 1673 619 δὲ
1728 559 2145 635 πλεύσαντας
2180 581 2213 629 6

205 658 495 743 πέλαγος
556 656 723 745 μέγα
782 658 895 726 καὶ
951 659 1436 745 χειμασθέντας
1493 661 1568 725 ἐν
1622 660 1783 745 μησὶ
1839 665 2142 751 τέτταρσι

200 773 742 852 προσενεχθῆναι
787 776 867 852 τῇ
912 769 1467 854 προσημανθείσῃ
1504 769 1716 857 νήσω,
1760 773 2134 857 στρογγύλῃ

141 893 171 933 5
206 870 335 959 μὲν
399 875 789 961 ὑπαρχούσῃ
861 884 954 963 τῷ
1019 878 1334 961 σχήματι,
1409 874 1534 957 τὴν
1599 869 1674 939 δὲ
1746 878 2141 959 περίμετρον

206 980 452 1066 ἐχούσῃ
500 982 791 1045 σταδίων
838 980 929 1056 ὡς
971 982 1540 1064 πεντακισχιλίων.
1631 981 1761 1064 ἤδη
1810 975 1873 1045 δ’
1917 980 2140 1046 αὐτῶν
2160 985 2244 1049 56

203 1086 605 1169 ἐγγιζόντων
656 1095 737 1172 τῇ
793 1090 976 1175 νήσω
1032 1097 1167 1150 τῶν
1225 1083 1565 1172 ἐγχωρίων
1609 1088 1797 1164 τινας
1850 1086 2139 1171 ἀπαντή-

205 1210 455 1271 σαντας
506 1204 929 1276 καταγαγεῖν
962 1192 1038 1256 τὸ
1097 1191 1380 1274 σκάφος·
1443 1196 1604 1271 τοὺς
1660 1190 1736 1260 δὲ
1796 1196 1963 1260 κατὰ
2016 1195 2140 1278 τὴν

204 1309 420 1383 νῆσον
457 1301 964 1386 συνδραμόντας
1007 1298 1378 1381 θαυμάζειν
1424 1297 1547 1384 μὲν
1581 1303 1702 1366 τὸν
1746 1313 1884 1367 τῶν
1929 1300 2139 1382 ξένων

114 1424 176 1464 1⁰
202 1408 621 1489 κατάπλουν,
676 1410 1213 1491 προσενεχθῆναι
1266 1401 1342 1470 δὲ
1396 1408 1626 1484 αὐτοῖς
1670 1407 1969 1486 ἐπιεικῶς
2024 1406 2137 1475 καὶ

203 1513 634 1599 μεταδιδόναι
687 1521 823 1575 τῶν
876 1505 1032 1593 παρ’
1085 1510 1314 1587 αὐτοῖς
1378 1516 1738 1598 χρησίμων.
1832 1511 2005 1581 εἶναι
2061 1512 2135 1582 δὲ
2172 1538 2205 1586 2

202 1623 366 1695 τοὺς
418 1617 542 1698 τὴν
606 1625 818 1699 νῆσον
874 1617 1227 1691 οἰκοῦντας
1277 1627 1423 1693 ταῖς
1479 1640 1549 1682 τε
1613 1630 1749 1683 τῶν
1813 1621 2138 1704 σωμάτων

209 1724 501 1804 ἰδιότησι
543 1719 656 1786 καὶ
707 1732 850 1799 ταῖς
896 1721 1187 1805 ἀγωγαῖς
1229 1726 1405 1788 πολὺ
1444 1724 1959 1801 διαλλάττοντας
2002 1737 2138 1790 τῶν

203 1828 372 1893 κατὰ
434 1829 559 1912 τὴν
617 1827 942 1915 ἡμετέραν
1007 1826 1439 1914 οἰκουμένην·
1504 1831 1757 1908 πάντας
1821 1826 1945 1914 μὲν
2008 1833 2137 1918 γὰρ

112 1953 172 1993 15
201 1937 707 2021 παραπλησίους
743 1931 916 2002 εἶναι
941 1948 1083 2014 τοῖς
1119 1935 1587 2022 ἀναπλάσμασι
1612 1948 1750 2003 τῶν
1786 1938 2135 2022 σωμάτων,

200 2039 314 2106 καὶ
350 2044 516 2108 κατὰ
544 2045 617 2109 τὸ
655 2042 941 2128 μέγεθος
967 2044 1327 2131 ὑπεράγειν
1359 2048 1520 2122 τοὺς
1545 2041 1858 2130 τέτταρας
1884 2046 2132 2128 πήχεις,

201 2150 284 2213 τὰ
338 2145 413 2214 δὲ
460 2148 623 2215 ὀστᾶ
677 2159 801 2215 τοῦ
846 2151 1150 2235 σώματος
1204 2154 1383 2236 ἔχειν
1428 2150 1535 2217 ἐπὶ
1590 2154 1805 2217 ποσὸν
1847 2153 2134 2235 καμπτό-

204 2279 371 2339 μενα
422 2254 534 2320 καὶ
588 2258 791 2321 πάλιν
836 2257 1422 2343 ἀποκαθιστάμενα
1475 2260 1949 2343 παραπλησίως
1990 2269 2132 2335 τοῖς

202 2363 569 2448 νευρώδεσι
614 2366 855 2440 τόποις.
949 2359 1122 2430 εἶναι
1170 2361 1245 2430 δὲ
1290 2375 1432 2443 τοῖς
1490 2364 1792 2449 σώμασιν
1838 2364 2132 2443 ἁπαλοὺς
2168 2384 2200 2432 3
2247 2444 2263 2450 ·

120 2485 177 2524 20
204 2465 326 2552 μὲν
386 2467 544 2534 καθ’
595 2469 1012 2556 ὑπερβολήν,
1078 2469 1569 2558 εὐτονωτέρους
1633 2466 1707 2535 δὲ
1764 2474 1939 2536 πολὺ
1997 2481 2134 2538 τῶν

203 2571 357 2659 παρ’
419 2575 608 2660 ἡμῖν·
681 2576 1112 2661 δραξαμένων
1183 2579 1315 2665 γὰρ
1391 2578 1615 2643 αὐτῶν
1686 2587 1830 2654 ταῖς
1902 2576 2131 2665 χερσὶν

205 2678 582 2764 ὁδηποτοῦν
660 2681 915 2766 μηδένα
997 2684 1335 2749 δύνασθαι
1408 2685 1485 2749 τὸ
1556 2695 1698 2760 τοῖς
1781 2685 2131 2761 δακτύλοις

201 2784 622 2873 περιληφθὲν
668 2788 992 2876 ἐκτρέψαι.
1065 2792 1293 2875 τρίχας
1338 2788 1399 2855 δ’
1436 2790 1658 2867 ἅπλῶς
1702 2792 1971 2876 μηδαμῇ
2007 2800 2130 2856 τοῦ

203 2893 505 2976 σώματος
558 2895 735 2978 ἔχειν
777 2896 952 2977 πλὴν
1009 2894 1083 2959 ἐν
1128 2904 1208 2980 τῇ
1253 2900 1510 2980 κεφαλῇ
1567 2893 1677 2961 καὶ
1724 2894 1974 2982 ὀφρύσι
2018 2894 2129 2961 καὶ

119 3015 172 3056 25
201 2999 586 3086 βλεφάροις,
633 3003 730 3066 ἔτι
769 2998 843 3067 δὲ
879 2999 991 3066 καὶ
1025 3002 1320 3085 πώγωνι,
1366 3003 1448 3067 τὰ
1486 2998 1560 3067 δὲ
1597 3003 1767 3067 ἄλλα
1807 3001 1971 3087 μέρη
2006 3009 2128 3066 τοῦ

202 3105 505 3191 σώματος
542 3106 716 3172 οὕτω
764 3112 907 3174 λεῖα
953 3108 1120 3172 ὥστε
1157 3104 1326 3191 μηδὲ
1369 3109 1489 3172 τὸν
1527 3107 1872 3191 ἐλάχιστον
1917 3113 2129 3188 χνοῦν

202 3210 278 3277 ἐν
330 3219 420 3301 τῷ
468 3214 720 3297 σώματι
774 3216 1156 3299 φαίνεσθαι.
1250 3208 1423 3279 εἷναι
1479 3210 1553 3278 δὲ
1597 3209 1709 3277 καὶ
1764 3218 1855 3298 τῷ
1902 3209 2128 3274 κάλλει
2164 3229 2200 3277 4

203 3321 585 3403 διαπρεπεῖς
619 3317 731 3384 καὶ
767 3332 912 3398 ταῖς
938 3323 1169 3397 ἄλλαις
1203 3329 1651 3407 περιγραφαῖς
1675 3325 1796 3383 τοῦ
1826 3315 2129 3398 σώματος

347 3482 376 3530 1
413 3475 831 3548 ποιησαμένους
866 3479 1017 3548 vulg.
1094 3483 1161 3531 12
1197 3496 1257 3532 τε
1299 3493 1405 3534 om.
1435 3476 1589 3545 vulg.
1663 3479 1732 3528 23
1770 3471 2033 3543 μηδαμοῦ
2070 3469 2133 3524 F

199 3551 268 3601 28
306 3549 409 3602 τοῦ
447 3566 492 3602 σ.
531 3556 911 3620 περιγραφαῖς
945 3549 1098 3619 vulg.
1777 3629 1808 3662 *

1699 3635 1765 3684 17

2561 3364 2569 3599 nm—-w-w
