2569 4061
839 324 1369 382 ARGUMENTUM
1405 324 1543 383 LIB.
1579 326 1620 382 L
1946 323 2206 382 LXXVII

273 444 385 494 Gap.

273 511 362 562 26.
401 503 665 560 immensi
699 520 972 560 annorum
1006 502 1228 559 numeri
1261 504 1323 558 et
1358 503 1755 574 chronologiae
1795 502 1946 574 apud
1973 501 2201 573 Aegyp·

455 583 569 639 tios
604 585 750 640 ratio
786 584 1063 640 redditur:
1103 584 1240 639 anni
1274 582 1514 654 triginta
1549 584 1768 640 dierum
1801 583 1896 639 vel
1932 585 2205 654 quattuor

456 664 733 720 mensium
762 666 937 722 erant.
994 663 1159 719 Isidis
1188 664 1379 720 aetate
1415 664 1679 735 gigantes
1713 663 1885 719 fuisse
1921 663 2201 719 dicuntur.

276 751 365 801 27.
403 744 591 800 Mores
627 744 688 799 in
722 743 890 799 Isidis
936 743 1208 800 honorem
1244 744 1488 813 recepti,
1535 748 1602 799 ut
1637 742 1845 799 sororis
1882 743 2203 811 conubium,

455 824 790 880 feminarum
824 823 1142 895 privilegia.
1196 820 1367 877 Isidis
1405 823 1468 877 et
1493 821 1730 929 Osiridis
1758 822 2047 879 columnae
2074 841 2202 879 cum

453 904 929 975 inscriptionibus,

272 988 366 1040 28.
410 983 678 1041 Coloniae
715 1001 783 1040 ex
818 984 1082 1056 Aegypto
1119 984 1396 1040 deductae
1431 983 1492 1038 in
1529 980 1904 1050 Babyloniam
1938 985 1997 1037 et
2033 980 2201 1038 Grae·

455 1064 620 1132 ciam,
657 1066 730 1121 ad
767 1063 1004 1122 Colchos
1042 1065 1103 1119 et
1137 1063 1390 1120 Iudaeos.

274 1150 362 1199 29.
401 1143 747 1200 Erechtheus
783 1146 1135 1201 Athenarum
1169 1159 1268 1198 rex
1304 1158 1511 1213 genere
1546 1141 1880 1214 Aegyptius.

275 1229 364 1279 30.
402 1222 828 1294 chorographia
861 1221 1128 1294 Aegypti.
1205 1223 1467 1279 Serbonis
1503 1222 1678 1280 lacus.

273 1308 362 1359 31.
400 1303 648 1374 Aegypti
702 1320 833 1374 pars
887 1302 1191 1358 maritima.
1260 1304 1530 1374 Aegypti
1582 1305 1791 1375 figura,
1848 1302 2199 1374 magnitudo,

452 1381 764 1438 incolarum
798 1383 1133 1453 urbiumque
1168 1398 1448 1439 numerus.

274 1467 364 1516 32.
401 1462 521 1516 Nili
560 1462 862 1533 descriptio
897 1462 1117 1533 incipit.
1192 1461 1537 1518 Cataractae.

273 1546 361 1597 33.
402 1541 626 1596 Insulae
682 1542 824 1609 Nili,
880 1559 1119 1611 quarum
1173 1543 1422 1597 maxima
1474 1543 1683 1599 Meroe.
1764 1543 1923 1600 Ostia
1968 1544 2087 1600 Nili
2141 1546 2201 1598 et

454 1622 643 1676 fossae
681 1637 716 1674 a
750 1621 946 1676 Necho
984 1625 1044 1677 et
1079 1619 1254 1675 Dario
1292 1623 1352 1676 et
1386 1621 1710 1678 Ptolemaeo
1763 1625 1941 1680 altero
1978 1624 2197 1680 ductae.

271 1707 362 1756 34.
402 1699 598 1766 Delta3
635 1698 756 1752 eius
797 1700 936 1753 situs
974 1716 1043 1753 ac
1075 1700 1307 1754 fructus.

272 1783 365 1835 35.
404 1776 692 1833 Animalia
718 1793 863 1846 quae
889 1776 1057 1831 Nilus
1087 1776 1217 1833 alit:
1253 1778 1588 1847 crocodilus,
1616 1778 1973 1848 ichneumon,
1999 1780 2201 1851 hippo-

456 1858 738 1928 potamus.

273 1944 359 1993 36.
399 1937 647 1994 Piscium
672 1937 734 1993 in
761 1936 896 1994 Nilo
925 1938 1106 2008 copia.
1156 1938 1278 1994 Nili
1305 1939 1719 1997 inundationes.
1769 1938 2019 2011 Aegypti
2044 1938 2201 1994 ferti-

452 2019 601 2078 litas.
675 2019 1063 2091 Niloscopion.

274 2107 362 2157 37.
402 2100 510 2168 Qui
537 2100 607 2155 de
633 2100 755 2157 Nili
788 2102 1158 2159 inundatione
1197 2100 1526 2172 scripserint
1550 2102 1925 2159 recensentur.
1989 2103 2197 2159 Fontes

455 2181 575 2235 Nili
607 2182 745 2251 ipsis
782 2181 1065 2252 indigenis
1101 2181 1314 2251 ignoti;
1352 2180 1635 2237 variorum
1672 2181 1742 2236 de
1777 2181 1849 2236 iis
1886 2181 2197 2252 opiniones.

274 2266 366 2317 38.
404 2259 796 2315 Inundationis
841 2278 1045 2318 causae
1088 2260 1414 2332 propositae
1460 2277 1497 2315 a
1534 2261 1798 2328 Thalete,
1844 2259 2200 2331 Anaxagora,

457 2338 760 2395 HerodotO.

135 2490 157 2504 .
246 2424 369 2499 ἡ39.
408 2418 495 2472 De
530 2415 650 2471 Nili
683 2416 1136 2477 inundationibus
1173 2420 1314 2493 quid
1350 2418 1672 2487 senserint:⁸
1695 2418 2049 2477 Democritus
2084 2419 2197 2475 Ab·

464 2496 647 2552 derita
684 2498 742 2551 et
775 2496 1047 2568 Ephorus,

276 2584 365 2634 40.
403 2575 734 2646 Philosophi
769 2578 997 2647 quidam
1031 2579 1488 2651 Memphitarum,

270 2664 363 2714 41.
402 2656 695 2727 Oenopida
728 2656 900 2713 Chius
936 2662 998 2714 et
1032 2659 1485 2741 Agatharchides
1522 2659 1767 2717 Cnidius.

675 2790 876 2846 LIBRI
909 2791 1117 2847 PRIMI
1152 2791 1340 2848 PARS
1375 2792 1803 2850 POSTERIOR.

274 2903 364 2953 42.
402 2896 755 2953 Breviarium
790 2898 1084 2968 utriusque
1118 2900 1315 2969 partis.

275 2983 362 3033 43.
400 2977 599 3033 Victus
635 2978 1046 3047 Aegyptiorum
1082 2977 1521 3047 antiquissimus.

275 3062 362 3112 44.
398 3056 620 3125 Regum
652 3055 1064 3127 Aegyptiorum
1100 3058 1312 3113 classes
1350 3061 1408 3115 et
1442 3058 1662 3129 periodi
1698 3058 1971 3116 diversae.

271 3142 362 3191 45.
400 3134 596 3191 Menas
633 3152 704 3192 ex
737 3136 1058 3192 hominibus
1083 3137 1299 3207 primus
1334 3154 1447 3194 rex.
1504 3138 1920 3209 Tnephaehtus.
1968 3137 2196 3193 Succes-

453 3213 608 3272 sores
645 3216 1057 3286 quinquaginta
1088 3217 1201 3272 ¹duo
1239 3234 1309 3274 ex
1345 3218 1544 3273 eadem
1579 3216 1816 3275 familia.
1890 3217 2102 3273 Busiris
2140 3217 2200 3271 et

455 3297 585 3351 octo
621 3312 690 3351 ex
724 3296 985 3366 posteris.
1059 3298 1383 3354 Thebarum
1417 3297 1553 3353 urbs
1596 3300 1736 3352 tunc
1780 3298 2068 3354 exstructa
2103 3294 2198 3350 de·

455 3374 738 3430 scribitur.

270 3461 361 3511 46.
398 3454 719 3511 Thebarum
755 3454 994 3512 divitiae
1029 3473 1336 3527 regumque
1372 3457 1644 3526 sepulcra.

269 3539 527 3590 arn—49.
566 3534 958 3604 Osymandyae
993 3537 1436 3592 monumentum.

270 3619 360 3668 50.
397 3611 608 3668 Thebis
653 3613 964 3685 astrologia
1016 3615 1249 3669 inventa
1304 3629 1595 3682 annusque
1651 3608 1896 3675 primum
1940 3607 2017 3657 ad
2063 3607 2198 3658 solis
