2569 4061
392 195 519 260 126
1091 193 1398 252 DlODORI
1434 193 1668 249 SICULI

390 360 736 443 δεχόμενοι
773 367 917 434 ταῖς
953 353 1075 441 μὲν
1110 367 1245 422 τῶν
1286 354 1589 443 πατέρων
1627 355 2116 442 ἀνδραγαθίαις
2150 376 2304 442 προ-

387 463 740 548 τρέπονται
784 464 948 548 πρὸς
993 464 1116 547 τὴν
1162 462 1512 546 ἀνδρείαν,
1571 461 1643 527 ἐκ
1686 463 1946 527 παίδων
1993 457 2069 527 δὲ
2116 465 2312 545 ζηλω’

388 567 496 634 ταὶ
541 573 883 654 γινόμενοι
936 580 1071 635 τῶν
1124 574 1500 653 πολεμικῶν
1556 570 1773 654 ἔργων
1821 568 2123 653 ἀνίκητοι
2167 577 2312 645 ταῖς

388 677 659 759 τόλμαις
702 674 813 741 καὶ
857 685 1000 753 ταῖς
1046 674 1410 760 ἐμπειρίαις
1455 675 1962 759 ἀποβαίνουσιν.

286 786 370 849 74
549 780 736 847 Ἔστι
783 776 844 847 δ’
896 780 1087 866 ἕτερα
1134 781 1558 865 συντάγματα
1603 789 1719 864 τῆς
1762 782 2095 857 πολιτείας
2138 783 2310 865 τρία,
2338 797 2365 839 6

386 891 462 953 τό
508 911 577 954 τε
623 899 759 953 τῶν
803 886 1067 972 νομέων
1111 885 1224 952 καὶ
1267 888 1343 952 τὸ
1388 897 1524 953 τῶν
1568 896 1915 971 γεωργῶν,
1975 887 2071 951 ἔτι
2117 882 2191 951 δὲ
2235 888 2310 952 τὸ

387 1006 522 1060 τῶν
585 1004 915 1078 τεχνιτῶν.
1010 994 1081 1057 οἰ
1129 989 1251 1077 μὲν
1308 987 1434 1058 οὖν
1496 990 1782 1077 γεωργοὶ
1838 1000 2079 1079 μικροῦ
2130 1014 2312 1069 τινος

391 1103 511 1186 τὴν
566 1102 1000 1186 καρποφόρον
1054 1109 1182 1183 γῆν
1235 1101 1360 1183 τὴν
1413 1101 1591 1185 παρὰ
1653 1108 1775 1165 τοῦ
1828 1097 2148 1183 βασιλέως
2201 1097 2311 1165 καὶ

388 1218 523 1271 τῶν
583 1204 813 1290 ἱερέων
866 1205 977 1272 καὶ
1040 1217 1175 1272 τῶν
1229 1209 1534 1291 μαχίμων
1597 1206 2045 1291 μισθούμενοι
2103 1207 2313 1271 διατε-

390 1317 584 1378 λοῦσι
638 1313 758 1377 τὸν
809 1312 1023 1378 πάντα
1077 1315 1325 1398 χρόνον
1381 1310 1533 1397 περὶ
1586 1313 1708 1395 τὴν
1764 1311 2082 1397 ἐργασίαν
2128 1312 2314 1389 ὄντες
2342 1329 2396 1369 10

389 1427 512 1501 τῆς,
547 1417 792 1505 χώρας·
839 1417 911 1483 ἐκ
945 1421 1193 1502 νηπίου
1231 1415 1306 1484 δὲ
1349 1421 1876 1505 συντρεφόμενοι
1920 1428 2063 1495 ταῖς
2109 1440 2312 1504 γεωρ-

389 1534 604 1605 γικαῖς
660 1522 1054 1608 ἐπιμελείαις
1107 1526 1281 1590 πολὺ
1336 1521 1696 1609 προέχουσι
1753 1534 1888 1589 τῶν
1943 1523 2122 1609 παρὰ
2175 1531 2313 1598 τοῖς

320 1636 351 1684 2
388 1631 616 1707 ἄλλοις
651 1630 882 1696 ἔθνεσι
916 1641 1232 1717 γεωργῶν
1272 1641 1415 1708 ταῖς
1451 1629 1841 1717 ἐμπειρίαις·
1879 1628 1990 1695 καὶ
2025 1631 2153 1716 γὰρ
2190 1630 2313 1712 τὴν

389 1744 505 1819 τῆς
549 1744 670 1820 γῆς
714 1736 926 1819 φύσιν
970 1735 1082 1802 καὶ
1127 1737 1250 1819 τὴν
1295 1747 1431 1802 τῶν
1475 1736 1743 1802 ὑδάτων
1790 1736 2168 1823 ἐπίρρυσιν,
2216 1736 2313 1799 ἔτι

392 1839 463 1909 δὲ
509 1846 667 1920 τοὺς
719 1845 993 1928 καιροὺς
1046 1852 1168 1908 τοῦ
1222 1866 1292 1908 τε
1347 1845 1605 1927 σπόρου
1657 1841 1772 1909 καὶ
1816 1851 1938 1908 τοῦ
1981 1847 2311 1927 θερισμοῦ
2341 1857 2393 1899 1⁵

388 1946 499 2013 καὶ
535 1956 652 2033 τῆς
688 1950 890 2033 ἄλλης
935 1959 1070 2014 τῶν
1115 1960 1389 2037 καρπῶν
1436 1951 1842 2034 συγκομιδῆς
1878 1945 2312 2036 ἀκριβέστατα

388 2055 661 2122 πάντων
706 2058 1141 2140 γινώσκουσι,
1197 2058 1279 2122 τὰ
1334 2053 1457 2141 μὲν
1504 2056 1577 2123 ἐκ
1620 2065 1736 2141 τῆς
1779 2067 1915 2122 τῶν
1960 2056 2312 2142 προγόνων

388 2165 903 2248 παρατηρήσεως
948 2166 1304 2248 μαθόντες,
1349 2165 1431 2229 τὰ
1479 2161 1537 2228 δ’
1588 2162 1659 2228 ἐκ
1703 2172 1818 2248 τῆς
1865 2165 2038 2240 ἰδίας
2082 2164 2313 2247 πείρας

319 2274 350 2321 3
391 2267 837 2355 διδαχθέντες.
921 2270 958 2336 ὁ
1006 2264 1068 2333 δ’
1121 2271 1321 2347 αὐτὸς
1366 2272 1563 2352 λόγος
1617 2266 1755 2334 ἐστὶ
1809 2267 1919 2334 καὶ
1974 2267 2126 2352 περὶ
2178 2279 2312 2333 τῶν

389 2373 684 2458 νομέων,
748 2378 819 2440 οἳ
856 2376 981 2458 τὴν
1024 2385 1159 2440 τῶν
1203 2374 1607 2459 θρεμμάτων
1653 2373 2029 2459 ἐπιμέλειαν
2075 2375 2147 2441 ἐκ
2192 2398 2311 2441 πα·
2339 2388 2393 2428 20

388 2476 600 2563 τέρων
656 2480 877 2565 ὥσπερ
939 2481 1382 2561 κληρονομίας
1447 2481 1628 2566 νόμω
1683 2480 2313 2565 παραλαμβάνοντες

390 2584 464 2650 ἐν
510 2586 634 2671 βίω
681 2586 1113 2671 κτηνοτρόφῳ
1170 2585 1549 2649 διατελοῦσι
1604 2585 1818 2650 πάντα
1863 2585 1982 2649 τὸν
2026 2593 2148 2649 τοῦ
2197 2589 2312 2666 ζῆν

318 2713 353 2761 4
388 2692 665 2774 χρόνον,
721 2687 833 2755 καὶ
884 2690 1097 2755 πολλὰ
1154 2686 1275 2773 μὲν
1329 2691 1507 2776 παρὰ
1559 2700 1694 2756 τῶν
1747 2691 2102 2777 προγόνων
2145 2689 2311 2773 πρὸς

388 2798 757 2881 θεραπείαν
801 2794 914 2862 καὶ
960 2797 1332 2881 διατροφὴν
1378 2796 1655 2882 ἀρίστην
1700 2807 1835 2862 τῶν
1880 2795 2309 2881 βοσκομένων

388 2905 901 2989 παρειλήφασιν,
940 2902 1065 2968 οὐκ
1100 2902 1294 2986 ὀλίγα
1332 2901 1393 2967 δ’
1439 2901 1631 2969 αὐτοὶ
1668 2904 1780 2969 διὰ
1815 2904 1936 2968 τὸν
1974 2905 2068 2980 εἰς
2103 2911 2310 2968 ταῦτα
2337 2918 2392 2960 25

392 3014 589 3094 ζῆλον
634 3013 1225 3096 προσευρίσκουσι,
1281 3007 1394 3074 καὶ
1437 3011 1512 3074 τὸ
1557 3010 2148 3093 θαυμασιώτατον,
2197 3009 2310 3072 διὰ

389 3119 512 3201 τὴν
547 3117 926 3203 ὑπερβολὴν
957 3123 1075 3199 τῆς
1110 3118 1206 3193 εἰς
1241 3125 1447 3181 ταῦτα
1485 3117 1782 3199 σπουδῆς
1819 3117 1891 3181 οἵ
1919 3138 1989 3181 τε
2036 3114 2310 3200 ὀρνιθο-

389 3226 631 3308 τρόφοι
700 3220 814 3290 καὶ
866 3223 960 3307 ῗοί
1016 3220 1419 3307 χηνοβοσκοὶ
1483 3220 1685 3309 χωρὶς
1745 3232 1862 3306 τῆς
1928 3222 2108 3309 παρὰ
2169 3231 2309 3298 τοῖς

533 3384 565 3432 8
604 3379 735 3451 γῆν]
774 3375 962 3449 χώραν
1000 3378 1052 3433 11
1218 3385 1284 3434 10
1323 3374 1553 3434 ἅπαντα
1589 3379 1741 3451 vulg.
1908 3386 1975 3436 22
2014 3396 2310 3448 κτηνοτρο-

391 3446 636 3509 φοῦντες
672 3450 736 3503 D.
