2569 4061
455 355 589 419 446
1136 351 1441 407 monom
1478 350 1713 406 SICULI

460 517 891 602 ἐστράτευσεν
964 516 1059 592 εἰς
1123 513 1365 597 Ἴλιον,
1439 514 1734 597 ἐγκαλῶν
1798 510 2219 598 Λαομέδοντι
2291 524 2382 602 τῷ

456 627 735 706 βασιλεῖ’.
828 615 1027 698 οὗτος
1080 622 1207 707 γὰρ
1244 618 1651 706 “Ηρακλέους
1696 619 2179 704 στρατεύοντος
2224 621 2383 703 μετὰ

451 726 748 806 Ἰάσονος
804 726 910 794 ἐπὶ
964 729 1039 793 τὸ
1093 730 1563 813 χρυσόμαλλον
1620 725 1845 812 δέρος,
1900 725 2011 790 καὶ
2067 727 2141 790 τὸ
2188 735 2383 810 κῆτος

460 835 845 918 ἀνελόντος,
901 833 1300 920 ἀπεστέρησε
1355 842 1490 897 τῶν
1547 829 2082 916 ὡμολογημένων
2141 832 2380 914 ἵππων,

457 941 610 1028 περὶ
657 937 752 1008 ὧν
799 941 873 1007 ἐν
907 952 1048 1018 τοῖς
1086 938 1556 1025 Ἀργοναύταις
1591 940 1670 1003 τὰ
1706 939 1870 1003 κατὰ
1908 937 2108 1023 μέρος
2143 938 2489 1022 μικρὸν277

388 1072 420 1120 2
458 1048 742 1134 ὕστερον
789 1046 1091 1131 διέξιμεν.
1166 1044 1278 1111 καὶ
1321 1048 1470 1110 τότε
1516 1040 1639 1128 μὲν
1685 1046 1798 1109 διὰ
1834 1045 1957 1128 τὴν
1994 1037 2132 1128 μετ’
2178 1038 2382 1108 Ἰάσο-
2412 1063 2438 1102 6
2553 1036 2564 1045 '

459 1178 577 1232 νος
608 1157 954 1241 στρατείαν
990 1153 1412 1236 ἀσχοληθείς,
1450 1151 1734 1236 ὕστερον
1774 1147 1847 1217 δὲ
1885 1151 2106 1234 λαβὼν
2142 1150 2382 1235 καιρὸν

460 1258 566 1324 ἐπὶ
620 1261 743 1343 τὴν
806 1261 1054 1345 Τροίαν
1111 1258 1577 1342 ἐστράτευσεν,
1635 1259 1724 1335 ὡς
1779 1257 1902 1343 μέν
1956 1255 2129 1333 τινές
2186 1272 2378 1340 φασι,

456 1363 656 1430 ναυσὶ
685 1376 965 1451 μακραῖς
993 1365 1458 1449 ὀκτωκαίδεκα,
1489 1366 1577 1442 ὡς
1606 1362 1679 1430 δὲ
1707 1363 1996 1451 Ὅμηρος
2022 1363 2381 1450 γέγραφεν,

457 1472 524 1551 ἓξ
569 1482 713 1548 ταῖς
758 1471 1063 1557 ἁπάσαις,
1111 1471 1184 1538 ἐν
1231 1464 1332 1551 οἷς
1377 1473 1762 1560 παρεισάγει
1809 1472 1927 1537 τὸν
1973 1473 2128 1538 υἱὸν
2174 1471 2381 1536 αὐτοῦ
2413 1491 2468 1530 10

468 1581 897 1663 Τληπόλεμον
944 1578 1223 1662 λέγοντα

553 1716 696 1786 ἀλλ’
740 1714 890 1787 οἷόν
934 1723 1084 1787 τινά
1129 1739 1295 1807 φασι
1341 1723 1498 1805 βίην
1545 1721 1981 1807 Ἡρακληείην

547 1823 740 1912 εἶναι,
779 1829 941 1913 ἐμὸν
986 1828 1232 1915 πατέρα
1278 1827 1825 1915 θρασυμέμνονα,
1873 1827 2315 1912 θυμολέοντα,

547 1935 619 2012 ὅς
663 1957 820 2001 ποτε
869 1932 1051 2022 δεῦρ’
1097 1935 1321 2000 ἐλθὼν
1366 1932 1535 2019 ἕνεχ’
1590 1935 1811 1999 ἵππων
1857 1934 2326 2018 Λαομέδοντος

545 2041 612 2120 ἓξ
660 2048 805 2128 οἴῃς
851 2043 979 2106 σὺν
1023 2039 1225 2126 νηυσὶ
1270 2041 1383 2107 καὶ
1428 2041 1713 2123 ἀνδράσι
1758 2042 2269 2129 παυροτέροισιν
2416 2060 2469 2101 15

539 2144 740 2213 Ἰλίου
787 2147 1142 2226 ἐξαλάπαξε
1187 2150 1406 2231 πόλιν,
1453 2150 1711 2232 χήρωσε
1760 2146 1820 2213 δ’
1877 2148 2127 2230 ἀγυιάς.

386 2312 418 2359 3
457 2288 494 2353 ὁ
561 2283 624 2353 δ’
675 2283 800 2355 οὗν
855 2287 1184 2374 *Ηρακλῆς
1247 2290 1702 2366 καταπλεύσας
1760 2292 1856 2365 εἰς
1911 2291 2035 2373 τὴν
2098 2290 2386 2378 Τρωάδα

460 2395 657 2472 αὐτὸς
721 2392 842 2480 μὲν
906 2396 1067 2479 μετὰ
1138 2406 1272 2461 τῶν
1350 2395 1640 2481 ἀρίστων
1713 2404 2005 2481 προῆγεν
2080 2394 2187 2460 ἐπὶ
2256 2398 2386 2480 τὴν

458 2505 678 2584 πόλιν,
725 2499 832 2566 ἐπὶ
880 2497 953 2567 δὲ
998 2512 1133 2566 τῶν
1176 2511 1351 2567 νεῶν
1398 2501 1713 2566 ἀπέλιπεν
1747 2501 2039 2585 ἡγεμόνα
2075 2504 2194 2567 τὸν
2232 2498 2386 2587 Ἀμ-

458 2608 755 2691 φιαράου
800 2609 953 2672 υίὸν
1003 2607 1262 2672 Οἰκλέα.
1337 2606 1708 2691 Λαομέδων
1757 2605 1818 2671 δ’
1873 2608 2386 2694 ἀπροσδοκήτου
2415 2630 2471 2669 20

455 2722 570 2795 τῆς
632 2715 1000 2797 παρουσίας
1060 2722 1196 2777 τῶν
1257 2718 1594 2798 πολεμίων
1656 2714 2017 2798 γενομένης
2091 2715 2387 2800 δύναμιν

458 2817 810 2901 ἀξιόλογον
866 2830 1273 2902 συναγαγεῖν
1330 2818 1712 2905 ἐξεκλείσθη
1771 2822 1882 2886 διὰ
1925 2822 2050 2904 τὴν
2096 2821 2386 2905 ὀξύτητα

455 2936 590 2990 τῶν
616 2936 893 3011 καιρῶν,
920 2925 1245 3011 ἀθροίσας
1276 2920 1338 2990 δ’
1366 2926 1566 3003 ὅσους
1595 2927 1902 3010 ἐδύνατο,
1930 2929 2093 3012 μετὰ
2119 2928 2385 2993 τούτων

455 3028 668 3117 ἦλθεν
714 3030 820 3098 ἐπὶ
864 3034 980 3109 τὰς
1023 3042 1211 3115 ναῦς,
1263 3032 1563 3117 ἐλπίζων,
1611 3036 1674 3098 εἰ
1714 3034 1958 3110 ταύτας
2003 3033 2408 3130 ἐμπρήσειε,

455 3137 642 3216 τέλος
680 3140 1029 3223 ἐπιθήσειν
1063 3148 1155 3228 τῷ
1194 3137 1477 3227 πολέμῳ.
1549 3148 1671 3203 τοῦ
1709 3135 1783 3204 δὲ
1814 3139 2134 3216 Οἰκλέους
2172 3140 2384 3205 ἀπαν-
2414 3159 2474 3199 25

453 3248 807 3328 τήσαντος,
869 3246 904 3309 ὁ
967 3242 1087 3328 μὲν
1144 3247 1510 3330 στρατηγὸς
1569 3247 1813 3329 Οἰκλῆς
1870 3249 2124 3331 ἔπεσεν,
2182 3248 2252 3312 oc
2303 3245 2384 3313 δὲ
2449 3245 2454 3251 ’

455 3349 678 3415 λοιποὶ
733 3348 1263 3435 συνδιωχθέντες
1321 3353 1415 3426 εἰς
1467 3352 1582 3428 τὰς
1636 3360 1803 3428 ναῦς
1858 3355 2172 3438 ἔφθασαν
2218 3353 2383 3417 ἀνα-

633 3477 664 3523 2
705 3468 846 3538 μετὰ
880 3466 1124 3533 Ἰάσονος
1159 3488 1266 3526 om.
1311 3470 1398 3524 GE
1529 3479 1561 3525 4
1598 3468 1966 3542 ἀπεστερήθη
2008 3474 2055 3527 D
2185 3480 2217 3528 9
2257 3475 2383 3528 καί-

454 3539 612 3600 δεκα,
652 3534 726 3600 ὥς
764 3537 827 3593 δὲ
853 3535 1097 3609 ’Όμηρος
1134 3558 1240 3595 om.
1280 3544 1329 3595 D
1478 3548 1542 3595 12
1581 3542 1736 3614 τινα]
1774 3562 1910 3598 ποτε
1952 3543 2044 3599 OD
2086 3546 2154 3613 (e.
2192 3551 2279 3612 49,
2320 3547 2381 3614 7)

456 3609 522 3655 19
561 3606 859 3661 κατέλιπεν
896 3610 962 3664 Π.
