2569 4061
743 365 842 421 DE
881 365 1232 423 SERMONE
1267 366 1654 424 DIODOREO.
1933 366 2167 423 Lxxm

418 532 676 614 Χρίσμα,
704 534 863 612 quod
891 538 987 596 est·
1015 537 1075 613 2,
1098 537 1156 610 9,
1179 536 1238 610 2,
1271 534 1602 596 Diodorum
1629 536 1941 613 scripsisse
1969 535 2176 596 videri

234 636 413 712 χρῖμα
450 632 573 691 dixi
609 651 810 711 supra,
846 633 952 694 ubi
989 634 1062 693 de
1098 632 1365 709 perfecto
1404 628 1691 713 κέκριμαι,
1728 637 1792 695 et
1819 653 1862 694 S.
1891 654 1947 695 v.
1977 631 2162 711 πόμα.

422 730 752 812 Φιλογύναι
797 729 1105 807 scripsisse
1142 729 1476 792 Diodorum
1515 733 1571 809 5,
1605 735 1705 807 17,
1735 734 1772 791 3
1812 730 2058 809 μάλιστα
2096 726 2168 791 δὲ

235 835 352 887 τῶν
410 823 690 889 ἁπάντων
747 824 910 901 ὄντες
965 825 1348 909 φιλογύναιοι
1400 836 1762 909 προτιμῶσιν
1816 826 2027 906 αὐτάς,
2090 831 2164 888 ut

232 924 525 1002 Polybius
576 929 677 1003 10,
709 929 809 1003 19,
842 928 878 986 3
928 925 1259 999 συνειδότες
1314 925 1652 1008 φιλογύνην
1699 922 1839 986 ὄντα
1881 923 1987 985 τὸν
2032 923 2162 985 Πό-

232 1026 433 1101 πλιον,
478 1025 702 1085 conicio
750 1043 822 1084 ex
859 1042 929 1086 eo
968 1024 1125 1100 quod
1172 1027 1235 1085 et
1280 1027 1441 1102 apud
1480 1023 1801 1102 Polybium
1841 1023 1986 1083 libri
2019 1040 2168 1085 non·

231 1120 390 1179 nulli
442 1118 772 1201 φιλόγυνον
818 1123 880 1181 et
925 1121 1140 1182 Suidas
1185 1144 1239 1182 v.
1288 1121 1556 1195 Πόπλιος
1616 1120 1936 1199 supposuit
1988 1122 2164 1196 φιλο-

229 1215 518 1296 γύναιον,
578 1221 641 1279 et
685 1219 919 1296 Regum
968 1221 1027 1296 3,
1062 1223 1164 1297 11,
1197 1222 1228 1278 1
1282 1218 1612 1301 φιλογύνης
1665 1220 1871 1296 plures
1918 1219 2170 1277 mutant

234 1314 467 1376 codices
522 1315 585 1375 in
641 1315 1061 1396 φιλογύναιος,
1117 1316 1275 1392 quod
1329 1335 1404 1376 ne
1459 1317 1700 1377 Philoni
1753 1316 1996 1394 quidem
2050 1315 2166 1374 tri-

230 1412 540 1473 buendum
576 1414 817 1474 videtur
861 1414 922 1474 II
959 1434 1019 1490 p.
1050 1416 1197 1490 301,
1232 1418 1267 1475 9
1316 1411 1417 1474 καὶ
1463 1413 1527 1474 οἱ
1565 1414 1975 1494 φιλογυναίοις
2014 1427 2160 1473 συν·

233 1509 467 1582 ουσίαις
505 1507 940 1588 ἔπιμεμηνότες,
991 1511 1099 1571 ubi
1141 1511 1522 1591 φιλογύναιοι
1559 1511 1988 1573 Schleusnerus
2016 1511 2166 1571 Lex.

237 1608 314 1670 V.
345 1608 433 1686 T.,
472 1606 577 1667 sed
605 1611 877 1682 praestat
917 1608 1177 1668 fortasse
1213 1608 1534 1690 φιλογύναι
1570 1607 1634 1670 οἷ
1664 1608 2008 1682 συνουσίαις
2035 1607 2164 1670 ἔπι-

230 1701 582 1783 μεμηνότες,
626 1703 905 1779 idemque
950 1704 1192 1765 videtur
1227 1705 1667 1767 resumendum
1700 1705 1941 1766 Platoni
1977 1705 2194 1783 Conv„

229 1823 290 1879 p.
317 1804 350 1860 1
364 1803 441 1861 91
468 1799 523 1859 D
553 1795 972 1880 φιλογύναικές
1000 1793 1043 1859 τ’
1078 1798 1207 1879 εἰσι,
1246 1803 1536 1878 sequente
1562 1800 1841 1861 continuo
1866 1806 2170 1880 γυναῖκες,

232 1900 352 1960 nisi
408 1897 651 1959 certiori
715 1898 862 1958 haec
926 1899 1123 1958 forma
1185 1918 1365 1976 quam
1431 1917 1550 1959 uno
1615 1898 1793 1958 unius
1859 1898 1972 1958 loci
2036 1901 2164 1958 tam

234 1997 508 2075 ancipitis
572 1996 926 2058 confirmata
990 1996 1177 2058 fuerit
1247 1996 1619 2059 testimonio:
1694 1996 1956 2058 Dindorf
2022 1995 2172 2058 edit.

234 2095 457 2156 Teubn.
495 2097 550 2155 V
597 2118 654 2173 p.
684 2096 756 2157 X.

411 2193 670 2255 Nomina
715 2193 1016 2273 Spartana
1059 2194 1124 2253 in
1169 2216 1260 2271 ας,
1307 2213 1461 2270 quae
1504 2195 1569 2254 in
1612 2216 1684 2271 ης
1731 2212 1909 2270 saepe
1955 2194 2163 2254 termi-

235 2293 461 2349 nantur
505 2292 568 2349 in
609 2292 803 2370 libris,
849 2295 920 2352 ui:
955 2290 1293 2368 Λεωνίδης,
1337 2292 1695 2368 plerumque
1732 2290 1833 2365 sic,
1878 2308 2018 2350 raro
2054 2308 2174 2365 per

236 2410 299 2464 α,
346 2391 409 2446 et
443 2387 814 2467 Λιωτυχίδης
857 2391 1036 2450 modo
1062 2388 1161 2449 sic
1211 2388 1388 2449 modo
1424 2386 1807 2465 Λεωτυχίδας
1852 2386 2172 2463 scripizum,

236 2483 701 2563 Καλλικρατίδης
723 2490 839 2566 13,
872 2491 974 2565 76,
1007 2489 1065 2565 2,
1114 2490 1402 2562 sequente
1436 2486 1517 2545 ib.
1565 2488 1625 2562 4,
1663 2488 1723 2545 et
1765 2487 1864 2564 13,
1898 2486 1998 2561 78,
2027 2487 2068 2544 4
2099 2486 2170 2544 et

240 2584 308 2659 ὃς
361 2584 527 2657 79,4
575 2601 718 2663 seq.;
769 2588 871 2660 97,
904 2586 940 2644 3
991 2603 1141 2661 seq.;
1192 2584 1294 2659 98,
1336 2587 1367 2643 1
1412 2603 1562 2661 seq.;
1611 2581 1710 2658 9'9,
1745 2586 1781 2644 3
1832 2602 1953 2659 seq.
2000 2584 2209 2642 Καλ-·

234 2679 596 2759 λικρατίδας,
653 2701 890 2758 semper
945 2682 1257 2746 scribenda
1313 2700 1445 2742 esse
1501 2701 1608 2757 per
1665 2704 1735 2753 ας
1789 2674 1908 2741 uon
1962 2681 2173 2740 minus

237 2779 465 2837 certum
511 2797 691 2854 quam
726 2779 1028 2851 Boeotica,
1074 2781 1147 2838 ut
1174 2772 1659 2856 Ἐπαμεινώνδας
1705 2783 1767 2839 et
1803 2778 2170 2850 Πελοπίδας.

376 2985 634 3058 Ὀφελεῐν
671 3006 773 3060 pro
813 2987 1056 3061 ὠφελεῖν
1095 2990 1319 3061 saepius
1359 2991 1628 3061 scriptum
1669 2993 1758 3047 est
1791 2993 1852 3047 in
1886 2992 1953 3048 D.

378 3103 634 3174 Denique
688 3123 803 3161 non
857 3108 946 3161 est
1001 3106 1229 3161 silentio
1283 3107 1757 3177 praetereundum
1812 3105 2172 3164 Dindorfium

238 3200 458 3255 semper
492 3206 555 3240 ττ
582 3202 686 3255 pro
717 3203 784 3241 σσ
821 3186 1129 3256 scripsisse,
1168 3202 1296 3240 cum
1327 3186 1547 3243 codice's
1587 3204 1654 3242 ac
1697 3188 2000 3258 praecipue
2028 3183 2166 3238 libri

239 3263 515 3320 secundae
561 3263 762 3319 classis
812 3257 1008 3320 formis
1055 3283 1184 3320 cum
1229 3283 1298 3320 σσ
1344 3266 1567 3336 scriptis
1612 3268 1867 3335 faveant,
1923 3279 2164 3334 quarum

238 3344 525 3414 exempla,
568 3345 636 3399 ut
673 3344 935 3399 omittam
985 3341 1251 3401 θάλασσα
1289 3345 1553 3415 τέσσαρες
1589 3344 1820 3413 aliaque
1858 3340 2169 3398 sescenties

236 3423 510 3492 repetita,
546 3439 731 3492 pauca
769 3424 1035 3479 referam=
1083 3427 1411 3492 κασσίτερος
1448 3442 1638 3481 omnes
1675 3430 1726 3492 3,
1758 3429 1841 3493 14,
1872 3430 1928 3489 33
1969 3434 2170 3475 omnes

233 3505 460 3573 praeter
495 3504 539 3558 F
568 3508 620 3569 2,
650 3509 738 3571 36,
765 3510 797 3558 2
847 3535 911 3543 —
959 3501 1287 3567 κολοσσικός
1338 3519 1529 3557 omnes
1570 3508 1620 3569 1,
1647 3507 1737 3570 46,
1768 3507 1796 3553 1
1837 3501 1895 3554 et
1931 3504 1982 3564 2,
2013 3502 2100 3563 34,
2128 3500 2170 3549 5

236 3583 460 3653 (contra
496 3598 690 3638 omnes
731 3580 991 3646 κολοττός
1023 3589 1071 3652 1,
1101 3588 1187 3651 67,
1220 3589 1273 3652 1)
1314 3612 1379 3621 —-
1419 3577 1593 3635 λύσσα
1623 3592 1817 3633 omnes
1846 3583 1896 3643 2,
1928 3581 1977 3641 6,
2011 3581 2076 3627 10
2105 3574 2178 3625 etv

233 3670 286 3731 4,
328 3668 412 3731 11,
452 3668 500 3717 1.
