<?xml version="1.0" encoding="UTF-8"?>
<!DOCTYPE html PUBLIC "-//W3C//DTD XHTML 1.0 Transitional//EN"
    "http://www.w3.org/TR/xhtml1/DTD/xhtml1-transitional.dtd">
<html xmlns="http://www.w3.org/1999/xhtml" xml:lang="en" lang="en">
 <head>
  <title>
</title>
<meta http-equiv="Content-Type" content="text/html;charset=utf-8" />
  <meta name='ocr-system' content='tesseract 3.04.00' />
  <meta name='ocr-capabilities' content='ocr_page ocr_carea ocr_par ocr_line ocrx_word'/>
</head>
<body>
  <div class='ocr_page' id='page_1' title='image "./diodoribiblioth02dindgoog/diodoribiblioth02dindgoog_0025.png"; bbox 0 0 2569 4061; ppageno 0'>
   <div class='ocr_carea' id='block_1_1' title="bbox 44 0 2524 180">
    <p class='ocr_par' dir='ltr' id='par_1_1' title="bbox 44 0 2524 180">
     <span class='ocr_line' id='line_1_1' title="bbox 44 0 2524 180; baseline 0 3881"><span class='ocrx_word' id='word_1_1' title='bbox 44 0 2524 180; x_wconf 95' lang='lat' dir='ltr'><strong> </strong></span> 
     </span>
    </p>
   </div>
   <div class='ocr_carea' id='block_1_2' title="bbox 864 377 2141 434">
    <p class='ocr_par' dir='ltr' id='par_1_2' title="bbox 864 377 2141 434">
     <span class='ocr_line' id='line_1_2' title="bbox 864 377 2141 434; baseline 0 -1"><span class='ocrx_word' id='word_1_2' title='bbox 864 378 960 434; x_wconf 90' lang='lat' dir='ltr'><strong>DE</strong></span> <span class='ocrx_word' id='word_1_3' title='bbox 997 377 1484 434; x_wconf 82' lang='lat' dir='ltr'><strong>EDITIONIBUS.</strong></span> <span class='ocrx_word' id='word_1_4' title='bbox 2008 378 2141 434; x_wconf 86' lang='lat' dir='ltr'><strong>XXI</strong></span> 
     </span>
    </p>
   </div>
   <div class='ocr_carea' id='block_1_3' title="bbox 182 545 2141 1498">
    <p class='ocr_par' dir='ltr' id='par_1_3' title="bbox 182 545 2141 1498">
     <span class='ocr_line' id='line_1_3' title="bbox 182 545 2140 623; baseline -0.001 -15"><span class='ocrx_word' id='word_1_5' title='bbox 182 546 578 622; x_wconf 79' lang='lat' dir='ltr'><strong>temporibus</strong></span> <span class='ocrx_word' id='word_1_6' title='bbox 641 545 872 607; x_wconf 88' lang='lat' dir='ltr'><strong>codices</strong></span> <span class='ocrx_word' id='word_1_7' title='bbox 936 546 1221 607; x_wconf 80' lang='lat' dir='ltr'><strong>bifariam</strong></span> <span class='ocrx_word' id='word_1_8' title='bbox 1275 545 1586 606; x_wconf 76' lang='lat' dir='ltr'><strong>distributi</strong></span> <span class='ocrx_word' id='word_1_9' title='bbox 1642 545 1792 620; x_wconf 88' lang='lat' dir='ltr'><strong>sint,</strong></span> <span class='ocrx_word' id='word_1_10' title='bbox 1852 549 2140 623; x_wconf 88' lang='lat' dir='ltr'><strong>utrosque</strong></span> 
     </span>
     <span class='ocr_line' id='line_1_4' title="bbox 184 642 2139 721; baseline -0.002 -16"><span class='ocrx_word' id='word_1_11' title='bbox 184 648 409 705; x_wconf 83' lang='lat' dir='ltr'><strong>tamen</strong></span> <span class='ocrx_word' id='word_1_12' title='bbox 439 662 512 703; x_wconf 83' lang='lat' dir='ltr'><strong>ex</strong></span> <span class='ocrx_word' id='word_1_13' title='bbox 538 645 863 721; x_wconf 80' lang='lat' dir='ltr'><strong>archetypo</strong></span> <span class='ocrx_word' id='word_1_14' title='bbox 898 645 1023 703; x_wconf 87' lang='lat' dir='ltr'><strong>iam</strong></span> <span class='ocrx_word' id='word_1_15' title='bbox 1062 642 1359 719; x_wconf 83' lang='lat' dir='ltr'><strong>degenere</strong></span> <span class='ocrx_word' id='word_1_16' title='bbox 1389 642 1693 705; x_wconf 80' lang='lat' dir='ltr'><strong>derivatos</strong></span> <span class='ocrx_word' id='word_1_17' title='bbox 1735 662 1869 704; x_wconf 88' lang='lat' dir='ltr'><strong>esse</strong></span> <span class='ocrx_word' id='word_1_18' title='bbox 1904 642 2139 704; x_wconf 86' lang='lat' dir='ltr'><strong>mendis</strong></span> 
     </span>
     <span class='ocr_line' id='line_1_5' title="bbox 187 738 2137 819; baseline -0.002 -17"><span class='ocrx_word' id='word_1_19' title='bbox 187 740 564 819; x_wconf 87' lang='lat' dir='ltr'><strong>quibusdam</strong></span> <span class='ocrx_word' id='word_1_20' title='bbox 609 741 1024 801; x_wconf 84' lang='lat' dir='ltr'><strong>communibus</strong></span> <span class='ocrx_word' id='word_1_21' title='bbox 1080 738 1397 817; x_wconf 89' lang='lat' dir='ltr'><strong>probatur.</strong></span> <span class='ocrx_word' id='word_1_22' title='bbox 1479 739 1653 810; x_wconf 81' lang='lat' dir='ltr'><strong>Quod</strong></span> <span class='ocrx_word' id='word_1_23' title='bbox 1706 741 1784 800; x_wconf 86' lang='lat' dir='ltr'><strong>ad</strong></span> <span class='ocrx_word' id='word_1_24' title='bbox 1840 742 2137 817; x_wconf 79' lang='lat' dir='ltr'><strong>explican-</strong></span> 
     </span>
     <span class='ocr_line' id='line_1_6' title="bbox 189 836 2138 914; baseline -0.002 -14"><span class='ocrx_word' id='word_1_25' title='bbox 189 842 349 901; x_wconf 88' lang='lat' dir='ltr'><strong>dum</strong></span> <span class='ocrx_word' id='word_1_26' title='bbox 409 856 534 898; x_wconf 89' lang='lat' dir='ltr'><strong>non</strong></span> <span class='ocrx_word' id='word_1_27' title='bbox 590 839 678 898; x_wconf 86' lang='lat' dir='ltr'><strong>eis</strong></span> <span class='ocrx_word' id='word_1_28' title='bbox 737 840 974 898; x_wconf 81' lang='lat' dir='ltr'><strong>tantum</strong></span> <span class='ocrx_word' id='word_1_29' title='bbox 1035 836 1289 897; x_wconf 80' lang='lat' dir='ltr'><strong>nitimur</strong></span> <span class='ocrx_word' id='word_1_30' title='bbox 1341 836 1488 896; x_wconf 88' lang='lat' dir='ltr'><strong>locis</strong></span> <span class='ocrx_word' id='word_1_31' title='bbox 1501 882 1517 914; x_wconf 87' lang='lat'>‚</span> <span class='ocrx_word' id='word_1_32' title='bbox 1580 837 1686 913; x_wconf 89' lang='lat' dir='ltr'><strong>qui</strong></span> <span class='ocrx_word' id='word_1_33' title='bbox 1737 837 2138 898; x_wconf 73' lang='lat' dir='ltr'><strong>recentiorum</strong></span> 
     </span>
     <span class='ocr_line' id='line_1_7' title="bbox 185 933 2138 1016; baseline -0.003 -18"><span class='ocrx_word' id='word_1_34' title='bbox 185 937 535 1016; x_wconf 73' lang='lat' dir='ltr'><strong>sagacitate</strong></span> <span class='ocrx_word' id='word_1_35' title='bbox 581 937 882 996; x_wconf 70' lang='lat' dir='ltr'><strong>emendati</strong></span> <span class='ocrx_word' id='word_1_36' title='bbox 919 938 1081 1013; x_wconf 88' lang='lat' dir='ltr'><strong>sunt,</strong></span> <span class='ocrx_word' id='word_1_37' title='bbox 1128 933 1235 994; x_wconf 89' lang='lat' dir='ltr'><strong>sed</strong></span> <span class='ocrx_word' id='word_1_38' title='bbox 1271 934 1523 994; x_wconf 85' lang='lat' dir='ltr'><strong>fortuna</strong></span> <span class='ocrx_word' id='word_1_39' title='bbox 1557 952 1847 1011; x_wconf 86' lang='lat' dir='ltr'><strong>prospera</strong></span> <span class='ocrx_word' id='word_1_40' title='bbox 1882 934 2138 1011; x_wconf 82' lang='lat' dir='ltr'><strong>contigit</strong></span> 
     </span>
     <span class='ocr_line' id='line_1_8' title="bbox 183 1032 2141 1109; baseline -0.002 -14"><span class='ocrx_word' id='word_1_41' title='bbox 183 1037 262 1095; x_wconf 87' lang='lat' dir='ltr'><strong>ut</strong></span> <span class='ocrx_word' id='word_1_42' title='bbox 319 1032 577 1094; x_wconf 89' lang='lat' dir='ltr'><strong>Diodori</strong></span> <span class='ocrx_word' id='word_1_43' title='bbox 640 1033 830 1093; x_wconf 86' lang='lat' dir='ltr'><strong>verba</strong></span> <span class='ocrx_word' id='word_1_44' title='bbox 886 1035 963 1093; x_wconf 86' lang='lat' dir='ltr'><strong>ad</strong></span> <span class='ocrx_word' id='word_1_45' title='bbox 1029 1036 1339 1094; x_wconf 76' lang='lat' dir='ltr'><strong>auctorem</strong></span> <span class='ocrx_word' id='word_1_46' title='bbox 1403 1033 1632 1109; x_wconf 86' lang='lat' dir='ltr'><strong>ipsum,</strong></span> <span class='ocrx_word' id='word_1_47' title='bbox 1694 1032 1854 1091; x_wconf 88' lang='lat' dir='ltr'><strong>unde</strong></span> <span class='ocrx_word' id='word_1_48' title='bbox 1918 1032 2141 1092; x_wconf 83' lang='lat' dir='ltr'><strong>hausta</strong></span> 
     </span>
     <span class='ocr_line' id='line_1_9' title="bbox 187 1129 2138 1208; baseline -0.003 -15"><span class='ocrx_word' id='word_1_49' title='bbox 187 1135 371 1208; x_wconf 77' lang='lat' dir='ltr'><strong>sunt,</strong></span> <span class='ocrx_word' id='word_1_50' title='bbox 419 1130 749 1191; x_wconf 84' lang='lat' dir='ltr'><strong>examinari</strong></span> <span class='ocrx_word' id='word_1_51' title='bbox 792 1130 1042 1207; x_wconf 83' lang='lat' dir='ltr'><strong>possint.</strong></span> <span class='ocrx_word' id='word_1_52' title='bbox 1133 1129 1718 1208; x_wconf 83' lang='lat' dir='ltr'><strong>Agatharchidis</strong></span> <span class='ocrx_word' id='word_1_53' title='bbox 1773 1129 1933 1188; x_wconf 85' lang='lat' dir='ltr'><strong>enim</strong></span> <span class='ocrx_word' id='word_1_54' title='bbox 1978 1129 2138 1207; x_wconf 84' lang='lat' dir='ltr'><strong>frag-</strong></span> 
     </span>
     <span class='ocr_line' id='line_1_10' title="bbox 183 1219 2138 1308; baseline -0.002 -19"><span class='ocrx_word' id='word_1_55' title='bbox 183 1231 408 1289; x_wconf 86' lang='lat' dir='ltr'><strong>menta</strong></span> <span class='ocrx_word' id='word_1_56' title='bbox 455 1246 493 1287; x_wconf 86' lang='lat' dir='ltr'><strong>a</strong></span> <span class='ocrx_word' id='word_1_57' title='bbox 536 1227 753 1288; x_wconf 87' lang='lat' dir='ltr'><strong>Photio</strong></span> <span class='ocrx_word' id='word_1_58' title='bbox 788 1228 1018 1288; x_wconf 77' lang='lat' dir='ltr'><strong>tradita</strong></span> <span class='ocrx_word' id='word_1_59' title='bbox 1053 1219 1173 1308; x_wconf 84' lang='lat' dir='ltr'><strong>(ed.</strong></span> <span class='ocrx_word' id='word_1_60' title='bbox 1207 1226 1269 1288; x_wconf 82' lang='lat' dir='ltr'><strong>C.</strong></span> <span class='ocrx_word' id='word_1_61' title='bbox 1301 1227 1524 1288; x_wconf 74' lang='lat' dir='ltr'><strong>Muller</strong></span> <span class='ocrx_word' id='word_1_62' title='bbox 1550 1226 1897 1304; x_wconf 78' lang='lat' dir='ltr'><strong>Geographi</strong></span> <span class='ocrx_word' id='word_1_63' title='bbox 1926 1225 2138 1287; x_wconf 86' lang='lat' dir='ltr'><strong>Graeci</strong></span> 
     </span>
     <span class='ocr_line' id='line_1_11' title="bbox 185 1318 2138 1406; baseline -0.002 -20"><span class='ocrx_word' id='word_1_64' title='bbox 185 1326 220 1386; x_wconf 95' lang='lat' dir='ltr'>I</span> <span class='ocrx_word' id='word_1_65' title='bbox 257 1347 326 1403; x_wconf 90' lang='lat' dir='ltr'><strong>p.</strong></span> <span class='ocrx_word' id='word_1_66' title='bbox 375 1318 535 1406; x_wconf 89' lang='lat'>111)</span> <span class='ocrx_word' id='word_1_67' title='bbox 591 1328 810 1386; x_wconf 82' lang='lat' dir='ltr'><strong>vacant</strong></span> <span class='ocrx_word' id='word_1_68' title='bbox 863 1326 958 1384; x_wconf 88' lang='lat' dir='ltr'><strong>his</strong></span> <span class='ocrx_word' id='word_1_69' title='bbox 1017 1324 1356 1384; x_wconf 80' lang='lat' dir='ltr'><strong>manifestis</strong></span> <span class='ocrx_word' id='word_1_70' title='bbox 1410 1324 1604 1398; x_wconf 79' lang='lat' dir='ltr'><strong>vitiis,</strong></span> <span class='ocrx_word' id='word_1_71' title='bbox 1660 1325 1878 1400; x_wconf 85' lang='lat' dir='ltr'><strong>quibus</strong></span> <span class='ocrx_word' id='word_1_72' title='bbox 1935 1320 2138 1384; x_wconf 81' lang='lat' dir='ltr'><strong>cu&#39;ncti</strong></span> 
     </span>
     <span class='ocr_line' id='line_1_12' title="bbox 186 1421 1314 1498; baseline -0.001 -16"><span class='ocrx_word' id='word_1_73' title='bbox 186 1422 453 1484; x_wconf 87' lang='lat' dir='ltr'><strong>Diodori</strong></span> <span class='ocrx_word' id='word_1_74' title='bbox 499 1422 735 1483; x_wconf 86' lang='lat' dir='ltr'><strong>codices</strong></span> <span class='ocrx_word' id='word_1_75' title='bbox 779 1421 1098 1498; x_wconf 84' lang='lat' dir='ltr'><strong>depravati</strong></span> <span class='ocrx_word' id='word_1_76' title='bbox 1145 1424 1314 1482; x_wconf 76' lang='lat' dir='ltr'><strong>sunt:</strong></span> 
     </span>
    </p>
   </div>
   <div class='ocr_carea' id='block_1_4' title="bbox 202 1527 1888 1896">
    <p class='ocr_par' dir='ltr' id='par_1_4' title="bbox 202 1527 1888 1702">
     <span class='ocr_line' id='line_1_13' title="bbox 387 1527 1888 1604; baseline 0.001 -17"><span class='ocrx_word' id='word_1_77' title='bbox 387 1527 642 1588; x_wconf 91' lang='lat' dir='ltr'><strong>Diodori</strong></span> <span class='ocrx_word' id='word_1_78' title='bbox 690 1528 924 1588; x_wconf 85' lang='lat' dir='ltr'><strong>codices</strong></span> <span class='ocrx_word' id='word_1_79' title='bbox 1404 1527 1888 1604; x_wconf 78' lang='lat' dir='ltr'><strong>Agatharchides</strong></span> 
     </span>
     <span class='ocr_line' id='line_1_14' title="bbox 202 1619 1505 1702; baseline -0.004 -14"><span class='ocrx_word' id='word_1_80' title='bbox 202 1627 302 1688; x_wconf 92' lang='lat' dir='ltr'><strong>III</strong></span> <span class='ocrx_word' id='word_1_81' title='bbox 350 1628 455 1702; x_wconf 83' lang='lat'><strong>19,</strong></span> <span class='ocrx_word' id='word_1_82' title='bbox 487 1628 525 1685; x_wconf 88' lang='lat'>3</span> <span class='ocrx_word' id='word_1_83' title='bbox 575 1621 771 1683; x_wconf 79' lang='grc' dir='ltr'><strong><em>ἐλάται</em></strong></span> <span class='ocrx_word' id='word_1_84' title='bbox 1316 1619 1505 1683; x_wconf 78' lang='grc' dir='ltr'><strong><em>ἐλαῖαι</em></strong></span> 
     </span>
    </p>

    <p class='ocr_par' dir='ltr' id='par_1_5' title="bbox 349 1714 1483 1798">
     <span class='ocr_line' id='line_1_15' title="bbox 349 1714 1483 1798; baseline -0.002 -16"><span class='ocrx_word' id='word_1_85' title='bbox 349 1723 463 1798; x_wconf 84' lang='grc'><strong>35,</strong></span> <span class='ocrx_word' id='word_1_86' title='bbox 495 1723 530 1780; x_wconf 82' lang='lat'><strong>7</strong></span> <span class='ocrx_word' id='word_1_87' title='bbox 583 1714 860 1795; x_wconf 78' lang='grc' dir='ltr'><strong>ὀμμάτων</strong></span> <span class='ocrx_word' id='word_1_88' title='bbox 1316 1717 1483 1780; x_wconf 81' lang='grc' dir='ltr'><strong><em>ὤτων</em></strong></span> 
     </span>
    </p>

    <p class='ocr_par' dir='ltr' id='par_1_6' title="bbox 350 1811 1602 1896">
     <span class='ocr_line' id='line_1_16' title="bbox 350 1811 1602 1896; baseline 0.002 -20"><span class='ocrx_word' id='word_1_89' title='bbox 350 1819 462 1891; x_wconf 86' lang='grc'><strong>44,</strong></span> <span class='ocrx_word' id='word_1_90' title='bbox 495 1818 537 1875; x_wconf 88' lang='grc'>4</span> <span class='ocrx_word' id='word_1_91' title='bbox 585 1811 694 1893; x_wconf 77' lang='grc' dir='ltr'><strong>οὐχ</strong></span> <span class='ocrx_word' id='word_1_92' title='bbox 739 1814 852 1892; x_wconf 79' lang='grc' dir='ltr'><strong>ὕλη</strong></span> <span class='ocrx_word' id='word_1_93' title='bbox 1317 1815 1392 1877; x_wconf 77' lang='grc' dir='ltr'><strong>οὗ</strong></span> <span class='ocrx_word' id='word_1_94' title='bbox 1438 1818 1602 1896; x_wconf 79' lang='grc' dir='ltr'><strong><em>χηλή.</em></strong></span> 
     </span>
    </p>
   </div>
   <div class='ocr_carea' id='block_1_5' title="bbox 961 1989 1386 2000">
    <p class='ocr_par' dir='ltr' id='par_1_7' title="bbox 961 1989 1386 2000">
     <span class='ocr_line' id='line_1_17' title="bbox 961 1989 1386 2000; baseline 0 2061"><span class='ocrx_word' id='word_1_95' title='bbox 961 1989 1386 2000; x_wconf 95' lang='lat' dir='ltr'><strong> </strong></span> 
     </span>
    </p>
   </div>
   <div class='ocr_carea' id='block_1_6' title="bbox 783 2138 1557 2207">
    <p class='ocr_par' dir='ltr' id='par_1_8' title="bbox 783 2138 1557 2207">
     <span class='ocr_line' id='line_1_18' title="bbox 783 2138 1557 2207; baseline 0.004 -3"><span class='ocrx_word' id='word_1_96' title='bbox 783 2138 903 2205; x_wconf 82' lang='lat' dir='ltr'><strong>DE</strong></span> <span class='ocrx_word' id='word_1_97' title='bbox 964 2138 1557 2207; x_wconf 84' lang='lat' dir='ltr'><strong>EDITIONIBUS.</strong></span> 
     </span>
    </p>
   </div>
   <div class='ocr_carea' id='block_1_7' title="bbox 192 2285 2136 3725">
    <p class='ocr_par' dir='ltr' id='par_1_9' title="bbox 192 2285 2136 3725">
     <span class='ocr_line' id='line_1_19' title="bbox 380 2285 2136 2362; baseline 0.002 -16"><span class='ocrx_word' id='word_1_98' title='bbox 380 2286 745 2362; x_wconf 83' lang='lat' dir='ltr'><strong>Priusquam</strong></span> <span class='ocrx_word' id='word_1_99' title='bbox 805 2285 1056 2345; x_wconf 89' lang='lat' dir='ltr'><strong>Diodori</strong></span> <span class='ocrx_word' id='word_1_100' title='bbox 1124 2288 1500 2348; x_wconf 86' lang='lat' dir='ltr'><strong>bibliotheca</strong></span> <span class='ocrx_word' id='word_1_101' title='bbox 1560 2286 1849 2347; x_wconf 87' lang='lat' dir='ltr'><strong>historica</strong></span> <span class='ocrx_word' id='word_1_102' title='bbox 1912 2286 2136 2349; x_wconf 85' lang='lat' dir='ltr'><strong>Graece</strong></span> 
     </span>
     <span class='ocr_line' id='line_1_20' title="bbox 192 2381 2135 2461; baseline 0.001 -18"><span class='ocrx_word' id='word_1_103' title='bbox 192 2386 367 2460; x_wconf 89' lang='lat' dir='ltr'><strong>prelo</strong></span> <span class='ocrx_word' id='word_1_104' title='bbox 399 2384 673 2443; x_wconf 85' lang='lat' dir='ltr'><strong>subiecta</strong></span> <span class='ocrx_word' id='word_1_105' title='bbox 699 2383 810 2460; x_wconf 83' lang='lat' dir='ltr'><strong>est,</strong></span> <span class='ocrx_word' id='word_1_106' title='bbox 843 2381 1261 2458; x_wconf 83' lang='lat' dir='ltr'><strong>interpretatio</strong></span> <span class='ocrx_word' id='word_1_107' title='bbox 1278 2383 1503 2444; x_wconf 81' lang='lat' dir='ltr'><strong>Latina</strong></span> <span class='ocrx_word' id='word_1_108' title='bbox 1520 2384 1854 2460; x_wconf 89' lang='lat' dir='ltr'><strong>primorum</strong></span> <span class='ocrx_word' id='word_1_109' title='bbox 1874 2384 2135 2461; x_wconf 89' lang='lat' dir='ltr'><strong>quinque</strong></span> 
     </span>
     <span class='ocr_line' id='line_1_21' title="bbox 194 2480 2134 2557; baseline 0.002 -17"><span class='ocrx_word' id='word_1_110' title='bbox 194 2481 492 2542; x_wconf 89' lang='lat' dir='ltr'><strong>librorum</strong></span> <span class='ocrx_word' id='word_1_111' title='bbox 529 2498 565 2540; x_wconf 87' lang='lat' dir='ltr'><strong>a</strong></span> <span class='ocrx_word' id='word_1_112' title='bbox 601 2480 832 2556; x_wconf 84' lang='lat' dir='ltr'><strong>Poggio</strong></span> <span class='ocrx_word' id='word_1_113' title='bbox 879 2480 1092 2538; x_wconf 83' lang='lat' dir='ltr'><strong>curata</strong></span> <span class='ocrx_word' id='word_1_114' title='bbox 1128 2480 1313 2554; x_wconf 87' lang='lat' dir='ltr'><strong>atque</strong></span> <span class='ocrx_word' id='word_1_115' title='bbox 1347 2483 1512 2557; x_wconf 80' lang='lat' dir='ltr'><strong>typis</strong></span> <span class='ocrx_word' id='word_1_116' title='bbox 1551 2484 1646 2542; x_wconf 87' lang='lat' dir='ltr'><strong>est</strong></span> <span class='ocrx_word' id='word_1_117' title='bbox 1683 2500 1902 2541; x_wconf 84' lang='lat' dir='ltr'><strong>excusa</strong></span> <span class='ocrx_word' id='word_1_118' title='bbox 1936 2481 2134 2543; x_wconf 90' lang='lat' dir='ltr'><strong>Bono-</strong></span> 
     </span>
     <span class='ocr_line' id='line_1_22' title="bbox 196 2575 2134 2652; baseline 0.002 -14"><span class='ocrx_word' id='word_1_119' title='bbox 196 2578 340 2638; x_wconf 85' lang='lat' dir='ltr'><strong>niae</strong></span> <span class='ocrx_word' id='word_1_120' title='bbox 377 2595 534 2637; x_wconf 89' lang='lat' dir='ltr'><strong>anno</strong></span> <span class='ocrx_word' id='word_1_121' title='bbox 574 2579 747 2638; x_wconf 83' lang='lat'>1472</span> <span class='ocrx_word' id='word_1_122' title='bbox 802 2580 865 2637; x_wconf 91' lang='lat' dir='ltr'><strong>et</strong></span> <span class='ocrx_word' id='word_1_123' title='bbox 911 2575 1126 2637; x_wconf 86' lang='lat' dir='ltr'><strong>deinde</strong></span> <span class='ocrx_word' id='word_1_124' title='bbox 1175 2576 1413 2652; x_wconf 84' lang='lat' dir='ltr'><strong>saepius</strong></span> <span class='ocrx_word' id='word_1_125' title='bbox 1449 2578 1720 2639; x_wconf 89' lang='lat' dir='ltr'><strong>Venetiis</strong></span> <span class='ocrx_word' id='word_1_126' title='bbox 1767 2581 1831 2638; x_wconf 91' lang='lat' dir='ltr'><strong>et</strong></span> <span class='ocrx_word' id='word_1_127' title='bbox 1866 2580 2134 2643; x_wconf 87' lang='lat' dir='ltr'><strong>Parisiis.</strong></span> 
     </span>
     <span class='ocr_line' id='line_1_23' title="bbox 199 2674 2134 2753; baseline 0.001 -18"><span class='ocrx_word' id='word_1_128' title='bbox 199 2674 372 2747; x_wconf 84' lang='lat' dir='ltr'><strong>Quae</strong></span> <span class='ocrx_word' id='word_1_129' title='bbox 425 2674 847 2751; x_wconf 85' lang='lat' dir='ltr'><strong>interpretatio</strong></span> <span class='ocrx_word' id='word_1_130' title='bbox 903 2691 1268 2751; x_wconf 87' lang='lat' dir='ltr'><strong>quamquam</strong></span> <span class='ocrx_word' id='word_1_131' title='bbox 1320 2674 1606 2736; x_wconf 86' lang='lat' dir='ltr'><strong>lectiones</strong></span> <span class='ocrx_word' id='word_1_132' title='bbox 1659 2677 1878 2753; x_wconf 86' lang='lat' dir='ltr'><strong>prioris</strong></span> <span class='ocrx_word' id='word_1_133' title='bbox 1925 2678 2134 2739; x_wconf 85' lang='lat' dir='ltr'><strong>classis</strong></span> 
     </span>
     <span class='ocr_line' id='line_1_24' title="bbox 198 2770 2133 2848; baseline 0.003 -17"><span class='ocrx_word' id='word_1_134' title='bbox 198 2772 453 2833; x_wconf 72' lang='lat' dir='ltr'><strong>reddere</strong></span> <span class='ocrx_word' id='word_1_135' title='bbox 499 2773 672 2847; x_wconf 83' lang='lat' dir='ltr'><strong>solet,</strong></span> <span class='ocrx_word' id='word_1_136' title='bbox 716 2775 924 2832; x_wconf 88' lang='lat' dir='ltr'><strong>tamen</strong></span> <span class='ocrx_word' id='word_1_137' title='bbox 967 2772 1032 2832; x_wconf 91' lang='lat' dir='ltr'><strong>in</strong></span> <span class='ocrx_word' id='word_1_138' title='bbox 1076 2770 1315 2832; x_wconf 88' lang='lat' dir='ltr'><strong>duobus</strong></span> <span class='ocrx_word' id='word_1_139' title='bbox 1368 2772 1468 2832; x_wconf 86' lang='lat' dir='ltr'><strong>vel</strong></span> <span class='ocrx_word' id='word_1_140' title='bbox 1512 2774 1786 2848; x_wconf 86' lang='lat' dir='ltr'><strong>pluribus</strong></span> <span class='ocrx_word' id='word_1_141' title='bbox 1832 2775 2133 2837; x_wconf 89' lang='lat' dir='ltr'><strong>codicibus</strong></span> 
     </span>
     <span class='ocr_line' id='line_1_25' title="bbox 197 2867 2133 2950; baseline 0.001 -20"><span class='ocrx_word' id='word_1_142' title='bbox 197 2869 402 2947; x_wconf 82' lang='lat' dir='ltr'><strong>posita</strong></span> <span class='ocrx_word' id='word_1_143' title='bbox 439 2887 566 2929; x_wconf 87' lang='lat' dir='ltr'><strong>esse</strong></span> <span class='ocrx_word' id='word_1_144' title='bbox 593 2869 862 2947; x_wconf 86' lang='lat' dir='ltr'><strong>videtur;</strong></span> <span class='ocrx_word' id='word_1_145' title='bbox 899 2887 1035 2928; x_wconf 92' lang='lat' dir='ltr'><strong>cum</strong></span> <span class='ocrx_word' id='word_1_146' title='bbox 1063 2868 1224 2928; x_wconf 90' lang='lat' dir='ltr'><strong>enim</strong></span> <span class='ocrx_word' id='word_1_147' title='bbox 1252 2867 1521 2948; x_wconf 82' lang='lat' dir='ltr'><strong>Poggius</strong></span> <span class='ocrx_word' id='word_1_148' title='bbox 1556 2869 1646 2928; x_wconf 89' lang='lat' dir='ltr'><strong>IV</strong></span> <span class='ocrx_word' id='word_1_149' title='bbox 1675 2874 1778 2950; x_wconf 81' lang='lat'><strong>22,</strong></span> <span class='ocrx_word' id='word_1_150' title='bbox 1809 2874 1846 2932; x_wconf 87' lang='grc'><strong>3</strong></span> <span class='ocrx_word' id='word_1_151' title='bbox 1876 2870 2133 2932; x_wconf 82' lang='lat' dir='ltr'><strong>lectione</strong></span> 
     </span>
     <span class='ocr_line' id='line_1_26' title="bbox 200 2957 2132 3043; baseline 0.002 -17"><span class='ocrx_word' id='word_1_152' title='bbox 200 2965 501 3026; x_wconf 85' lang='lat' dir='ltr'><strong>secundae</strong></span> <span class='ocrx_word' id='word_1_153' title='bbox 527 2966 734 3027; x_wconf 81' lang='lat' dir='ltr'><strong>classis</strong></span> <span class='ocrx_word' id='word_1_154' title='bbox 772 2967 1058 3043; x_wconf 86' lang='lat' dir='ltr'><strong>deceptus</strong></span> <span class='ocrx_word' id='word_1_155' title='bbox 1094 2966 1158 3025; x_wconf 93' lang='lat' dir='ltr'><strong>in</strong></span> <span class='ocrx_word' id='word_1_156' title='bbox 1196 2985 1463 3027; x_wconf 91' lang='lat' dir='ltr'><strong>errorem</strong></span> <span class='ocrx_word' id='word_1_157' title='bbox 1489 2957 1810 3027; x_wconf 87' lang='lat' dir='ltr'><strong>ridiculum</strong></span> <span class='ocrx_word' id='word_1_158' title='bbox 1837 2969 2132 3043; x_wconf 79' lang='lat' dir='ltr'><strong>inciderit,</strong></span> 
     </span>
     <span class='ocr_line' id='line_1_27' title="bbox 199 3060 2133 3153; baseline 0.003 -29"><span class='ocrx_word' id='word_1_159' title='bbox 199 3063 436 3124; x_wconf 85' lang='lat' dir='ltr'><strong>Graeca</strong></span> <span class='ocrx_word' id='word_1_160' title='bbox 460 3062 650 3136; x_wconf 78' lang='lat' dir='ltr'><strong>verba</strong></span> <span class='ocrx_word' id='word_1_161' title='bbox 674 3061 942 3144; x_wconf 78' lang='grc' dir='ltr'><strong><em>κυνηγὸν</em></strong></span> <span class='ocrx_word' id='word_1_162' title='bbox 979 3060 1044 3123; x_wconf 79' lang='grc' dir='ltr'><strong>ἐν</strong></span> <span class='ocrx_word' id='word_1_163' title='bbox 1080 3066 1203 3136; x_wconf 81' lang='grc' dir='ltr'><strong><em>τοῖς</em></strong></span> <span class='ocrx_word' id='word_1_164' title='bbox 1238 3061 1388 3124; x_wconf 79' lang='grc' dir='ltr'><strong><em>κατὰ</em></strong></span> <span class='ocrx_word' id='word_1_165' title='bbox 1425 3061 1533 3141; x_wconf 76' lang='grc' dir='ltr'><strong>τὴν</strong></span> <span class='ocrx_word' id='word_1_166' title='bbox 1559 3062 1766 3145; x_wconf 80' lang='grc' dir='ltr'><strong><em>θήραν</em></strong></span> <span class='ocrx_word' id='word_1_167' title='bbox 1794 3060 2021 3148; x_wconf 81' lang='grc' dir='ltr'><strong><em>(χώραν</em></strong></span> <span class='ocrx_word' id='word_1_168' title='bbox 2038 3062 2133 3153; x_wconf 88' lang='lat'><strong>11)</strong></span> 
     </span>
     <span class='ocr_line' id='line_1_28' title="bbox 196 3157 2134 3240; baseline 0.003 -19"><span class='ocrx_word' id='word_1_169' title='bbox 196 3158 706 3240; x_wconf 76' lang='grc' dir='ltr'><strong><em>ἀνδραγαθήμασι</em></strong></span> <span class='ocrx_word' id='word_1_170' title='bbox 744 3157 1231 3240; x_wconf 81' lang='grc' dir='ltr'><strong><em>διωνομασμένον</em></strong></span> <span class='ocrx_word' id='word_1_171' title='bbox 1273 3162 1364 3222; x_wconf 78' lang='lat' dir='ltr'><strong>ita</strong></span> <span class='ocrx_word' id='word_1_172' title='bbox 1408 3164 1678 3223; x_wconf 82' lang='lat' dir='ltr'><strong>vertens:</strong></span> <span class='ocrx_word' id='word_1_173' title='bbox 1726 3169 1853 3224; x_wconf 80' lang='lat' dir='ltr'><strong>erat</strong></span> <span class='ocrx_word' id='word_1_174' title='bbox 1893 3172 2134 3226; x_wconf 77' lang='lat' dir='ltr'><strong>venator</strong></span> 
     </span>
     <span class='ocr_line' id='line_1_29' title="bbox 194 3257 2132 3339; baseline -0.001 -19"><span class='ocrx_word' id='word_1_175' title='bbox 194 3262 263 3320; x_wconf 74' lang='lat' dir='ltr'><strong>in</strong></span> <span class='ocrx_word' id='word_1_176' title='bbox 318 3261 604 3334; x_wconf 73' lang='lat' dir='ltr'><strong>reqione</strong></span> <span class='ocrx_word' id='word_1_177' title='bbox 656 3276 806 3334; x_wconf 77' lang='lat' dir='ltr'><strong>quae</strong></span> <span class='ocrx_word' id='word_1_178' title='bbox 858 3260 1072 3320; x_wconf 66' lang='lat' dir='ltr'><strong>dicim</strong></span> <span class='ocrx_word' id='word_1_179' title='bbox 1115 3257 1559 3339; x_wconf 72' lang='lat' dir='ltr'><strong>Andsraqathia,</strong></span> <span class='ocrx_word' id='word_1_180' title='bbox 1615 3278 1648 3320; x_wconf 89' lang='lat' dir='ltr'><strong>e</strong></span> <span class='ocrx_word' id='word_1_181' title='bbox 1704 3263 2005 3323; x_wconf 80' lang='lat' dir='ltr'><strong>contrario</strong></span> <span class='ocrx_word' id='word_1_182' title='bbox 2041 3261 2132 3321; x_wconf 88' lang='lat' dir='ltr'><strong>IV</strong></span> 
     </span>
     <span class='ocr_line' id='line_1_30' title="bbox 200 3348 2133 3438; baseline -0.002 -21"><span class='ocrx_word' id='word_1_183' title='bbox 200 3359 306 3432; x_wconf 86' lang='lat'><strong>61,</strong></span> <span class='ocrx_word' id='word_1_184' title='bbox 346 3357 391 3414; x_wconf 93' lang='lat'>4</span> <span class='ocrx_word' id='word_1_185' title='bbox 436 3356 699 3418; x_wconf 88' lang='lat' dir='ltr'><strong>codicem</strong></span> <span class='ocrx_word' id='word_1_186' title='bbox 745 3348 863 3438; x_wconf 88' lang='lat' dir='ltr'><strong>(A)</strong></span> <span class='ocrx_word' id='word_1_187' title='bbox 908 3357 1127 3434; x_wconf 86' lang='lat' dir='ltr'><strong>prioris</strong></span> <span class='ocrx_word' id='word_1_188' title='bbox 1175 3357 1386 3417; x_wconf 82' lang='lat' dir='ltr'><strong>classis</strong></span> <span class='ocrx_word' id='word_1_189' title='bbox 1434 3357 1511 3417; x_wconf 88' lang='lat' dir='ltr'><strong>ad</strong></span> <span class='ocrx_word' id='word_1_190' title='bbox 1552 3377 1800 3417; x_wconf 84' lang='lat' dir='ltr'><strong>manum</strong></span> <span class='ocrx_word' id='word_1_191' title='bbox 1844 3357 2133 3416; x_wconf 82' lang='lat' dir='ltr'><strong>habuisse</strong></span> 
     </span>
     <span class='ocr_line' id='line_1_31' title="bbox 196 3449 2132 3535; baseline -0.002 -22"><span class='ocrx_word' id='word_1_192' title='bbox 196 3453 513 3532; x_wconf 85' lang='lat' dir='ltr'><strong>putandus</strong></span> <span class='ocrx_word' id='word_1_193' title='bbox 559 3456 680 3530; x_wconf 87' lang='lat' dir='ltr'><strong>est,</strong></span> <span class='ocrx_word' id='word_1_194' title='bbox 734 3456 921 3515; x_wconf 85' lang='lat' dir='ltr'><strong>verba</strong></span> <span class='ocrx_word' id='word_1_195' title='bbox 963 3453 1239 3534; x_wconf 77' lang='grc' dir='ltr'><strong><em>καθάπερ</em></strong></span> <span class='ocrx_word' id='word_1_196' title='bbox 1286 3450 1387 3513; x_wconf 79' lang='grc' dir='ltr'><strong>καὶ</strong></span> <span class='ocrx_word' id='word_1_197' title='bbox 1430 3452 1716 3535; x_wconf 81' lang='grc' dir='ltr'><strong><em>πρότερον</em></strong></span> <span class='ocrx_word' id='word_1_198' title='bbox 1759 3454 1955 3511; x_wconf 82' lang='grc' dir='ltr'><strong><em>ποιεῖν</em></strong></span> <span class='ocrx_word' id='word_1_199' title='bbox 2001 3449 2132 3509; x_wconf 67' lang='lat' dir='ltr'><strong>eloi-</strong></span> 
     </span>
     <span class='ocr_line' id='line_1_32' title="bbox 194 3543 2134 3632; baseline -0.003 -20"><span class='ocrx_word' id='word_1_200' title='bbox 194 3556 394 3612; x_wconf 85' lang='grc' dir='ltr'><strong><em>θεσαν</em></strong></span> <span class='ocrx_word' id='word_1_201' title='bbox 441 3543 554 3631; x_wconf 83' lang='grc' dir='ltr'><strong>(εἰς</strong></span> <span class='ocrx_word' id='word_1_202' title='bbox 591 3543 825 3611; x_wconf 86' lang='grc' dir='ltr'><strong><em>Ἰωνίαν</em></strong></span> <span class='ocrx_word' id='word_1_203' title='bbox 870 3545 955 3632; x_wconf 93' lang='lat' dir='ltr'><strong>A)</strong></span> <span class='ocrx_word' id='word_1_204' title='bbox 1003 3553 1089 3612; x_wconf 87' lang='lat' dir='ltr'><strong>sic</strong></span> <span class='ocrx_word' id='word_1_205' title='bbox 1133 3553 1598 3627; x_wconf 82' lang='lat' dir='ltr'><strong>interpretatus:</strong></span> <span class='ocrx_word' id='word_1_206' title='bbox 1652 3546 2134 3623; x_wconf 76' lang='lat' dir='ltr'><strong>quemadmodum</strong></span> 
     </span>
     <span class='ocr_line' id='line_1_33' title="bbox 201 3640 2136 3725; baseline -0.006 -15"><span class='ocrx_word' id='word_1_207' title='bbox 201 3654 255 3710; x_wconf 75' lang='lat' dir='ltr'><strong>et</strong></span> <span class='ocrx_word' id='word_1_208' title='bbox 321 3652 497 3708; x_wconf 79' lang='lat' dir='ltr'><strong>antea</strong></span> <span class='ocrx_word' id='word_1_209' title='bbox 558 3650 634 3708; x_wconf 78' lang='lat' dir='ltr'><strong>in</strong></span> <span class='ocrx_word' id='word_1_210' title='bbox 698 3649 982 3711; x_wconf 74' lang='lat' dir='ltr'><strong>Ioniam</strong></span> <span class='ocrx_word' id='word_1_211' title='bbox 1035 3646 1318 3725; x_wconf 57' lang='lat' dir='ltr'><strong>‘fecerunta</strong></span> <span class='ocrx_word' id='word_1_212' title='bbox 1371 3678 1446 3689; x_wconf 91' lang='lat'><em>-</em></span> <span class='ocrx_word' id='word_1_213' title='bbox 1510 3645 1793 3705; x_wconf 83' lang='lat' dir='ltr'><strong>Ceterum</strong></span> <span class='ocrx_word' id='word_1_214' title='bbox 1855 3640 2136 3710; x_wconf 79' lang='lat' dir='ltr'><strong>quoniam</strong></span> 
     </span>
    </p>
   </div>
  </div>
 </body>
</html>
