2569 4061
416 264 554 331 490
1096 261 1407 318 DIODORI
1443 258 1677 316 SICULI

419 439 556 495 τῶν
592 426 928 512 ἐγχωρίων
963 432 1236 512 τριμερῆ
1274 432 1546 509 ποιῆσαι
1582 423 1707 507 τὴν
1733 420 1985 504 Ῥόδον,
2022 419 2132 487 καὶ
2177 434 2406 507 τρεῖς

419 534 494 601 ἐν
538 533 706 619 αὐτῇ
751 541 1157 616 καταστῆσαι
1202 535 1445 616 πόλεις,
1489 531 1780 613 Λίνδον,
1823 523 2145 613 Ἰήλυσον,
2198 530 2378 594 Κά-
2402 538 2508 588 303

418 660 680 725 μειρον·
746 642 1137 723 βασιλεῦσαι
1194 632 1255 702 δ’
1301 637 1507 702 αὐτὸν
1569 637 1838 702 πάντων
1890 646 2024 701 τῶν
2069 631 2395 703 Ῥοδίων

420 746 532 812 διὰ
595 746 718 830 τὴν
776 754 901 812 τοῦ
954 745 1206 831 πατρὸς
1249 740 1659 830 (Ηρακλέους
1714 741 1950 826 δόξαν,
2013 739 2123 807 καὶ
2183 746 2389 810 κατὰ

418 855 576 931 τοὺς
638 852 922 939 ὕστερον
983 855 1270 938 χρόνους
1334 843 1471 934 μετ’
1508 846 1997 933 Ἀγαμέμνονος
2050 846 2157 914 ἐπὶ
2224 850 2378 933 τὴν
2412 874 2440 914 5

428 962 676 1046 Τροίαν
722 967 1135 1046 στρατεῦσαι.

311 1067 399 1135 59
595 1065 772 1133 Ἐπεὶ
828 1062 903 1132 δὲ
965 1063 1116 1152 περὶ
1152 1061 1560 1151 “Ηρακλεόυς
1622 1061 1732 1128 καὶ
1785 1073 1920 1128 τῶν
1985 1061 2366 1145 ἀπογόνων

420 1173 628 1240 αὐτοῦ
667 1174 1058 1256 διήλθομεν,
1098 1172 1348 1236 οἰκεῖον
1385 1169 1470 1236 ἂν
1508 1175 1608 1254 εἴη
1645 1167 1796 1255 περὶ
1826 1167 2094 1255 Θησέως
2130 1170 2363 1236 εἰπεῖν

421 1281 533 1344 διὰ
585 1279 659 1343 τὸ
713 1285 957 1343 τοῦτον
1022 1277 1317 1361 ζηλωτὴν
1371 1275 1689 1360 γενέσθαι
1752 1286 1886 1341 τῶν
1935 1273 2361 1362 Ἡρακλέους

418 1385 669 1450 ἄθλων.
765 1386 1024 1468 Θησεὺς
1075 1386 1315 1450 τοίνυν
1360 1384 1652 1468 γεγονὼς
1695 1387 1964 1468 Αἴθρας
2015 1391 2133 1465 τῆς
2181 1387 2355 1447 Πιτ-
2388 1406 2440 1445 ιο

417 1488 595 1568 θέως
648 1488 763 1556 καὶ
818 1492 1278 1574 Ποσειδῶνος,
1333 1487 1609 1575 τραφεὶς
1663 1488 1738 1555 έν
1802 1492 2111 1575 Τροιζῆνι
2162 1492 2351 1575 παρὰ

419 1602 671 1664 Πιτθεῖ
727 1607 820 1688 τῷ
895 1598 1382 1684 μητροπάτορι,
1455 1596 1564 1661 καὶ
1627 1598 1709 1662 τὰ
1782 1596 2347 1681 μυθολογούμενα

419 1705 722 1790 σύμβολα
760 1703 1176 1791 ἀνῃρημένος
1209 1705 1292 1769 τὰ
1327 1704 1458 1770 ὑπὸ
1499 1702 1755 1786 Αἰγέως
1790 1702 1921 1768 ὑπό
1957 1726 2089 1768 τινι
2136 1702 2346 1791 πέτρᾳ

417 1809 792 1897 τεθειμένα,
837 1814 1244 1896 κατήντησεν
1291 1812 1387 1887 εἰς
1430 1811 1547 1886 τὰς
1578 1803 1882 1893 Ἀθήνας.
1949 1809 2210 1888 διεξιὼν
2249 1804 2341 1893 δ’,

419 1918 509 1995 ὥς
554 1934 753 2004 φασι,
798 1918 922 2002 τὴν
967 1917 1544 2003 παραθαλάττιον,
1590 1913 1699 1981 καὶ
1748 1918 2033 2001 ζηλωτὴς
2078 1915 2171 1979 ὢν
2212 1923 2333 1998 τῆς
2368 1936 2422 1977 15

409 2021 816 2112 Ἡρακλέους
870 2024 1134 2112 ἀρετῆς,
1181 2022 1534 2108 ἐπεβάλετο
1588 2027 1805 2090 τελεῖν
1850 2025 2102 2101 ἄθλους
2153 2043 2338 2108 περι-

344 2157 380 2207 2
420 2130 690 2217 έχοντας
745 2132 1084 2218 ἀποδοχήν
1127 2155 1198 2198 τε
1252 2129 1365 2198 καὶ
1412 2130 1631 2210 δόξαν.
1723 2141 1991 2217 πρῶτον
2046 2127 2167 2216 μὲν
2212 2124 2336 2196 οὖν

419 2237 636 2304 ἀνεῖλε
682 2241 802 2306 τὸν
853 2239 1344 2326 ὀνομαζόμενον
1389 2240 1823 2325 Κορυνήτην,
1868 2238 2211 2324 χρώμενον
2256 2245 2333 2323 τῇ

418 2345 1046 2433 προσαγορευομένῃ
1101 2347 1391 2433 κορύνῃ,
1438 2346 1599 2432 ὅπερ
1649 2340 1736 2428 ἦν
1782 2345 1992 2411 ὅπλον
2051 2344 2333 2430 ἀμυντή-

419 2476 601 2539 ριον,
660 2452 771 2520 καὶ
823 2457 982 2531 τοὺς
1035 2455 1397 2541 παριόντας
1451 2451 1956 2535 ἀποκτείνοντα,
2024 2452 2334 2537 δεύτερον
2361 2469 2411 2510 ²⁰

344 2585 380 2635 3
420 2555 493 2625 δὲ
546 2561 667 2625 τὸν
722 2559 796 2625 ἐν
843 2558 1091 2648 Ἰσθμῷ
1147 2568 1584 2625 κατοικοῦντα
1638 2560 1860 2624 Σίνιν.
1960 2552 2158 2635 οὗτος
2209 2559 2331 2644 γὰρ

418 2664 543 2729 δύο
606 2667 801 2742 πίτυς
857 2665 1204 2749 κάμπτων,
1269 2665 1381 2730 καὶ
1435 2667 1602 2752 πρὸς
1660 2662 1975 2751 ἑκατέραν
2038 2666 2158 2730 τὸν
2219 2663 2330 2730 ἕνα

417 2772 741 2856 βραχίονα
810 2770 1367 2857 προσδεσμεύων,
1433 2774 1627 2857 ἄφνω
1691 2773 1809 2849 τὰς
1870 2774 2064 2848 πίτυς
2125 2772 2328 2857 ἠφίει·

419 2878 650 2964 διόπερ
705 2888 841 2944 τῶν
897 2878 1221 2962 σωμάτων
1279 2879 1393 2944 διὰ
1448 2879 1572 2963 τὴν
1625 2882 1783 2962 βίαν
1838 2876 2326 2963 ἀποσπωμένων

419 2983 768 3071 συνέβαινε
814 2986 973 3062 τοὺς
1027 2984 1437 3070 ἀτυχοῦντας
1480 2986 1641 3069 μετὰ
1689 2986 1980 3071 μεγάλης
2022 2987 2326 3071 τιμωρίας
2353 3002 2403 3043 2⁵

283 3103 289 3109 ’
346 3118 382 3167 4
417 3098 748 3161 τελευτᾶν.
811 3095 1040 3180 τρίτον
1078 3089 1153 3158 δὲ
1188 3093 1314 3176 τὴν
1352 3091 1426 3159 ἐν
1458 3095 1869 3179 Κρομμυῶνι
1905 3091 2325 3176 ὑπάρχουσαν

416 3193 504 3265 ὗν
560 3200 830 3287 ἀγρίαν,
889 3198 1346 3285 διαφέρουσαν
1403 3198 1568 3284 ἀλκῇ
1622 3221 1693 3264 τε
1739 3196 1849 3264 καὶ
1905 3196 2173 3283 μεγέθει
2223 3196 2324 3263 καὶ

592 3397 624 3445 2
677 3390 909 3459 ηϊλυσόν
945 3389 994 3443 D
1175 3389 1417 3461 κάμιρον
1470 3390 1692 3447 codices
1856 3397 1890 3447 3
1931 3385 2241 3464 βασιλεύειν
2275 3388 2319 3443 D

417 3464 482 3513 13
534 3461 671 3532 τινι]
716 3462 784 3531 τῇ
821 3462 870 3514 D
989 3467 1057 3515 21
1107 3464 1291 3517 σίννιν
1336 3460 1455 3517 DF
1566 3467 1634 3516 23
1682 3458 1845 3524 ἀφίει
1882 3461 1932 3515 D
2042 3466 2109 3515 25
2148 3464 2321 3515 ταλαι·

412 3530 631 3595 πωρίας
668 3530 883 3585 conicio
992 3537 1059 3586 27
1098 3525 1171 3587 ὗν
1207 3529 1576 3600 ὑπάρχουσαν
1615 3529 1822 3600 ἀγρίαν
1859 3532 1958 3587 καὶ
1994 3534 2156 3600 διαφ.
2194 3529 2254 3587 D.
