2569 4061
0 85 2569 131 ἡ

379 502 453 571 δὲ
517 502 967 589 γεγενημένην
1030 503 1185 590 περὶ
1248 505 1455 571 αὐτὸν
1527 503 1770 589 ἀρετὴν
1834 503 1958 569 οὐκ
2021 502 2097 569 ἐν
2158 515 2314 581 ταῖς

377 609 649 696 πράξεσι
722 615 1163 696 θεωρηθῆναι
1234 614 1478 696 μόνον,
1564 609 1731 676 ἀλλά
1802 607 1915 674 καὶ
1984 610 2115 695 πρὸ
2188 618 2310 693 τῆς

375 713 696 799 γενέσεως
759 718 1228 799 γινώσκεσθαι.
1328 719 1448 782 τὸν
1512 717 1640 802 γάρ
1695 719 1832 781 Δία
1896 718 2309 800 μισγόμενον

370 819 700 909 Ἀλκμήνῃ
761 826 1158 909 τριπλασίαν
1214 825 1339 907 τὴν
1397 824 1607 889 νύκτα
1668 832 1972 907 ποιῆσαι,
2036 821 2150 888 καὶ
2213 832 2307 910 τῷ
2567 860 2569 895 ι

374 934 622 1015 πλήθει
694 941 816 996 τοῦ
886 933 1055 1017 πρὸς
1124 932 1249 1014 τὴν
1321 931 1754 995 παιδοποιίαν
1836 928 2308 1005 ἀναλωθέντος
2336 946 2367 986 5
2565 934 2569 1053 ἢ

2565 1184 2569 1285 ἔ

2561 209 2569 277 i

375 341 508 406 408
1071 341 1379 398 DloDoRI
1414 341 1646 399 s1an1
2553 304 2569 539 ἢ

375 1040 628 1123 χρόνου
672 1045 1100 1123 προσημῆναι
1145 1038 1268 1121 τὴν
1314 1036 1697 1123 ὑπερβολὴν
1742 1045 1857 1119 τῆς
1901 1043 2023 1100 τοῦ
2068 1058 2307 1119 γεννη-

305 1166 337 1213 3
376 1142 765 1228 θησομένου
814 1143 1055 1229 ῥώμης.
1129 1146 1433 1209 καθόλου
1470 1140 1544 1208 δὲ
1579 1143 1704 1225 τὴν
1742 1142 2009 1226 ὁμιλίαν
2054 1142 2306 1225 ταύτην

376 1244 499 1315 οὐκ
546 1250 859 1335 ἐρωτικῆς
896 1250 1255 1333 ἐπιθυμίας
1293 1247 1487 1314 ἕνεκα
1522 1252 1960 1332 ποιήσασθαι,
1997 1249 2306 1332 καθάπερ

374 1353 480 1425 ἐπὶ
517 1366 652 1419 τῶν
688 1356 911 1419 ἄλλων
946 1364 1311 1439 γυναικῶν,
1360 1355 1527 1421 ἀλλά
1562 1357 1638 1420 τὸ
1675 1353 1884 1421 πλέον
1919 1362 2036 1439 τῆς
2070 1355 2306 1418 παιδο-

371 1462 592 1536 ποιίας
645 1460 857 1546 χάριν.
952 1461 1058 1525 διὸ
1117 1459 1230 1526 καὶ
1284 1464 1702 1547 βουλόμενον
1760 1463 1884 1545 τὴν
1940 1461 2306 1543 ἐπιπλοκὴν
2337 1477 2393 1516 10

370 1569 661 1650 νόμιμον
697 1569 1113 1652 ποιήσασθαι
1149 1568 1521 1651 βιάσασθαι
1558 1566 1680 1653 μὲν
1720 1569 1808 1652 μὴ
1856 1571 2302 1650 βουληθῆναι,

369 1682 593 1738 πεῖσαι
649 1670 710 1740 δ’
766 1673 1076 1759 οὐδαμῶς
1130 1672 1416 1752 ἐλπίζειν
1473 1675 1585 1739 διὰ
1637 1674 1761 1757 τὴν
1819 1672 2304 1758 σωφροσύνην·

370 1782 494 1864 τὴν
561 1779 819 1864 ἀπάτην
885 1775 1011 1846 οὗν
1075 1783 1529 1867 προκρίναντα
1594 1781 1705 1845 διὰ
1776 1780 2019 1862 ταύτης
2091 1799 2304 1863 παρα-

371 1886 795 1970 κρούσασθαι
839 1887 963 1970 τὴν
1004 1884 1400 1970 Ἀλκμήνην,
1438 1882 1896 1970 Ἀμφιτρύωνι
1942 1885 2108 1950 κατὰ
2150 1893 2287 1948 πᾶν
2309 1904 2421 1954 255

299 2013 335 2062 4
374 1992 812 2079 ὁμοιωθέντα.
888 1994 1281 2070 διελθόντος
1328 1990 1403 2058 δὲ
1438 2001 1560 2058 τοῦ
1597 1993 1764 2058 κατὰ
1804 1991 2017 2078 φύσιν
2052 1992 2305 2077 χρόνου
2338 2008 2395 2050 15

369 2110 514 2177 ταῖς
574 2099 864 2183 ἐγκύοις,
932 2100 1051 2164 τὸν
1110 2096 1233 2184 μὲν
1290 2102 1429 2164 Δία
1491 2100 1658 2185 πρὸς
1720 2099 1846 2182 τὴν
1900 2096 2308 2185 Ἡρακλέους

369 2205 634 2288 γένεσιν
693 2203 1049 2292 ἐνεχθέντα
1101 2214 1181 2292 τῇ
1241 2207 1509 2293 διανοίᾳ
1562 2215 1907 2291 προειπεῖν
1951 2207 2308 2291 παρόντων

371 2311 684 2379 ἁπάντων
719 2325 856 2380 τῶν
892 2319 1077 2378 θεῶν
1116 2313 1218 2377 ὅτι
1256 2314 1377 2378 τὸν
1413 2309 1554 2378 κατ’
1591 2311 1854 2395 ἐκείνην
1889 2312 2013 2395 τὴν
2050 2308 2309 2396 ἡμέραν

375 2421 767 2504 Περσειδῶν
831 2420 1255 2504 γεννώμενον
1319 2422 1582 2503 ποιήσει
1654 2416 1966 2502 βασιλέα,
2047 2419 2171 2502 τὴν
2238 2411 2300 2483 δ’

352 2519 576 2608 “Ηραν
635 2528 1135 2608 ζηλοτυποῦσαν
1190 2523 1303 2589 καὶ
1365 2526 1695 2609 συνεργὸν
1751 2527 2039 2608 ἔχουσαν
2084 2527 2306 2590 Εἰλεί-
2339 2544 2397 2582 20

369 2636 582 2694 θυιαν
626 2630 751 2712 τὴν
796 2629 1167 2715 θυγατέρα,
1205 2639 1322 2713 τῆς
1367 2626 1491 2714 μὲν
1530 2624 1895 2714 Ἀλκμήνης
1929 2651 2310 2716 παρακατα-

370 2745 556 2819 σχεῖν
601 2735 719 2811 τὰς
766 2735 1034 2817 ὠδῖνας,
1080 2736 1199 2799 τὸν
1238 2732 1303 2800 δ’
1340 2735 1708 2822 Εὐρυσθέα
1750 2737 1880 2823 πρὸ
1925 2744 2048 2801 τοῦ
2093 2740 2306 2821 καθή-

298 2864 330 2913 5
371 2863 604 2918 κοντος
659 2842 910 2925 χρόνου
964 2842 1130 2926 πρὸς
1175 2843 1250 2906 τὸ
1298 2853 1444 2926 φῶς
1490 2842 1783 2925 ἀγαγεῖν.
1876 2844 1994 2909 τὸν
2042 2841 2117 2909 δὲ
2165 2846 2305 2909 Δία

365 2945 1078 3032 καταστρατηγηθέντα
1137 2951 1562 3033 βουληθῆναι
1622 2952 1745 3033 τήν
1802 2973 1873 3015 τε
1936 2950 2307 3035 ὑπόσχεσιν

366 3057 730 3139 βεβαιῶσαι
766 3052 880 3121 καὶ
917 3064 1032 3138 τῆς
1059 3052 1469 3141 Ἡρακλέους
1496 3054 1885 3140 ἐπιφανείας
1911 3063 2299 3142 προνοηθῆ-
2334 3073 2393 3114 25

363 3183 503 3226 ναι·
562 3163 669 3227 διό
730 3178 939 3247 φασιν
995 3162 1202 3227 αὐτὸν
1256 3163 1383 3245 τὴν
1436 3159 1560 3246 μὲν
1605 3160 1825 3247 ’Ἠραν
1870 3174 2096 3228 πεῖσαι
2140 3152 2303 3247 συγ,-

362 3275 662 3351 χωρῆσαι
707 3267 984 3351 βασιλέα
1028 3264 1152 3352 μὲν
1197 3268 1486 3353 ὑπάρξαι
1531 3270 1697 3333 κατὰ
1742 3269 1866 3352 τὴν
1915 3270 2096 3335 ἰδίαν
2140 3269 2304 3335 ὑπό-

365 3387 594 3450 σχεσιν
633 3371 1022 3456 Εὐρυσθέα,
1068 3357 1187 3437 τὸν
1236 3374 1277 3437 δ
1284 3371 1302 3397 ’
1347 3370 1678 3458 Ἡρακλέα
1724 3373 2131 3458 τεταγμένον
2168 3375 2300 3439 ὑπὸ

508 3529 572 3573 12
611 3527 830 3579 πείσειν
867 3525 1124 3580 Herblein
1276 3532 1344 3582 18
1393 3522 1666 3581 ἁπάντων
1705 3525 1813 3584 om.
1856 3528 1898 3583 C
2053 3537 2119 3585 19
2170 3549 2303 3600 περ·

361 3588 536 3637 σιδῶν
576 3592 622 3640 D
751 3592 1066 3662 γενόμενον
1104 3595 1197 3649 OD
1346 3604 1414 3650 20
1453 3593 1761 3665 εἰλήθυιαν
1802 3597 1870 3655 D.
