2569 4061
406 229 492 294 70
1080 226 1389 284 DIODORI
1427 226 1664 283 SICULI

404 387 466 457 δ’
518 391 593 457 ἐν
644 388 912 475 Μέμφει
957 387 1132 469 τινὲς
1179 392 1578 474 φιλοσόφων
1632 388 2063 476 ἐπεχείρησαν
2109 391 2330 456 αἰτίαν
2369 412 2439 462 49

402 495 636 582 φέρειν
693 505 809 582 τῆς
861 497 1264 584 πληρώσεως
1319 494 1782 579 ἀνεξέλεγκτον
1836 501 2090 581 μᾶλλον
2135 495 2176 580 ἢ
2223 518 2331 563 πιν-

330 625 363 674 2
402 606 657 687 θανήν,
722 594 766 690 ᾗ
829 601 1066 670 πολλοὶ
1134 600 1778 685 συγκατατέθεινται.
1870 603 2331 688 διαιρούμενοι

401 710 529 795 γὰρ
577 711 701 793 τὴν
745 717 875 793 γῆν
917 711 1013 788 εἰς
1058 711 1208 794 τρία
1254 707 1422 793 μέρη
1470 707 1682 793 φασὶν
1727 707 2050 793 ὑπάρχειν
2085 709 2161 774 ἓν
2207 706 2330 794 μὲν

400 818 475 882 τὸ
540 818 706 882 κατὰ
767 816 891 900 τὴν
948 812 1273 900 ἡμετέραν
1339 813 1768 900 οἰκουμένην,
1832 813 2062 900 ἕτερον
2122 813 2197 882 δὲ
2254 818 2329 883 τὸ
2358 851 2385 892 5

400 923 662 1000 τούτοις
703 932 844 1001 τοῖς
889 924 1117 998 τόποις
1155 921 1646 999 ἀντιπεπονθὸς
1681 931 1826 999 ταῖς
1870 923 2095 1008 ὥραις,
2141 925 2217 989 τὸ
2256 920 2330 989 δὲ

399 1033 626 1116 τρίτον
660 1027 902 1113 μεταξὺ
939 1025 1062 1113 μὲν
1098 1034 1366 1094 κεῖσθαι
1410 1029 1689 1113 τούτων,
1733 1029 2059 1115 ὑπάρχειν
2106 1026 2181 1096 δὲ
2219 1031 2331 1095 διὰ

329 1158 362 1205 3
401 1145 621 1220 καῦμα
688 1135 1017 1220 ἀοίκητον.
1112 1136 1175 1200 εἰ
1234 1132 1359 1220 μὲν
1422 1130 1548 1201 οὖν
1607 1136 1645 1202 ὁ
1711 1138 1958 1215 Νεῖλος
2021 1135 2327 1221 ἀνέβαινε

402 1243 567 1306 κατὰ
613 1243 731 1307 τὸν
776 1250 897 1307 τοῦ
942 1252 1267 1327 χειμῶνος
1311 1243 1576 1326 καιρόν,
1635 1244 1846 1326 δῆλον
1906 1253 1978 1313 ἂν
2030 1243 2327 1330 ὑπῆρχεν

398 1349 488 1425 ὡς
534 1347 606 1414 ἐκ
642 1356 758 1432 τῆς
793 1346 951 1414 καθ’
995 1348 1167 1433 ἡμᾶς
1207 1350 1414 1433 ζώνης
1456 1349 1778 1434 λαμβάνει
1814 1350 1938 1433 τὴν
1975 1348 2326 1435 ἐπίρρυσιν
2355 1385 2409 1424 10

400 1457 513 1521 διὰ
557 1457 631 1522 τὸ
670 1454 824 1542 περὶ
859 1455 1137 1534 τούτους
1174 1458 1332 1533 τοὺς
1374 1459 1649 1542 καιροὺς
1694 1457 1975 1542 μάλιστα
2015 1458 2326 1539 γίνεσθαι

396 1557 552 1647 παρ’
604 1562 764 1647 ἡμῖν
809 1564 923 1641 τὰς
968 1562 1362 1647 ἐπομβρίας·
1422 1561 1564 1628 ἐπεὶ
1611 1559 1686 1628 δὲ
1731 1563 2130 1629 τούναντίον
2174 1560 2326 1649 περὶ

395 1669 470 1734 τὸ
508 1665 712 1753 θέρος
747 1672 1136 1753 πληροῦται,
1184 1667 1482 1732 πιθανὸν
1521 1662 1696 1732 εἶναι
1743 1668 1906 1732 κατὰ
1942 1671 2100 1746 τοὺς
2145 1668 2325 1734 ἀντι-

394 1773 741 1859 κειμένους
811 1776 1056 1851 τόπους
1134 1777 1507 1857 γεννᾶσθαι
1568 1776 1726 1849 τοὺς
1793 1783 2146 1857 χειμῶνας,
2212 1773 2325 1839 καὶ

393 1882 469 1946 τὸ
514 1879 878 1958 πλεονάζον
923 1889 1060 1944 τῶν
1104 1874 1247 1944 κατ’
1303 1876 1599 1955 ἐκείνους
1651 1880 1810 1955 τοὺς
1861 1881 2107 1957 τόπους
2160 1879 2323 1946 ὑδά-
2352 1915 2403 1956 15

321 2007 357 2056 4
394 2008 531 2052 των
576 1986 672 2062 εἰς
715 1985 839 2069 τὴν
883 1982 1039 2050 καθ’
1093 1983 1265 2070 ἡμᾶς
1312 1982 1714 2070 οἰκουμένην
1774 1982 2121 2073 φέρεσθαι.
2215 1988 2321 2054 διὸ

392 2091 502 2159 καὶ
546 2094 712 2176 πρὸς
756 2095 872 2171 τὰς
925 2093 1139 2177 πηγὰς
1194 2101 1318 2158 τοῦ
1364 2094 1620 2158 Νείλου
1674 2090 1928 2178 μηδένα
1984 2093 2322 2160 δύνασθαι

392 2205 788 2285 παρελθεῖν,
847 2200 935 2277 ὡς
989 2197 1074 2264 ἂν
1129 2199 1202 2265 ἐκ
1255 2208 1372 2284 τῆς
1427 2198 1730 2277 ἐναντίας
1786 2199 1995 2285 ζώνης
2050 2201 2162 2266 διὰ
2207 2209 2323 2286 τῆς

392 2305 708 2389 ἀοικήτου
773 2305 1153 2390 φερομένου
1215 2315 1341 2371 τοῦ
1404 2315 1722 2390 ποταμοῦ.
1819 2318 2182 2392 μαρτυρεῖν
2247 2304 2322 2373 δὲ

390 2412 654 2486 τούτοις
688 2408 799 2476 καὶ
835 2412 959 2494 τὴν
994 2409 1378 2496 ὑπερβολὴν
1404 2420 1519 2495 τῆς
1554 2413 1962 2496 γλυκύτητος
1997 2422 2119 2479 τοῦ
2155 2417 2321 2480 κατὰ
2348 2450 2402 2490 20

390 2518 509 2581 τὸν
564 2520 818 2582 Νεῖλον
878 2516 1147 2593 ὕδατος·
1217 2517 1328 2581 διὰ
1391 2518 1520 2603 γὰρ
1575 2526 1690 2601 τῆς
1748 2518 2320 2605 κατακεκαυμένης

391 2622 595 2688 αὐτὸν
642 2619 882 2709 ῥέοντα
926 2620 1380 2706 καθέψεσθαι,
1435 2622 1546 2689 καὶ
1593 2624 1705 2689 διὰ
1750 2633 1948 2691 τοῦτο
1995 2628 2320 2709 γλυκύτα-

388 2752 509 2795 τον
573 2724 746 2795 εἶναι
809 2729 1080 2795 πάντων
1142 2740 1279 2795 τῶν
1343 2742 1688 2816 ποταμῶν,
1752 2733 1863 2798 ἅτε
1929 2735 2132 2818 φύσει
2199 2745 2321 2801 τοῦ

318 2857 353 2906 5
391 2838 746 2922 πυρώδους
782 2846 916 2903 πᾶν
951 2838 1026 2902 τὸ
1065 2836 1276 2922 ὑγρὸν
1307 2836 1931 2921 ἀπογλυκαίνοντος.
2015 2836 2212 2920 οὗτος
2250 2841 2310 2907 δ’

393 2943 430 3010 ὁ
477 2947 674 3027 λόγος
719 2947 850 3030 ἔχει
887 2942 1009 3028 μέν
1046 2966 1198 3010 τινα
1245 2947 1576 3031 [φανερὰν
1620 2945 1758 3029 καὶ]
1800 2951 2157 3034 πρόχειρον
2205 2948 2320 3013 ἀν-
2348 2982 2400 3023 25

389 3055 718 3138 τίρρησιν,
766 3051 869 3117 ὅτι
904 3055 1242 3130 παντελῶς
1290 3051 1625 3118 ἀδύνατον
1671 3048 1844 3119 εἶναι
1892 3056 2080 3119 δοκεῖ
2118 3075 2318 3119 ποτα-

392 3158 520 3244 μὸν
567 3158 639 3225 ἐκ
681 3166 799 3243 τῆς
844 3157 1299 3244 ἀντικειμένης
1345 3156 1740 3244 οἰκουμένης
1785 3160 1880 3238 εἰς
1923 3159 2047 3243 τὴν
2091 3158 2318 3244 ἡμετέ-

392 3287 520 3349 ραν
558 3262 1039 3352 ἀναφέρεσθαι,
1075 3262 1187 3330 καὶ
1223 3262 1484 3349 μάλιστ’
1524 3270 1594 3330 εἰ
1619 3289 1720 3342 τις
1753 3265 2081 3332 ὑπόθοιτο
2120 3283 2317 3353 σφαι-

443 3481 456 3499 3
535 3424 567 3472 9
604 3413 678 3474 ἄν
718 3421 846 3476 add.
884 3420 1144 3478 Hertlein
1308 3427 1376 3477 18
1415 3425 1756 3493 προσελθεῖν
1794 3419 1880 3477 CF
2026 3430 2094 3480 25
2134 3443 2315 3494 φανε-

387 3504 503 3551 ραν
539 3489 636 3541 καὶ
673 3507 781 3545 om.
822 3493 887 3547 D.
