2569 4061
0 3575 5 3672 κ

1039 307 1115 361 lv
1153 315 1238 364 27.
1279 312 1368 363 28.
2048 307 2205 374 439.

260 472 691 558 κατάρχοντα·
718 471 928 555 μάχης
973 470 1377 553 ἀποκτεῖναι,
1426 472 1501 535 τὸ
1549 465 1608 535 δ’
1652 470 1938 537 ὕστατον
1987 471 2184 536 ἐπάν-

264 582 492 642 ελθεῖν
546 577 750 641 πάλιν
794 575 912 642 ’ἐπὶ
965 577 1085 642 τὸν
1140 570 1375 641 ἆθλον.
1467 578 1626 653 τοὺς
1682 574 1755 642 δὲ
1812 580 2053 662 λῃστὰς
2111 578 2184 643 ἐν
2220 606 2257 654 4

264 687 447 771 κήπῳ
510 681 645 749 τινὶ
708 684 1066 762 παιζούσας
1128 685 1243 759 τὰς
1306 685 1509 768 κόρας
1565 684 2016 768 συναρπάσαι,
2074 683 2183 750 καὶ

263 778 426 875 ταχὺ
473 792 811 875 φυγόντας
865 791 959 866 εἰς
1004 791 1121 866 τὰς
1165 797 1333 866 ναῦς
1379 788 1717 853 ἀποπλεῖν.
1810 790 2069 866 τούτοις
2116 786 2177 855 δ’

150 896 157 901 ’
205 914 234 955 5
265 895 377 961 ἐπί
433 920 614 973 τινος
669 895 866 979 ἀκτῆς
928 893 1588 980 δειπνοποιουμένοις
1650 895 2002 961 ἐπιστάντα
2064 898 2185 960 τὸν

272 1001 614 1087 Ηρακλέα,
678 1001 786 1067 καὶ
850 1002 1030 1088 παρὰ
1090 1012 1227 1066 τῶν
1298 1000 1662 1088 παρθένων
1732 1005 2037 1086 μαθόντα
2109 1003 2184 1067 τὸ

260 1111 706 1194 συμβεβηκός,
752 1111 910 1184 τοὺς
965 1103 1088 1191 μὲν
1142 1109 1388 1194 λῃστὰς
1441 1110 1734 1186 ἅπαντας
1780 1109 2184 1190 ἀποκτεῖναι,

260 1217 375 1292 τὰς
413 1212 487 1280 δὲ
523 1217 727 1299 κόρας
764 1213 1162 1297 ἀποκομίσαι
1199 1217 1366 1300 πρὸς
1385 1214 1713 1281 ’Ἄτλαντα
1753 1216 1872 1281 τὸν
1908 1214 2183 1300 πατέρα’

261 1319 417 1386 ἀνθ’
482 1315 578 1385 ὧν
631 1321 750 1384 τὸν
786 1318 1113 1384 ’Ἀτλαντα
1167 1321 1364 1403 χάριν
1416 1329 1532 1405 τῆς
1589 1321 1967 1407 εὐεργεσίας
2023 1322 2184 1387 ἀπο-

179 1445 233 1484 10
262 1429 539 1492 διδόντα
585 1426 671 1510 μὴ
722 1428 932 1511 μόνον
969 1426 1209 1491 δοῦναι
1244 1427 1327 1490 τὰ
1362 1427 1528 1512 πρὸς
1563 1429 1682 1492 τὸν
1719 1422 1937 1494 ἆθλον
1972 1432 2183 1513 καθή-

148 1553 255 1602 273
278 1556 482 1598 κοντα
518 1532 905 1617 προθύμως,
944 1531 1109 1596 ἀλλὰ
1145 1529 1256 1596 καὶ
1284 1533 1365 1595 τὰ
1391 1534 1555 1596 κατὰ
1580 1533 1703 1615 τὴν
1741 1531 2184 1617 ἀστρολογίαν

262 1638 585 1722 ἀφθόνως
630 1637 908 1716 διδάξαι.
982 1640 1446 1723 περιττότερον
1491 1639 1619 1722 γὰρ
1658 1638 1863 1703 αὐτὸν
1897 1641 1981 1703 τὰ
2016 1642 2181 1705 κατὰ
2219 1664 2251 1714 5

255 1744 381 1827 τὴν
428 1744 868 1829 ἀστρολογίαν
912 1743 1403 1828 ἐκπεπονηκότα
1439 1742 1550 1809 καὶ
1586 1744 1710 1827 τὴν
1744 1755 1880 1809 τῶν
1916 1746 2181 1831 ἄστρων

258 1861 556 1935 σφαῖραν
594 1848 998 1933 φιλοτέχνως
1036 1850 1320 1935 εὑρόντα
1357 1852 1531 1933 ἔχειν
1565 1849 1904 1933 ὑπόληψιν
1943 1850 2031 1927 ὡς
2063 1852 2182 1916 τὸν

175 1972 229 2013 15
256 1959 510 2042 κόσμον
566 1956 727 2021 ὅλον
781 1954 888 2021 ἐπὶ
944 1968 1078 2022 τῶν
1132 1957 1333 2042 ὤμων
1390 1964 1749 2042 φοροῦντα.
1840 1962 2182 2043 παραπλη-

258 2044 418 2140 σῗως
464 2060 539 2128 δὶ-
583 2061 695 2129 noel
732 2072 862 2146 ,τοῦ
900 2061 1309 2149 Ἡρακλέους
1364 2061 1823 2146 ἐξενέγκαντος
1877 2066 1970 2140 εἰς
2023 2068 2183 2141 τοὺς

240 2168 565 2255 ’Έλληνας
592 2171 712 2234 τὸν
749 2171 1109 2255 σφαιρικὸν
1138 2171 1363 2253 λόγον,
1394 2167 1591 2254 δόξης
1619 2170 1905 2253 μεγάλης
1932 2181 2178 2255 τυχεῖν,

257 2277 346 2354 ὡς
393 2273 908 2361 διαδεδεγμένον
952 2278 1071 2341 τὸν
1106 2272 1530 2341 Ἀτλαντικὸν
1574 2278 1848 2360 κόσμον,
1897 2278 2180 2342 αἰνιττο-

256 2381 478 2467 μένων
520 2393 656 2448 τῶν
704 2382 1086 2468 ἀνθρώπων
1130 2385 1205 2448 τὸ
1251 2385 1544 2465 γεγονός.

175 2503 232 2544 2⁰
445 2494 581 2553 Τοῦ
628 2486 689 2554 δ’
733 2486 1142 2575 τΗρακλεόυς
1186 2487 1339 2575 περὶ
1384 2486 1563 2554 ταῦτ’
1618 2491 1810 2565 ὄντος
1856 2488 2024 2574 φασὶ
2068 2492 2183 2567 τὰς
2202 2493 2288 2559 28

204 2613 209 2616 ⁴
256 2594 780 2679 ὑπολειφθείσας
815 2592 1176 2680 Ἀμαζόνας
1219 2593 1371 2680 περὶ
1415 2598 1535 2661 τὸν
1575 2595 2019 2680 Θερμώδοντα
2063 2617 2182 2662 πο-

255 2702 465 2786 ταμὸν
531 2700 1015 2788 ἀθροισθείσας
1076 2698 1406 2786 πανδημεὶ
1483 2710 1762 2767 σπεῦσαι
1825 2706 1983 2779 τοὺς
2031 2702 2182 2769 Ἔλ-

255 2812 459 2890 ληνας
533 2806 921 2891 ἀμύνασθαι
993 2803 1144 2893 περὶ
1219 2801 1315 2872 ὧν
1371 2804 1703 2895 Ἡρακλῆς
1777 2811 2181 2894 στρατεύσας

256 2914 696 2999 διειργάσατο.
763 2914 1231 2999 διαφορώτατα
1277 2909 1352 2978 δὲ
1396 2917 1554 2991 τοὺς
1595 2908 1993 2998 Ἀθηναίους
2038 2914 2181 2998 ἐφι-

172 3033 228 3074 26
256 3024 652 3102 λοτιμοῦντο
700 3022 812 3085 διὰ
847 3021 923 3085 τὸ
959 3022 1080 3084 τὸν
1118 3019 1342 3102 Θησέα
1377 3022 2011 3085 καταδεδουλῶσθαι
2055 3019 2179 3101 τὴν

255 3123 547 3208 ἡγεμόνα
591 3135 726 3191 τῶν
756 3124 1132 3211 Ἀμαζόνων
1163 3122 1536 3210 Ἀντιόπην,
1575 3126 1665 3202 ὡς
1711 3120 1773 3190 δ’
1815 3127 1983 3190 ἔνιοι
2020 3125 2180 3209 γρά-

256 3247 527 3315 φουσιν,
557 3229 972 3316 Ἱππολύτην.
1036 3233 1670 3317 συστρατευσάντων
1717 3227 1791 3296 δὲ
1828 3241 1961 3296 τῶν
1998 3234 2178 3294 Σκυ-
2215 3251 2249 3300 2

400 3429 433 3478 ὅ
468 3421 671 3495 α’κτῆς]
713 3418 889 3490 αὑλῆς
920 3422 973 3476 D
1066 3429 1098 3477 9
1137 3419 1494 3478 ἀποδιδόντα
1531 3440 1638 3478 om.
1680 3421 1729 3474 D
1824 3427 1892 3476 14
1929 3417 2179 3491 εὑρόντα

255 3492 439 3564 Dind„
478 3492 682 3564 ἔχοντα
718 3493 852 3549 libri
997 3500 1064 3548 15
1101 3492 1356 3563 φέροντα
1384 3494 1536 3563 vulg.
1678 3498 1742 3547 18
1775 3487 2086 3547 Ἀτλάντιον
2115 3492 2180 3564 Ε,

248 3558 593 3619 Ἀτλάντειον
634 3565 683 3619 G'
784 3570 853 3621 25
891 3561 990 3619 τὸν
1028 3583 1137 3621 om.
1182 3563 1284 3620 OF
1388 3564 1784 3619 δεδουλῶσθαι
1822 3562 1891 3618 ΙΙ.
