2569 4061
386 271 515 337 190
1047 266 1359 326 DIODORI
1394 269 1630 327 SICULI

307 456 341 505 8
377 437 634 510 τόπους.
710 435 850 497 ἔστι
886 428 964 496 δὲ
1006 430 1119 498 καὶ
1161 430 1375 518 πέραν
1418 441 1541 499 τοῦ
1584 442 1889 518 ποταμοῦ
1924 437 2124 519 λίμνη
2164 450 2306 500 στε-

379 541 534 625 ρεὸν
579 541 825 622 ἔχουσα
859 540 979 604 τὸν
1015 538 1170 625 περὶ
1215 539 1427 622 αὐτὴν
1471 540 1706 623 τύπον,
1754 542 1850 617 είς
1882 540 1971 623 ἣν
2007 541 2170 606 ὅταν
2204 563 2309 618 τις

374 645 540 729 ἐμβῇ
604 654 740 709 τῶν
801 644 1124 731 ἀπείρων,
1199 645 1432 728 ὀλίγον
1506 642 1629 729 μὲν
1692 649 1962 730 νήχεται
2032 649 2304 733 χρόνον,

371 752 629 836 προϊὼν
692 749 754 817 δ’
816 755 910 829 εἰς
972 753 1048 817 τὸ
1103 750 1310 836 μέσον
1363 753 1667 838 καθάπερ
1721 753 1854 818 ὑπό
1916 776 2100 830 τινος
2153 755 2305 836 βίας

371 867 809 925 κατασπᾶται·
844 858 1059 948 ἑαυτῷ
1097 855 1172 924 δὲ
1207 861 1488 942 βοηθῶν
1513 859 1627 925 καὶ
1660 861 1863 925 πάλιν
1891 859 2300 945 ἀναστρέψαι
2355 879 2387 921 s

370 966 901 1052 προαιρούμενος
955 962 1293 1048 ἀντέχεται
1344 962 1467 1049 μὲν
1520 973 1636 1048 τῆς
1699 964 2059 1049 ἐκβάσεως,
2120 964 2301 1030 ἀντι-

372 1071 695 1159 σπωμένω
752 1065 814 1135 δ’
875 1070 1006 1136 ὑπό
1059 1093 1243 1148 τινος
1297 1074 1497 1137 ἔοικε·
1559 1070 1673 1137 καὶ
1724 1074 1801 1138 τὸ
1856 1069 1978 1158 μὲν
2032 1083 2300 1157 πρῶτον

371 1178 855 1261 ἀπονεκροῦται
897 1180 1056 1254 τοὺς
1100 1178 1343 1261 πόδας,
1390 1172 1530 1244 εἶτα
1574 1180 1656 1243 τὰ
1702 1177 1899 1262 σκέλη
1947 1177 2136 1263 μέχρι
2181 1186 2300 1260 τῆς

369 1283 645 1365 ὀσφύος,
692 1283 767 1348 τὸ
816 1278 890 1347 δὲ
934 1287 1316 1349 τελευταῖον
1352 1283 1513 1349 ὅλον
1549 1285 1624 1350 τὸ
1664 1295 1855 1368 σῶμα
1890 1284 2103 1371 νάρκῃ
2139 1307 2297 1370 κρα-

367 1387 599 1471 τηθεὶς
642 1386 914 1474 φέρεται
957 1390 1124 1475 πρὸς
1167 1393 1424 1473 βυθόν,
1479 1389 1591 1456 καὶ
1644 1385 1785 1474 μετ’
1837 1391 2069 1473 ὀλίγον
2121 1413 2295 1456 τετε·
2326 1412 2382 1451 10

368 1495 698 1579 λευτηκὼς
762 1495 1218 1579 ἀναβάλλεται.
1310 1495 1464 1583 περὶ
1527 1494 1650 1581 μὲν
1711 1492 1839 1562 οὖν
1892 1507 2027 1563 τῶν
2081 1496 2156 1562 ἐν
2214 1506 2295 1582 τῇ

367 1604 770 1690 Βαβυλωνίᾳ
812 1602 1345 1688 θαυμαζομένων
1390 1602 1669 1689 ἀρκείτω
1714 1604 1796 1667 τὰ
1842 1601 2154 1689 ρηθέντα.

262 1707 345 1773 13
533 1705 629 1773 ‘H
657 1705 733 1775 δὲ
758 1711 1128 1795 Σεμίραμις
1162 1709 1392 1793 ἐπειδὴ
1427 1720 1568 1786 τοῖς
1604 1707 1825 1794 ἔργοις
1863 1709 2146 1794 ἐπέθηκε
2182 1708 2294 1775 πέ-

369 1838 509 1899 ρας,
557 1814 897 1894 ἀνέζευξεν
944 1813 1051 1881 ἐπὶ
1095 1818 1367 1899 Μηδίας
1412 1817 1575 1900 μετὰ
1623 1821 1871 1900 πολλῆς
1919 1818 2289 1901 δυνάμεως·

365 1924 826 2005 καταντήσασα
872 1918 946 1988 δὲ
992 1923 1157 2008 πρὸς
1192 1923 1350 2007 ὄρος
1394 1922 1470 1986 τὸ
1512 1924 1929 2007 καλούμενον
1966 1925 2286 2006 Βαγίστα-
2319 1941 2376 1982 16

365 2053 489 2095 νον
552 2032 838 2114 πλησίον
892 2028 1101 2095 αὐτοῦ
1158 2026 1871 2117 κατεστρατοπέδευσε,
1936 2028 2050 2096 καὶ
2105 2053 2290 2095 κατε-

363 2137 643 2202 σκεύασε
705 2138 1145 2222 παράδεισον,
1222 2135 1296 2214 ὃς
1367 2136 1491 2220 τὴν
1559 2132 1683 2222 μὲν
1745 2140 2140 2223 περίμετρον
2202 2131 2290 2219 ἦν

361 2243 620 2309 δώδεκα
667 2245 988 2327 σταδίων,
1046 2242 1119 2309 ἐν
1163 2245 1373 2331 πεδίῳ
1420 2238 1496 2308 δὲ
1538 2246 1842 2328 κείμενος
1885 2238 2021 2327 εἶχε
2064 2242 2287 2326 πηγὴν

359 2352 684 2435 μεγάλην,
746 2351 812 2431 ἐξ
857 2346 937 2434 ἧς
993 2349 1402 2436 ἀρδεύεσθαι
1456 2348 1807 2433 συνέβαινε
1860 2352 1936 2416 τὸ
1993 2371 2286 2434 φυτουρ-

289 2474 321 2522 2
359 2466 561 2537 γεῖον.
634 2457 709 2521 τὸ
758 2453 833 2521 δὲ
869 2457 1292 2539 Βαγίστανον
1328 2456 1487 2539 ὄρος
1534 2453 1670 2520 ἐστὶ
1712 2453 1836 2538 μὲν
1874 2457 2057 2540 ἱερὸν
2092 2456 2284 2537 Διός,
2314 2477 2370 2516 20

359 2559 433 2623 ἐκ
470 2556 544 2624 δὲ
579 2569 703 2624 τοῦ
737 2562 918 2645 παρὰ
950 2561 1071 2625 τὸν
1106 2560 1516 2644 παράδεισον
1560 2559 1804 2645 μέρους
1845 2560 2269 2643 ἀποτομάδας
2290 2584 2390 2635 127

357 2667 490 2748 ἔχει
534 2663 777 2751 πέτρας
812 2668 908 2741 εἰς
943 2665 1116 2743 ὕψος
1152 2664 1629 2741 ἀνατεινούσας
1658 2663 2091 2733 ἑπτακαίδεκα
2127 2682 2284 2732 στα-

358 2771 565 2847 δίους.
640 2765 722 2835 οὗ
747 2772 823 2836 τὸ
851 2772 1229 2837 κατώτατον
1258 2769 1459 2856 μέρος
1489 2771 1908 2851 καταξύσασα
1934 2773 2058 2855 τὴν
2098 2774 2282 2839 ἰδίαν

357 2875 747 2964 ἐνεχάραξεν
792 2879 1047 2961 εἰκόνα,
1109 2879 1538 2964 δορυφόρους
1592 2877 1758 2964 αὐτῇ
1802 2883 2279 2965 παραστήσασα

356 2982 606 3051 ἑκατόν.
679 2983 1007 3072 ἐπέγραψε
1046 2981 1120 3051 δὲ
1155 2984 1265 3051 καὶ
1294 2989 1575 3072 Συρίοις
1610 2987 1989 3071 γράμμασιν
2025 2989 2121 3064 εἰς
2155 2987 2278 3070 τὴν

353 3090 603 3178 πέτραν
648 3092 750 3157 ὅτι
793 3095 1163 3177 Σεμίραμις
1215 3103 1357 3169 τοῖς
1403 3092 1691 3178 σάγμασι
1744 3104 1885 3170 τοῖς
1942 3105 2078 3159 τῶν
2124 3093 2276 3158 ἀκο-
2304 3112 2360 3152 25

354 3200 795 3264 λουθούντων
829 3197 1207 3281 ὑποζυγίων
1254 3198 1382 3263 ἀπὸ
1419 3208 1539 3264 τοῦ
1575 3201 1812 3264 πεδίου
1852 3201 2121 3283 χώσασα
2155 3201 2275 3264 τὸν

495 3397 528 3445 2
567 3390 747 3446 τύπον
785 3390 1010 3459 Reiske,
1045 3387 1222 3445 τόπον
1251 3389 1476 3445 codices
1586 3397 1618 3446 8
1656 3388 2087 3463 ἀποναρκοῦται
2112 3392 2271 3447 Eioh.

354 3463 420 3510 12
460 3455 748 3525 ἀρκείσθω
785 3461 839 3514 Π
987 3468 1051 3516 16
1088 3462 1672 3531 κατεστρατοπέδευσε
1712 3464 1804 3518 καὶ
1853 3479 1960 3518 om.
2000 3464 2048 3517 D
2200 3468 2270 3516 22

353 3523 555 3580 στάδια
594 3526 979 3585 ἑπτακαίδεκα
1016 3531 1084 3586 Π.
