2569 4061
970 400 995 452 1
1034 404 1117 453 66.
1159 405 1241 454 67.
1945 401 2071 465 115

153 560 331 623 ἰδίαν
393 559 619 646 χώραν
676 558 937 636 ἑαυτοῖς
999 565 1477 626 κατακτᾶσθαι·
1543 562 1579 627 ὁ
1635 558 1710 629 δὲ
1765 564 2077 645 βασιλεὺς
2117 589 2147 633 4

149 665 223 728 τὸ
280 661 401 749 μὲν
454 677 720 752 πρῶτον
779 664 1034 750 ἔπεμψέ
1093 688 1278 742 τινας
1331 675 1468 730 τῶν
1522 666 1868 752 ἡγεμόνων
1921 671 2077 743 τοὺς

151 768 774 857 ἀπολογησομένους
821 768 991 858 ὑπὲρ
1036 781 1153 857 τῆς
1188 771 1471 856 ἀτιμίας,
1519 772 1608 849 ὡς
1646 768 1706 837 δ’
1750 774 1832 838 οὐ
1872 793 2073 861 προσ-

151 886 331 959 εῖχον
377 878 624 962 αὐτοῖς,
671 878 869 955 αὐτὸς
906 880 1069 963 μετὰ
1104 888 1239 943 τῶν
1278 880 1499 963 φίλων
1537 876 1764 955 ἐδίωξε
1800 882 2069 957 πλοίοις.

96 1000 122 1041 5
150 987 582 1067 προαγόντων
640 979 700 1050 δ’
726 984 975 1054 ,αὐτῶν
1031 986 1209 1070 παρὰ
1268 986 1389 1049 τὸν
1443 987 1698 1049 Νεῖλον
1752 980 1862 1049 καὶ
1921 989 2075 1061 τοὺς
2115 1017 2141 1059 5

151 1088 347 1175 ὅρους
399 1090 957 1177 ὑπερβαλλόντων
1019 1098 1134 1174 τῆς
1177 1090 1560 1174 Αἰγύπτου,
1618 1088 1830 1155 ἐδεῖτο
1887 1112 2073 1173 μετα-

147 1205 386 1280 νοῆσαι
422 1195 535 1263 καὶ
571 1208 705 1263 τῶν
753 1222 823 1262 τε
874 1196 1073 1281 ἱερῶν
1118 1195 1229 1262 καὶ
1273 1206 1408 1262 τῶν
1450 1198 1812 1284 πατρίδων,
1861 1197 1957 1260 ἔτι
2003 1195 2075 1259 δὲ

146 1302 254 1368 καὶ
301 1314 642 1386 γυναικῶν
686 1301 796 1368 καὶ
834 1301 1087 1369 τέκνων
1134 1304 1644 1389 ὑπεμίμνησκεν.
1726 1303 1800 1369 οί
1835 1297 1899 1367 δ’
1942 1302 2073 1386 ἅμα
2115 1331 2143 1377 ρ,

148 1410 388 1487 πάντες
433 1410 930 1494 ἀναβοήσαντες
975 1407 1086 1475 καὶ
1130 1420 1270 1486 τοῖς
1325 1420 1586 1488 κοντοῖς
1629 1412 1745 1488 τὰς
1790 1410 2073 1485 ἀσπίδας

70 1535 121 1574 10
148 1515 550 1594 πατάξαντες
596 1518 888 1599 ἔφασαν,
946 1513 1068 1591 ἕως
1114 1514 1197 1579 ἂν
1240 1517 1598 1600 κυριεύωσι
1642 1526 1778 1581 τῶν
1824 1516 2071 1597 ὅπλων,

150 1620 398 1706 ῥᾳδίως
443 1620 753 1706 εὑρήσειν
798 1621 1147 1704 πατρίδας·
1208 1619 1751 1703 ἀναστειλάμενοι
1797 1618 1871 1686 δὲ
1914 1626 2071 1699 τοὺς

150 1735 433 1807 χιτῶνας
488 1722 597 1790 καὶ
651 1726 731 1789 τά
784 1727 1139 1808 γεννητικὰ
1193 1724 1359 1811 με’ρη
1416 1734 1538 1790 τοῦ
1598 1728 1896 1809 σώματος
1942 1730 2069 1792 6215-

152 1829 381 1909 ξαντες
426 1831 579 1895 οὔτε
623 1842 963 1913 γυναικῶν
1010 1832 1161 1897 οὔτε
1207 1830 1460 1897 τέκνων
1506 1830 1869 1916 ἀπορήσειν
1913 1834 2069 1916 ἔφα»

152 1951 279 2001 σαν
332 1932 515 2003 ταῦτ’
575 1939 849 2021 ἔχοντες.
953 1938 1224 2024 τοιαύτῃ
1282 1935 1356 2002 δὲ
1411 1939 1866 2024 μεγαλοψυχία
1919 1961 2069 2023 χρη*
2115 1969 2141 2013 τ

67 2063 118 2103 15
147 2044 426 2128 σάμενοι
462 2042 573 2110 καὶ
618 2047 1243 2132 καταφρονήσαντες
1276 2054 1413 2110 τῶν
1448 2045 1628 2130 παρὰ
1671 2052 1812 2120 τοῖς
1849 2044 2073 2119 ἄλλοις

147 2152 476 2234 μεγίστων
539 2146 711 2216 εἶναι
775 2152 1191 2236 δοκούντων,
1265 2151 1708 2234 κατελάβοντο
1773 2147 1895 2234 μὲν
1958 2159 2073 2234 τῆς

147 2259 511 2335 Αἰθιοπίας
574 2260 699 2342 τὴν
750 2261 1141 2344 κρατίστην,
1204 2259 1943 2343 κατακληρουχήσαντες
1998 2254 2071 2322 δὲ

148 2364 400 2446 πολλὴν
444 2365 669 2450 χώραν
715 2363 788 2430 ἐν
833 2365 1039 2450 ταύτῃ
1077 2360 1485 2451 κατῴκησαν.
1578 2362 1614 2428 ὁ
1663 2359 1736 2427 δὲ
1795 2367 2069 2448 Ψαμμή-
2111 2394 2137 2438 3

149 2491 327 2551 τιχος
372 2469 478 2536 ἐπὶ
533 2467 655 2554 μὲν
700 2471 963 2548 τούτοις
1011 2470 1094 2535 οὐ
1140 2473 1418 2557 μετρίως
1472 2469 1807 2554 ἐλυπήθη,
1862 2470 1943 2534 τὰ
1997 2468 2069 2534 δὲ

69 2594 123 2632 20
150 2576 313 2637 κατὰ
375 2576 497 2658 τὴν
561 2582 907 2660 Αἴγυπτον
974 2576 1281 2655 διατάξας
1344 2572 1455 2641 καὶ
1517 2586 1653 2641 τῶν
1715 2577 2067 2663 προσόδων

154 2677 615 2765 ἐπιμελόμενος
678 2685 843 2769 πρός
908 2705 978 2747 τε
1045 2681 1446 2765 Ἀθηναίους
1508 2684 1628 2747 καί
1687 2705 1872 2759 τινας
1934 2694 2067 2748 τῶν

151 2786 371 2852 ἄλλων
398 2784 734 2872 Ἑλλήνων
763 2792 1143 2874 συμμαχίαν
1172 2789 1544 2872 ἐποιήσατο.
1618 2787 1955 2876 εὐηργέτει
1994 2788 2067 2854 δὲ

147 2890 259 2957 καὶ
287 2903 422 2958 τῶν
451 2892 657 2972 ξένων
683 2899 841 2971 τοὺς
868 2895 1234 2978 ἐθελοντὴν
1261 2896 1356 2971 εἰς
1382 2897 1504 2979 τὴν
1534 2900 1878 2979 Αἴγυπτον
1907 2894 2063 2960 ἀπο-

148 3000 545 3084 δημοῦντας,
583 2999 691 3065 καὶ
719 2999 1040 3086 φιλέλλην
1080 3001 1174 3066 ὢν
1204 3003 1657 3087 διαφερόντως
1692 3004 1851 3078 τοὺς
1876 2999 2065 3076 υἱοὺς

64 3123 114 3163 25
142 3106 265 3188 τὴν
294 3102 688 3190 Ἑλληνικὴν
718 3106 976 3186 ἐδίδαξε
1003 3107 1339 3172 παιδείαν·
1377 3110 1679 3172 καθόλου
1707 3104 1781 3172 δὲ
1808 3116 2065 3192 πρῶτος

128 3221 275 3275 τῶν
341 3209 482 3277 κατ’
546 3218 892 3295 Αἴγυπτον
957 3211 1286 3295 βασιλέων
1343 3211 1582 3301 ἀνέῳξε
1648 3222 1788 3288 τοῖς
1841 3212 2065 3282 ἄλλοις

285 3445 320 3493 4
358 3433 553 3502 αὑτοῖς
590 3455 696 3496 om.
734 3439 784 3492 D
914 3435 1115 3494 ἐδίωκε
1155 3438 1205 3491 D
1338 3443 1369 3492 ὅ
1406 3434 1720 3507 προιόντων
1757 3433 1811 3486 II
1930 3437 1961 3484 7
2001 3430 2061 3484 δὲ

139 3509 260 3581 καὶ]
302 3507 365 3564 δὲ
404 3510 557 3580 vulg.
706 3516 768 3564 11
809 3504 1245 3571 ἀναστείλαντες
1281 3508 1332 3561 D
1490 3511 1554 3560 12
1593 3500 1763 3573 μόρια
1802 3502 1849 3556 G
1995 3508 2061 3554 23

138 3577 347 3652 ξένων]
386 3576 775 3650 διαφερόντως
813 3581 939 3636 add.
971 3581 1021 3634 D
1168 3572 1478 3644 ἐθελοντὴν
1516 3574 1744 3642 Kalker,
1788 3567 2061 3638 ἔθελοντὴ

140 3651 251 3719 OD,
290 3648 553 3707 ἐθελοντὶ
588 3651 649 3707 F.
1670 3728 1744 3778 8*
