2569 4061
1032 299 1113 369 111⁴
1149 322 1232 372 66.
1266 321 1350 370 67.
2042 317 2126 381 37
2136 319 2172 381 7

252 478 533 562 πρώτων
597 468 1032 562 χρησαμένων
1094 485 1234 554 τοῖς
1299 484 1713 561 μετατεθεῖσι
1777 489 2181 566 χαρακτῆρσι

251 585 635 667 Πελασγικὰ
706 591 1357 670 προσαγορευθῆναι.
1458 586 1576 649 τὸν
1651 582 1724 650 δὲ
1783 588 2000 652 Λίνον
2074 585 2180 652 ἐπὶ
2218 607 2250 655 2

249 699 555 775 ποιητικῇ
602 689 713 755 καὶ
757 691 1048 778 μελῳδίᾳ
1095 689 1583 775 θαυμασθέντα
1629 695 1935 775 μαθητὰς
1994 704 2180 778 σχεῖν
2271 708 2274 711 “

249 797 558 879 πολλούς,
607 796 1169 882 ἐπιφανεστάτους
1215 794 1291 862 δὲ
1338 807 1538 883 τρεῖς,
1565 795 1916 883 Ἡρακλέα,
1958 802 2179 884 Θαμύ-

199 917 226 958 5
255 927 403 987 ραν,
442 901 701 988 Ὀρφέα.
789 905 1049 969 τούτων
1097 900 1170 968 δὲ
1217 905 1338 968 τὸν
1385 900 1508 989 μὲν
1545 901 1873 989 “Ηρακλέα
1918 911 2180 990 κιθαρί-

255 1011 386 1086 ζειν
431 1010 871 1093 μανθάνοντα
918 1011 1029 1074 διὰ
1073 1010 1197 1092 τὴν
1241 1018 1359 1093 τῆς
1400 1020 1616 1096 ψυχῆς
1662 1013 2046 1097 βραδυτῆτα
2092 1013 2180 1096 μὴ

253 1117 591 1181 δύνασθαι
652 1104 972 1194 δέξασθαι
1024 1116 1150 1199 τὴν
1211 1116 1540 1200 μάθησιν,
1602 1117 1816 1184 ἔπειθ’
1872 1118 2002 1183 ὑπὸ
2061 1127 2183 1183 τοῦ

253 1225 472 1287 Λίνου
531 1226 814 1305 πληγαῖς
868 1220 1345 1306 ἐπιτιμηθέντα
1402 1225 1877 1309 διοργισθῆναι
1931 1223 2043 1290 καὶ
2101 1234 2181 1310 τῆ

253 1330 504 1416 κιθάρα
549 1331 670 1393 τὸν
718 1329 1124 1394 διδάσκαλον
1169 1328 1548 1407 πατάξαντα
1596 1331 1999 1415 ἀποκτεῖναι,
2050 1336 2181 1396 Θα-
2219 1349 2252 1396 3

176 1446 229 1486 10
256 1435 476 1519 μύραν
524 1431 597 1499 δὲ
644 1435 845 1518 φύσει
892 1436 1196 1524 διαφόρῳ
1242 1438 1775 1522 κεχορηγημένον
1822 1438 2182 1522 ἐκπονῆσαι

252 1541 333 1604 τὰ
388 1537 540 1625 περὶ
594 1540 718 1623 τὴν
773 1544 1123 1625 μουσικήν,
1178 1541 1291 1607 καὶ
1344 1543 1509 1607 κατὰ
1552 1545 1675 1626 τὴν
1722 1544 1795 1609 ἐν
1838 1553 1930 1632 τῷ
1978 1550 2183 1632 μελῳ-

257 1646 402 1709 δεῖν
455 1644 793 1731 ὑπεροχὴν
851 1648 1134 1732 φάσκειν
1181 1646 1421 1714 ἑαυτὸν
1464 1659 1599 1713 τῶν
1643 1652 1948 1714 Μουσῶν
1995 1649 2183 1733 ἐμμε-

255 1748 569 1837 λέστερον
605 1751 813 1840 ᾄδειν.
890 1755 995 1818 διὸ
1033 1752 1142 1819 καὶ
1178 1755 1296 1831 τὰς
1340 1755 1504 1831 θεὰς
1550 1755 1727 1843 αὐτῷ
1774 1752 2186 1839 χολωθείσας

253 1859 378 1939 τήν
412 1881 484 1923 τε
522 1860 852 1943 μουσικὴν
890 1858 1260 1945 ἀφελέσθαι
1304 1859 1415 1925 καὶ
1450 1872 1756 1948 πηρῶσαι
1791 1862 1909 1926 τὸν
1947 1862 2182 1946 ἄνδρα,

175 1975 228 2016 15
253 1964 558 2051 καθάπερ
624 1963 735 2030 καὶ
797 1968 918 2033 τὸν
962 1965 1259 2052 Ὅμηρον
1323 1968 1586 2045 τούτοις
1648 1979 2186 2054 προσμαρτυρεῖν

256 2070 534 2154 λέγοντα

1326 2184 1496 2248 ἔνθα
1542 2206 1612 2247 τε
1656 2185 1934 2248 Μοῦσαι

348 2285 704 2371 ἀντόμεναι
752 2287 1058 2371 Θάμυριν
1102 2290 1222 2352 τὸν
1272 2291 1527 2373 Θρήικα
1571 2298 1838 2354 παῦσαν
1885 2287 2136 2371 ἀοιδῆς,

259 2391 368 2457 καὶ
413 2395 510 2457 ἔτι

179 2506 233 2545 20
300 2503 307 2510 ’
351 2498 424 2562 αἱ
465 2495 537 2563 δὲ
582 2500 1041 2584 χολωσάμεναι
1085 2502 1306 2588 πηρὸν
1352 2500 1589 2584 θέσαν,
1636 2500 1845 2586 αὐτὰρ
1892 2500 2131 2584 ἀοιδὴν

348 2609 713 2689 θεσπεσίην
759 2605 1090 2686 ἀφέλοντο
1136 2606 1248 2672 καὶ
1296 2606 1660 2673 ἐκλέλαθον
1705 2608 2124 2693 κιθαριστύν.

258 2708 409 2796 περὶ
456 2707 527 2775 δὲ
568 2709 856 2797 Ὀρφέως
899 2722 1022 2778 τοῦ
1067 2715 1299 2798 τρίτου
1335 2720 1642 2798 μαθητοῦ
1678 2717 1749 2778 τὰ
1784 2715 1949 2779 κατὰ
1986 2712 2185 2799 μέρος
2221 2732 2256 2779 4

261 2817 756 2903 ἀναγράψομεν,
822 2819 980 2885 ὅταν
1039 2821 1156 2897 τὰς
1217 2820 1487 2906 πράξεις
1551 2820 1757 2886 αὐτοῦ
1824 2820 2183 2906 διεξίωμεν.

258 2926 378 2990 τὸν
425 2920 486 2990 δ’
530 2919 657 2990 οὖν
701 2928 916 2991 Λίνον
963 2925 1130 3010 φασὶ
1173 2937 1315 3003 τοῖς
1361 2931 1805 3009 Πελασγικοῖς
1846 2928 2185 3013 γράμμασι

177 3052 230 3093 25
260 3029 757 3114 συνταξάμενον
793 3032 910 3107 τὰς
945 3041 1065 3096 τοῦ
1092 3025 1362 3118 πρώτου
1390 3034 1737 3098 Διονύσου
1773 3031 2040 3117 πράξεις
2073 3031 2186 3096 καὶ

262 3138 377 3213 τὰς
396 3139 601 3213 ἄλλας
627 3139 1040 3221 μυθολογίας
1069 3138 1421 3204 ἀπολιπεῖν
1442 3139 1515 3205 ἐν
1541 3150 1681 3216 τοῖς
1697 3139 2181 3221 ὑπομνήμασιν.

152 3242 507 3327 237ὁμοίως
547 3239 620 3307 δὲ
648 3244 911 3320 τούτοις
936 3246 1317 3329 χρήσασθαι
1345 3256 1485 3323 τοῖς
1511 3250 1952 3325 Πελασγικοῖς
1978 3241 2183 3327 γράμ-
2223 3262 2255 3311 5

439 3441 474 3489 4
515 3435 573 3488 et
609 3440 642 3489 9
686 3432 943 3520 Θάμυριν
997 3434 1102 3490 OF
1276 3441 1309 3491 5
1351 3432 1589 3523 Ὀρφέα]
1627 3434 1727 3489 καὶ
1765 3430 1974 3503 Ὀρφέα
2029 3434 2181 3499 vulg.

262 3514 328 3561 11
368 3501 543 3577 κατὰ]
578 3503 649 3560 τὰ
686 3501 832 3561 κατὰ
872 3507 920 3560 D
1068 3512 1134 3561 12
1183 3501 1416 3579 ἑαυτὸν]
1456 3503 1514 3562 δ’
1555 3501 1733 3560 αὐτὸν
1782 3506 1830 3559 D
1979 3510 2046 3558 14
2083 3503 2183 3559 τὸν

261 3576 447 3645 ἄνδρα
487 3576 685 3633 0111.Ῑῖ
834 3583 898 3631 19
937 3577 1034 3632 καὶ
1074 3576 1155 3632 ἔτι
1195 3596 1304 3634 om.
1343 3577 1392 3630 D
1537 3583 1605 3632 22
1644 3573 1714 3631 τά
1754 3576 1880 3632 add.
1919 3576 2084 3630 Dind.
