2569 4061
1045 444 1048 447 Δ
1083 367 1162 421 ΠΙ
1199 372 1284 424 38.
1326 374 1410 423 39.
2075 370 2206 435 323

289 531 479 617 ἡμεῖς
525 528 584 597 δ’
642 531 768 596 ἀπὸ
818 541 954 595 τῶν
1001 529 1295 614 ἐσχάτων
1346 531 1641 612 [τούτου]
1688 539 1810 597 τοῦ
1855 541 2072 616 μυχοῦ
2119 535 2224 597 τό«
2265 525 2296 606 ὁ

289 659 437 703 πων
484 637 838 724 ἀρξάμενοι
883 639 1001 702 τὸν
1047 635 1155 721 ἐφ’
1202 635 1477 722 ἑκάτερα
1512 638 1594 701 τὰ
1631 635 1794 723 μέρη
1830 639 2226 725 παράπλουν

290 756 428 810 τῶν
499 744 789 831 ἠπείρων
860 741 973 808 καὶ
1043 745 1160 820 τὰς
1224 743 1748 826 ἀξιολογωτάτας
1810 743 1949 809 κατ’
2021 745 2226 822 αὐτὰς

296 850 627 935 ἰδιότητας
674 849 988 935 διέξιμεν·
1048 861 1318 937 πρῶτον
1365 847 1439 916 δὲ
1485 853 1837 933 ληψόμεθα
1880 852 1956 914 τὸ
2005 851 2224 930 δεξιὸν

236 975 263 1016 5
290 956 519 1043 μέρος,
580 951 662 1022 οὗ
724 958 849 1040 τὴν
907 960 1241 1040 παραλίαν
1299 967 1434 1021 τῶν
1500 956 2001 1043 Τρωγλοδυτῶν
2054 959 2222 1040 ἔθνη

288 1060 554 1148 νέμεται
599 1062 791 1149 μέχρι
835 1071 952 1146 τῆς
998 1061 1268 1148 ἐρήμου.

461 1168 619 1235 Ἀπὸ
647 1172 903 1246 πόλεως
930 1172 1165 1234 τοίνυν
1185 1166 1536 1254 Ἀρσινόης
1563 1168 2020 1255 κομιζομένοις
2046 1169 2226 1255 παρὰ
2245 1168 2330 1247 39

287 1277 412 1360 τὴν
469 1276 694 1355 δεξιὰν
748 1277 1029 1361 ἤπειρον
1083 1273 1378 1340 ἐκπίπτει
1432 1277 1598 1341 κατὰ
1642 1279 1933 1352 πολλοὺς
1977 1277 2226 1351 τόπους

290 1382 363 1448 ἐκ
415 1382 657 1468 πέτρας
711 1384 807 1458 εἰς
857 1381 1201 1446 θάλατταν
1253 1381 1467 1446 ὕδατα
1519 1383 1763 1466 πολλά,
1818 1391 2058 1469 πικρᾶς
2111 1381 2225 1446 ἁλ-

210 1507 263 1547 10
291 1490 575 1575 μυρίδος
610 1491 845 1572 ἔχοντα
882 1494 1131 1570 γεῦσιν.
1204 1489 1708 1575 παραδραμόντι
1746 1485 1821 1554 δὲ
1857 1491 1974 1566 τὰς
2008 1490 2225 1573 πηγὰς

289 1595 533 1670 ταύτας
586 1593 966 1680 ὑπέρκειται
1020 1594 1312 1677 μεγάλου
1366 1596 1603 1659 πεδίου
1659 1595 1952 1678 μιλτώδη
2014 1598 2224 1679 χρόαν

287 1702 448 1783 ἕχον
510 1702 668 1786 ὅρος
729 1697 842 1765 καὶ
894 1701 1019 1783 τὴν
1076 1700 1314 1786 ὅρασιν
1368 1711 1504 1766 τῶν
1566 1698 1673 1765 ἐπὶ
1735 1699 1940 1765 πλέον
2005 1700 2220 1765 ἀτενι-

291 1808 543 1884 ζόντων
597 1807 692 1882 εἰς
746 1806 908 1871 αὐτὸ
965 1809 1477 1890 λυμαινόμενον.
1569 1805 1698 1870 ὑπὸ
1756 1802 1830 1870 δὲ
1874 1807 1994 1882 τὰς
2037 1803 2226 1890 ἐσχα-

290 1914 434 1988 τιὰς
486 1921 602 1997 τῆς
654 1913 986 1999 ὑπωρείας
1042 1923 1251 1978 κεῖται
1306 1913 1507 1996 λιμὴν
1564 1912 1834 1978 σκολιὸν
1889 1914 2061 1995 ἔχων
2104 1913 2225 1977 τὸν

211 2036 262 2078 15
291 2024 632 2104 εἴσπλουν,
671 2018 1017 2105 ἐπώνυμος
1046 2016 1458 2107 Ἀφροδίτης.
1523 2017 1944 2102 ὑπέρκεινται
1973 2015 2047 2085 δὲ
2073 2019 2226 2085 τού·
2263 2040 2295 2087 2

293 2148 414 2191 του
457 2136 655 2210 νῆσοι
698 2138 904 2213 τρεῖς,
963 2122 1058 2192 ὧν
1106 2127 1230 2192 δύο
1277 2123 1401 2211 μὲν
1445 2130 1719 2213 πλήρεις
1764 2124 1936 2192 εἰσὶν
1984 2126 2224 2192 ἐλαιῶν

290 2230 401 2298 καὶ
448 2234 734 2317 σύσκιοι,
783 2236 901 2317 μία
949 2229 1024 2298 δὲ
1069 2231 1428 2317 λειπομένη
1476 2241 1568 2320 τῷ
1606 2234 1852 2315 πλήθει
1887 2242 2023 2297 τῶν
2058 2253 2223 2319 προ-

292 2338 659 2425 ειρημένων
699 2337 1022 2425 δένδρων,
1060 2344 1322 2422 πλῆθος
1359 2337 1426 2403 δ’
1464 2341 1708 2423 ἔχουσα
1744 2349 1880 2403 τῶν
1907 2339 2224 2423 ὀνομαζο-

294 2444 513 2528 μένων
568 2447 1039 2531 μελεαγρίδων.
1133 2447 1294 2529 μετὰ
1350 2442 1426 2509 δὲ
1481 2454 1689 2510 ταῦτα
1742 2448 1987 2522 κόλπος
2041 2444 2225 2511 ἐστὶν
2262 2465 2295 2513 3

211 2566 267 2608 20
295 2551 660 2635 εὐμεγέθης
697 2552 732 2617 ὁ
769 2552 1177 2635 καλούμενος
1217 2548 1646 2638 Ἀκάθαρτος,
1694 2549 1804 2617 καὶ
1839 2551 2005 2636 πρὸς
2044 2551 2222 2641 αὐτῷ

294 2659 538 2741 βαθεῖα
594 2653 752 2723 καθ’
821 2657 1203 2741 ὑπερβολὴν
1261 2659 1699 2741 χερρόνησος,
1745 2652 1825 2740 ἦς
1881 2660 2047 2723 κατὰ
2103 2661 2224 2725 τὸν

293 2762 541 2848 αὐχένα
601 2766 837 2829 στενὸν
897 2766 1059 2830 ὄντα
1120 2766 1577 2847 διακομίζουσι
1634 2765 1716 2829 τὰ
1774 2765 1997 2848 σκάφη
2058 2769 2225 2852 πρὸς

290 2871 415 2953 τὴν
472 2868 826 2956 ἀντιπέρας
877 2871 1233 2936 θάλατταν.
1326 2869 1899 2955 παρακομισθέντι
1946 2869 2021 2938 δὲ
2065 2875 2223 2948 τοὺς
2258 2889 2292 2936 4

277 2980 540 3054 ,τόπους
593 2977 873 3053 τούτους
926 2988 1135 3042 κεῖται
1186 2985 1392 3060 νῆσος
1447 2980 1728 3060 πελαγία
1772 2974 1894 3061 μὲν
1940 2986 2031 3064 τῷ
2081 2979 2221 3042 δια-

210 3099 264 3141 25
293 3086 592 3167 στήματι,
639 3085 713 3148 τὸ
753 3079 826 3148 δὲ
865 3092 1071 3167 μῆκος
1107 3085 1201 3159 εἰς
1238 3084 1652 3167 ὀγδοήκοντα
1699 3086 2012 3157 σταδίους
2057 3102 2222 3164 παρ-

294 3192 718 3273 εκτείνουσα,
790 3188 1166 3274 καλουμένη
1243 3186 1318 3254 δὲ
1394 3188 1760 3274 Ὀφιώδης,
1840 3188 1882 3270 ἣ
1955 3187 2030 3250 τὸ
2100 3180 2222 3267 μὲν

440 3423 469 3470 1
499 3418 708 3473 τούτου
732 3418 841 3473 del.
863 3416 1029 3473 Dind.
1116 3423 1147 3473 5
1176 3414 1368 3488 μέρος]
1389 3417 1506 3471 τῶν
1531 3412 1948 3485 Τρωγλοδυτῶν
1978 3409 2105 3464 add.
2127 3406 2219 3462 OD

297 3494 362 3543 11
394 3484 604 3551 ταύτας
632 3488 951 3556 Eichstadt‚
979 3483 1159 3551 αὑτὰς
1186 3488 1308 3543 οοᾶ.
1388 3493 1453 3541 12
1485 3484 1763 3540 πλειόνων
1792 3481 1886 3537 DF
1973 3477 2219 3535 ἔνατενι-

295 3556 509 3625 ζόντων
538 3561 581 3614 Β
672 3566 738 3615 17
778 3557 996 3614 σύσκιοι
1064 3557 1249 3614 σύκων
1283 3559 1333 3613 0
1415 3563 1481 3611 21
1513 3548 1581 3626 ἧς
1619 3572 1726 3610 om.
1764 3552 1815 3606 ΙΙ
1923 3558 1989 3605 22
2027 3551 2220 3603 διακο-

296 3631 532 3700 μίζουσα
570 3630 687 3686 DF
827 3636 895 3686 26
933 3627 997 3684 δὲ
1064 3628 1168 3700 μὲν
1206 3628 1320 3683 DF.

1792 3710 1902 3763 21*
