2569 4061
349 259 478 325 180
1008 254 1317 311 monom
1354 254 1593 310 smum

347 420 495 487 ἀντὶ
539 420 779 503 ταύτης
824 426 940 501 τῆς
974 418 1243 503 χάριτος
1290 416 1469 503 αὐτῷ
1507 426 1874 482 συνοικιεῖν
1919 416 2043 499 τὴν
2091 416 2276 482 ἰδίαν

244 549 312 599 10
347 522 689 609 θυγατέρα
734 524 1088 607 Σωσάνην.
1175 525 1513 608 δυσχερῶς
1561 515 1622 585 δ’
1672 521 1882 587 αὐτοῦ
1928 519 2276 606 φέροντος,

346 633 703 713 ἠπείλησεν
750 628 1056 708 ἐκκόψειν
1101 630 1218 705 τὰς
1263 628 1529 714 ὁράσεις
1573 629 1663 712 μὴ
1709 632 2076 714 προχείρως
2111 628 2279 710 ὑπη-

332 745 704 822 ρετοῦντος
747 747 888 814 τοῖς
922 735 1444 822 προστάγμασιν.
1516 734 1554 800 ὁ
1604 731 1677 800 δὲ
1706 732 1952 818 Ὄννης
1988 735 2122 819 ἅμα
2158 730 2280 818 μὲν

350 845 466 921 τὰς
521 854 644 910 τοῦ
697 841 1024 928 βασιλέως
1079 841 1352 917 ἀπειλὰς
1398 841 1652 925 δείσας,
1700 841 1835 925 ἅμα
1882 838 1958 906 δὲ
2005 841 2117 906 διὰ
2161 844 2280 906 τὸν
2307 858 2334 899 5

348 951 560 1034 ἔρωτα
635 949 1009 1034 περιπεσὼν
1074 948 1275 1032 λύττῃ
1349 944 1484 1011 τινὶ
1547 944 1659 1012 καὶ
1723 948 1957 1034 μανίᾳ,
2031 948 2281 1031 βρόχον

353 1054 565 1145 ἑαυτῷ
604 1052 908 1140 περιθεὶς
943 1051 1366 1137 ἀνεκρέμασε.
1431 1055 1801 1137 Σεμίραμις
1836 1050 1960 1138 μὲν
2007 1048 2134 1118 οὗν
2169 1054 2281 1118 διὰ

353 1163 666 1237 τοιαύτας
713 1162 926 1236 αι’τίας
972 1160 1068 1237 εἰς
1112 1161 1462 1242 βασιλικὸν
1506 1154 1678 1243 ἦλθε
1723 1162 2089 1245 πρόσχημα.

285 1271 320 1334 7
522 1264 594 1330 Ὁ
632 1261 706 1330 δὲ
742 1267 958 1342 Νίνος
1002 1264 1160 1342 τούς
1203 1289 1273 1330 τε
1321 1263 1395 1330 ἐν
1430 1265 1757 1350 Βάκτροις
1790 1263 2120 1351 παρέλαβε
2156 1272 2285 1350 θη-

354 1372 677 1458 σαυρούς,
734 1374 1007 1457 ἔχοντας
1060 1375 1277 1437 πολὺν
1341 1373 1643 1457 ἄργυρόν
1704 1394 1775 1436 τε
1839 1370 1951 1437 καὶ
2008 1374 2283 1456 χρυσόν,
2314 1389 2369 1429 1⁰

246 1482 255 1489 ’
352 1476 463 1544 καὶ
519 1479 601 1542 τὰ
654 1479 820 1545 κατὰ
873 1479 997 1562 τὴν
1042 1478 1467 1564 Βακτριανὴν
1521 1481 1934 1562 καταστήσας
1981 1477 2267 1543 ἀπέλυσε
2291 1498 2395 1547 120

353 1587 470 1663 τὰς
517 1585 849 1671 δυνάμεις.
925 1586 1087 1669 μετὰ
1136 1581 1210 1650 δὲ
1255 1593 1463 1650 ταῦτα
1507 1586 1836 1667 γεννήσας
1882 1584 1954 1649 ἐκ
1997 1586 2287 1670 Σεμιρά-

355 1693 549 1776 μιδος
603 1692 758 1757 υἱὸν
813 1691 1087 1757 Νινύαν
1144 1689 1553 1772 ἐτελεύτησε,
1610 1690 1735 1772 τὴν
1787 1700 2073 1774 γυναῖκα
2127 1690 2287 1756 ἀπο-

355 1799 569 1868 λιπὼν
605 1800 1023 1881 βασίλισσαν.
1096 1797 1218 1861 τὸν
1262 1792 1340 1861 δὲ
1377 1797 1599 1861 Νίνον
1636 1796 1678 1878 ἡ
1715 1800 2087 1883 Σεμίραμις
2130 1799 2289 1862 ἔθα-

355 1913 483 1981 ψεν
530 1903 604 1978 ἐν
650 1915 790 1981 τοῖς
834 1903 1232 1992 βασιλείοις,
1278 1899 1391 1967 καὶ
1435 1902 1917 1968 κατεσκεύασεν
1963 1897 2063 1968 ἐπ’
2107 1902 2286 1991 αὐτῷ
2318 1920 2370 1961 15

356 2020 546 2095 χῶμα
591 2008 1009 2095 παμμέγεθες
1024 2059 1044 2094 ,
1102 2002 1184 2075 οὗ
1231 2009 1307 2074 τὸ
1363 2005 1486 2094 μὲν
1530 2007 1703 2088 ὕψος
1755 2004 1843 2094 ἦν
1889 2006 2083 2077 ἐννέα
2138 2026 2290 2076 στα-

291 2141 323 2189 2
364 2117 555 2202 δίων,
601 2121 675 2183 τὸ
717 2115 777 2193 δ’
816 2111 1033 2203 εὖρος,
1081 2117 1172 2193 ὥς
1217 2133 1387 2201 φησι
1421 2118 1737 2201 Κτησίας,
1785 2114 1961 2184 δέκα.
2036 2119 2142 2183 διὸ
2177 2115 2293 2184 καὶ

358 2231 475 2306 τῆς
521 2226 777 2300 πόλεως
821 2224 999 2308 παρὰ
1043 2224 1164 2287 τὸν
1199 2222 1570 2309 Εὐφράτην
1616 2222 1691 2287 ἐν
1734 2224 1942 2311 πεδίῳ
1987 2220 2294 2307 κειμένης

363 2328 492 2393 ἀπὸ
548 2335 817 2396 πολλῶν
866 2330 1161 2395 σταδίων
1217 2327 1528 2413 ἐφαίνετο
1575 2330 1649 2393 τὸ
1696 2339 1883 2413 χῶμα
1926 2331 2299 2415 καθαπερεί

358 2458 459 2512 τις
486 2435 891 2521 ἀκρόπολις·
938 2433 975 2499 ὃ
1011 2432 1125 2500 καὶ
1162 2432 1354 2519 μέχρι
1388 2442 1511 2499 τοῦ
1556 2442 1686 2499 νῦν
1722 2450 1890 2519 φασι
1928 2435 2291 2519 διαμένειν,
2319 2455 2375 2494 20

359 2542 596 2624 καίπερ
641 2549 759 2623 τῆς
803 2542 1028 2605 Νίνου
1072 2537 1609 2623 κατεσκαμμένης
1665 2538 1796 2605 ὑπὸ
1843 2542 2137 2623 Μήδων,
2184 2542 2294 2607 ὅτε

360 2644 732 2711 κατέλυσαν
796 2648 918 2730 τὴν
965 2643 1340 2729 Ἀσσυρίων
1402 2646 1763 2727 βασιλείαν.
1853 2644 1895 2729 ἡ
1954 2642 2028 2709 δὲ
2090 2649 2293 2729 Σεμί-

365 2774 590 2837 ραμις,
662 2745 833 2816 οὖσα
893 2751 1096 2835 φύσει
1157 2751 1677 2835 μεγαλεπίβολος
1729 2749 1845 2816 καὶ
1906 2756 2294 2837 φιλοτιμου-

366 2855 530 2943 μένη
588 2865 668 2943 τῇ
716 2856 879 2942 δόξῃ
933 2858 1053 2922 τὸν
1100 2859 1618 2940 βεβασιλευκότα
1661 2859 1792 2944 πρὸ
1839 2857 2041 2943 αὐτῆς
2094 2859 2294 2945 ὑπερ-

365 2962 647 3049 θέσθαι,
704 2965 905 3030 πόλιν
949 2959 1073 3049 μὲν
1129 2963 1483 3048 ἐπεβάλετο
1529 2968 1769 3044 κτίζειν
1825 2965 1899 3031 ἐν
1947 2975 2028 3052 τῇ
2074 2970 2294 3051 Βαβυ-
2323 2984 2376 3026 25

368 3073 600 3158 λωνία,
631 3068 1057 3161 ἐπιλεξαμένη
1089 3066 1163 3136 δὲ
1199 3074 1356 3148 τοὺς
1383 3071 1806 3154 πανταχόθεν
1835 3070 2295 3157 ἀρχιτέκτονας

367 3176 478 3243 καὶ
545 3179 872 3262 τεχνίτας,
937 3178 1035 3241 ἔτι
1101 3173 1175 3242 δὲ
1239 3178 1363 3260 τὴν
1428 3178 1637 3259 ἄλλην
1698 3181 2022 3261 χορηγίαν
2087 3199 2295 3264 παρα-

514 3373 541 3421 1
583 3387 834 3424 συνοικει
814 3375 869 3423 ιν
905 3369 1057 3439 vulg.
1205 3375 1240 3424 4
1265 3365 1489 3440 Ὄννης]
1529 3366 1729 3425 Μενόν
1696 3389 1797 3438 νης
1833 3369 1888 3422 II
2018 3375 2081 3424 12
2120 3373 2267 3439 Σεμι

368 3433 587 3522 ράμεως
625 3440 672 3494 D
770 3447 833 3495 16
874 3436 1048 3496 ἐννέα
1084 3431 1157 3512 ἦν
1194 3441 1346 3512 vulg.
1449 3446 1519 3496 20
1556 3440 1678 3512 καὶ]
1719 3390 1783 3495 δὲ
1826 3440 1975 3511 vulg.
2076 3447 2147 3496 24
2183 3438 2292 3510 πρὸ

369 3502 476 3557 αὖτ’
446 3508 569 3576 τῆς]
607 3507 883 3581 πρότερον
920 3511 990 3567 Π.
