2569 4061
0 18 2503 98 m

998 307 1050 362 11
1087 314 1139 366 4.
1168 314 1217 363 ε.
1953 310 2083 374 175

152 494 223 537 τε
279 473 647 554 βουκόλους
697 467 811 534 καὶ
863 473 1023 546 τοὺς
1077 470 1323 546 ἄλλους
1377 482 1603 554 νομεῖς
1657 475 1949 553 ἀπόντας,
2005 471 2079 537 ἐν

154 585 247 667 τῷ
312 580 585 662 στόματι
652 576 991 661 φερούσας
1052 577 1221 657 γάλα
1300 574 1681 661 διατρέφειν
1744 596 2077 663 παραστα·

161 685 397 762 ζούσας
447 677 574 749 ἀνὰ
628 680 836 767 μέσον
888 692 1023 748 τῶν
1077 687 1336 767 χειλῶν.
1428 681 1772 749 ἐνιαυσίου
1826 680 1899 749 δὲ
1952 692 2075 749 τοῦ
2113 706 2148 754 5

157 791 427 856 παιδίου
488 787 858 873 γενομένου
904 787 1015 854 καὶ
1074 785 1513 874 στερεωτέρας
1564 796 1816 872 τροφῆς
1872 805 2074 871 προσ-

104 912 131 951 5
162 893 510 981 δεομένου,
574 896 692 972 τὰς
753 895 1142 980 περιστερὰς
1207 893 1688 971 ἀποκνιζούσας
1751 891 1879 957 ἀπὸ
1942 904 2076 958 τῶν

156 1012 376 1087 τυρῶν
420 998 829 1087 παρέχεσθαι
885 1000 1147 1083 τροφὴν
1193 998 1550 1085 ἀρκοῦσαν.
1643 1001 1801 1075 τοὺς
1846 995 1921 1064 δὲ
1965 1022 2076 1064 νο-

156 1119 298 1192 μεΐς
355 1106 749 1182 ἐπανιόντας
800 1103 913 1172 καὶ
977 1110 1408 1187 θεωροῦντας
1463 1103 2078 1191 περιβεβρωμένους

154 1218 313 1291 τοὺς
374 1216 620 1299 τυροὺς
681 1211 1027 1295 θαυμάσαι
1089 1211 1163 1274 τὸ
1226 1212 1633 1297 παράδοξον·
1697 1213 2078 1298 παρατηρή-

157 1337 401 1396 σαντας
437 1314 564 1385 οὖν
599 1316 712 1384 καὶ
748 1319 1091 1401 μαθόντας
1125 1317 1248 1400 τὴν
1293 1319 1511 1384 αἰτίαν
1549 1319 1771 1409 εὑρεῖν
1813 1322 1889 1385 τὸ
1926 1318 2075 1405 βρέ-

74 1444 128 1484 10
156 1450 317 1511 φος,
373 1421 700 1508 διαφέρον
754 1431 845 1509 τῷ
900 1422 1141 1488 κάλλει.
1232 1423 1440 1499 εὐθὺς
1496 1419 1619 1490 οὖν
1674 1425 1834 1490 αὐτὸ
1889 1429 2074 1510 κομί·
2112 1445 2147 1493 6

51 1552 152 1601 117
177 1549 421 1606 σαντας
476 1530 571 1606 εἰς
625 1528 747 1610 τὴν
802 1530 1080 1593 ἔπαυλιν
1136 1528 1570 1613 δωρήσασθαι
1621 1540 1712 1617 τῷ
1757 1548 2074 1616 προεστη-

157 1638 305 1701 κότι
375 1645 510 1701 τῶν
572 1635 935 1716 βασιλικῶν
994 1643 1292 1716 κτηνῶν,
1366 1635 1577 1716 ὄνομα
1640 1637 1892 1722 Σίμμᾳ·
1965 1637 2076 1703 καὶ

159 1748 402 1806 τοῦτον
448 1740 725 1823 ἄτεκνον
771 1740 930 1804 ὄντα
975 1739 1051 1804 τὸ
1096 1739 1370 1805 παιδίον
1414 1737 1685 1825 τρέφειν
1731 1740 1820 1816 ὡς
1863 1743 2076 1824 θυγά-

158 1868 350 1931 τριον
392 1846 553 1929 μετὰ
596 1845 811 1927 πάσης
854 1843 1242 1929 ἐπιμελείας,
1290 1846 1503 1928 ὄνομα
1546 1843 1840 1929 θέμενον
1875 1850 2077 1930 Σεμί-

73 1970 125 2011 15
155 1975 389 2040 ραμιν,
447 1951 606 2037 ὅπερ
663 1948 799 2016 ἐστὶ
854 1952 1021 2017 κατὰ
1064 1951 1188 2035 τὴν
1241 1962 1379 2018 τῶν
1422 1952 1672 2038 Σύρων
1732 1953 2077 2019 διάλεκτον

152 2057 768 2145 παρωνομασμένον
815 2057 942 2124 ἀπὸ
981 2069 1116 2123 τῶν
1159 2069 1588 2144 περιστερῶν,
1637 2058 1715 2135 ἃς
1760 2054 1871 2124 ἀπ’
1916 2057 2078 2125 ἐκεί-

155 2189 296 2231 νων
332 2175 467 2231 τῶν
502 2167 767 2251 χρόνων
796 2166 868 2229 οἰ
896 2166 1062 2230 κατὰ
1089 2169 1356 2251 Συρίαν
1391 2165 1675 2242 ἅπαντες
1700 2162 2077 2243 διετέλεσαν

155 2273 243 2348 ὡς
286 2274 452 2349 θεὰς
494 2281 826 2354 τιμῶντες.

339 2379 434 2443 Τὰ
470 2374 592 2462 μὲν
640 2371 766 2443 οὖν
800 2378 965 2442 κατὰ
1009 2376 1133 2459 τὴν
1170 2374 1436 2460 γένεσιν
1470 2385 1586 2461 τῆς
1620 2378 2074 2463 Σεμιράμιδος
2102 2378 2142 2441 5

77 2503 132 2542 20
158 2484 715 2568 μυθολογούμενα
763 2483 1004 2568 σχεδὸν
1055 2476 1240 2548 ταῦτ’
1293 2485 1490 2548 ἔστιν.
1580 2483 1709 2567 ἤδη
1758 2476 1819 2548 δ’
1871 2483 2073 2567 αὐτῆς

158 2587 419 2671 ἡλικίαν
482 2588 762 2674 ἐχούσης
823 2589 1041 2673 γάμου
1103 2587 1215 2654 καὶ
1277 2597 1370 2678 τῷ
1432 2589 1657 2655 κάλλει
1720 2595 1892 2657 πολὺ
1956 2593 2073 2668 τὰς

156 2696 359 2771 ἄλλας
384 2694 769 2781 παρθένους
805 2695 1274 2781 διαφερούσης,
1314 2694 1644 2779 ἀπεστάλη
1672 2699 1849 2783 παρὰ
1885 2701 2072 2780 βασι-

155 2798 319 2878 λέως
380 2801 677 2886 ὕπαρχος
743 2800 1254 2885 ἐπισκεψόμενος
1315 2803 1397 2866 τὰ
1461 2804 1766 2884 βασιλικὰ
1837 2806 2071 2886 κτήνη·

156 2901 352 2984 οὗτος
406 2905 466 2972 δ’
522 2906 813 2973 ἐκαλεῖτο
878 2903 1000 2991 μὲν
1034 2905 1308 2991 Ὄννης,
1373 2919 1631 2993 πρῶτος
1685 2906 1745 2973 δ’
1797 2904 1883 2990 ἦν
1937 2918 2073 2973 τῶν

74 3030 128 3071 25
155 3012 228 3079 ἐκ
280 3022 405 3079 τοῦ
456 3015 805 3096 βασιλικοῦ
860 3015 1221 3099 συνεδρίου
1274 3011 1386 3078 καὶ
1441 3022 1557 3097 τῆς
1600 3017 1856 3099 Συρίας
1911 3013 2072 3077 ἁπά-

156 3135 277 3203 σης
330 3116 887 3202 ἀποδεδειγμένος
939 3118 1248 3271 ὕπαρχος.
1341 3119 1415 3196 ὃς
1468 3121 1838 3194 καταλύσας
1896 3116 2072 3199 παρὰ

303 3351 331 3399 1
371 3342 625 3409 ἀπόντας
660 3345 912 3414 Ursinue‚
952 3361 1059 3400 om.
1097 3343 1363 3414 AODFG,
1399 3350 1453 3400 λι
1434 3342 1668 3407 ιπόντας
1705 3339 1893 3405 ceteri,
1930 3333 2074 3391 ἄπο-

152 3414 549 3557 κεχωρηκότας
583 3417 868 3472 Gemistus
1001 3421 1035 3470 8
1070 3420 1194 3471 θαν
1196 3387 1397 3485 μάζειν
1437 3415 1542 3470 OF
1664 3418 1727 3466 11
1767 3409 2073 3496 προεστῶτι

409 3493 479 3543 23
518 3486 765 3575 ἔπαρχος
798 3487 852 3541 ΙΙ
951 3435 1429 3552 ἐπισκεπτόμενος
1465 3485 1514 3540 D
1606 3490 1677 3537 24
1713 3479 1817 3551 μὲν
1844 3474 2071 3549 Ὄννης]

155 3558 471 3628 μεννόννης
505 3559 575 3627 D,
613 3556 856 3629 μενόνης
894 3557 1001 3614 CF
1139 3560 1207 3610 26
1246 3555 1491 3623 ἔπαρχος
1525 3554 1594 3609 ῙῙ·
