2569 4061
356 284 489 349 516
1026 280 1334 337 DIODORI
1372 278 1603 335 SICULI

360 443 609 529 συνέβη
674 444 798 527 τὴν
860 442 1351 529 προειρημένην
1414 436 1533 527 ὑφ’
1586 440 1704 507 ἕνα
1775 442 2012 525 καιρὸν
2086 438 2310 518 ὀξέως
2450 343 2515 1476 ἃ

288 572 324 622 4
359 553 493 636 ἅμα
557 550 876 616 εὔτεκνον
940 548 1054 615 καὶ
1114 552 1392 615 ἄτεκνον
1455 547 1791 632 γενέσθαι.
1903 544 2042 612 ἐπεὶ
2106 543 2185 611 δὲ
2260 547 2304 613 ὁ

368 657 707 735 Τάνταλος
754 655 1064 741 μισηθεὶς
1109 656 1238 721 ὑπὸ
1293 667 1428 721 τῶν
1473 662 1659 721 θεῶν
1706 652 2008 734 ἐξέπεσεν
2054 652 2127 719 ἐκ
2172 662 2305 737 τῆς

363 766 849 849 Παφλαγονίας
895 763 1024 828 ὑπὸ
1046 762 1233 827 Ἴλου
1278 771 1400 827 τοῦ
1444 764 1692 848 Τρωός,
1739 761 2103 844 ἀναγκαῖόν
2151 759 2302 825 ἐστι

360 869 475 935 καὶ
526 872 609 935 τὰ
663 869 815 956 περὶ
869 871 987 934 τὸν
1025 861 1200 934 Ἶλον
1254 867 1370 934 καὶ
1430 872 1588 945 τοὺς
1641 871 2018 953 προγόνους
2081 866 2302 932 αὐτοῦ
2357 881 2383 921 5

369 979 686 1043 διελθεῖν.

263 1084 350 1150 75
555 1087 685 1166 Τῆς
748 1083 1061 1170 Τρῳάδος
1114 1083 1333 1167 χώρας
1387 1091 1646 1167 πρῶτος
1701 1080 2085 1164 ἐβασίλευσε
2132 1085 2301 1145 Τεῦ-

373 1214 552 1274 κρος,
597 1190 744 1264 υίὸς
781 1189 879 1253 ὢν
915 1188 1370 1272 Σκαμάνδρου
1415 1197 1537 1254 τοῦ
1574 1197 1874 1272 ποταμοῦ
1910 1185 2021 1253 καὶ
2050 1185 2301 1265 Ἰδαίας

370 1297 662 1379 νύμφης,
701 1295 870 1380 ἀνὴρ
897 1293 1261 1379 ἐπιφανής,
1307 1294 1419 1361 καὶ
1454 1298 1613 1372 τοὺς
1650 1297 1854 1371 λαοὺς
1891 1292 2007 1380 ἀφ’
2054 1293 2299 1360 ἑαυτοῦ

382 1402 715 1484 Τεύκρους
751 1403 1265 1487 προσηγόρευσε.
1341 1403 1638 1488 Τεύκρου
1678 1396 1739 1465 δ’
1774 1400 2036 1485 ἐγένετο
2082 1402 2298 1484 θυγά-
2328 1411 2381 1450 10
2472 1481 2495 1498 ‚

371 1529 494 1591 τηρ
549 1508 817 1573 Βάτεια·
883 1509 1133 1592 ταύτην
1194 1505 1268 1573 δὲ
1326 1509 1685 1595 Δάρδανος
1750 1508 1785 1573 ὁ
1842 1510 2010 1586 Διὸς
2062 1511 2296 1593 γήμας,

371 1612 483 1679 καὶ
544 1615 669 1697 τὴν
733 1616 1077 1697 βασιλείαν
1135 1613 1632 1699 διαδεξάμενος,
1695 1618 1853 1692 τοὺς
1907 1611 2030 1699 μὲν
2094 1618 2298 1692 λαοὺς

376 1718 495 1806 ἀφ’
542 1719 783 1786 ἑαυτοῦ
843 1722 1145 1805 ὠνόμασε
1201 1722 1634 1807 Δαρδάνους,
1692 1724 1888 1787 πόλιν
1937 1716 1997 1786 δ’
2042 1723 2299 1799 οἰκίσας

307 1849 340 1898 2
380 1826 487 1892 ἐπὶ
524 1830 859 1911 θαλάττης
896 1828 1242 1912 ὠνόμασεν
1282 1824 1401 1913 ἀφ’
1433 1827 1674 1894 ἑαυτοῦ
1712 1829 2085 1914 Δάρδανον.
2142 1829 2301 1893 τού-

374 1956 499 1999 του
549 1931 609 1998 δ’
655 1928 1074 2019 Ἐριχθόνιος
1127 1935 1274 2012 υίὸς
1328 1937 1686 2017 γενόμενος
1741 1933 2124 2019 εὐδαιμονίᾳ
2176 1931 2299 1998 καὶ
2330 1942 2384 1982 15

379 2042 642 2130 πλούτῳ
718 2044 891 2107 πολὺ
969 2043 1298 2125 διήνεγκε·
1372 2040 1523 2127 περὶ
1588 2037 1671 2106 οὗ
1743 2039 1851 2108 καὶ
1914 2039 1949 2106 ὁ
2021 2041 2301 2124 ποιητὴς

363 2145 651 2233 Ὅμηρός
697 2164 894 2232 φησι,

471 2288 544 2366 ὃς
591 2290 673 2373 δὴ
724 2289 1160 2374 ἀφνειότατος
1204 2288 1433 2372 γένετο
1484 2296 1756 2374 θνητῶν
1802 2289 2209 2375 ἀνθρώπων·

469 2406 593 2461 τοῦ
639 2398 999 2482 τρισχίλιαι
1042 2397 1233 2461 ἵπποι
1277 2395 1427 2473 ἕλος
1471 2398 1636 2461 κάτα
1681 2395 2139 2480 βουκολέοντο.

315 2559 343 2603 3
379 2533 804 2623 Ἐριχθονίου
872 2535 934 2603 δ’
986 2539 1134 2615 υίὸς
1195 2541 1554 2623 γενόμενος
1624 2541 1811 2624 Τρὼς
1879 2540 2039 2616 τοὺς
2102 2541 2302 2615 λαοὺς
2327 2560 2377 2600 20

385 2643 732 2727 ὠνόμασεν
783 2642 905 2729 ἀφ’
960 2643 1201 2710 ἑαυτοῦ
1256 2649 1499 2731 Τρῶας.
1590 2646 1835 2711 τούτου
1893 2640 1955 2710 δ’
1999 2644 2301 2728 ἐγένοντο

383 2759 559 2833 τρεῖς
603 2750 764 2831 υἱοί,
804 2741 995 2833 Ἶλος,
1038 2745 1462 2837 Ἀσσάρακος,
1512 2754 1927 2836 Γανυμήδης.
1983 2744 2149 2830 Ἶλος
2184 2748 2303 2836 μὲν

387 2849 514 2920 οὗν
561 2854 803 2944 ᾤκισεν
851 2855 923 2922 ἐν
968 2857 1175 2946 πεδίῳ
1220 2861 1421 2924 πόλιν
1460 2844 1987 2944 ἐπιφανεστάτην
2032 2870 2162 2925 τῶν
2207 2858 2281 2924 ἐν
2300 2880 2403 2930 319
2473 2842 2498 2971 J

387 2972 466 3048 τῇ
530 2965 829 3053 Τρῳάδι,
869 2961 1080 3029 Ἴλιον
1136 2962 1251 3049 ἀφ’
1298 2963 1539 3031 ἑαυτοῦ
1593 2965 1880 3063 θέμενος
1933 2967 2056 3049 τὴν
2108 2983 2305 3050 προσ·
2457 2994 2484 3383 J·

2444 3473 2476 3507 ‹-

321 3092 353 3136 4
389 3073 693 3155 ηγορίαν.
728 3069 916 3136 Ἴλου
947 3066 1020 3135 δὲ
1047 3073 1405 3155 γενόμενος
1430 3072 1578 3148 υίὸς
1604 3070 1975 3155 Λαομέδων
2003 3073 2305 3137 Τιθωνὸν
2332 3091 2384 3132 25

391 3173 499 3240 καὶ
548 3179 862 3261 Πρίαμον
909 3174 1291 3260 ἐγέννησεν·
1339 3173 1434 3242 ὧν
1484 3179 1789 3254 Τιθωνὸς
1834 3174 1955 3262 μὲν
2003 3181 2305 3263 στρατεύ-

393 3298 511 3358 σας
569 3283 663 3358 εἰς
708 3283 788 3346 τὰ
833 3284 999 3367 πρὸς
1054 3282 1139 3348 ἕω
1186 3282 1351 3368 μέρη
1408 3293 1522 3367 τῆς
1561 3282 1782 3362 Ἀσίας
1827 3283 1938 3350 καὶ
1984 3285 2306 3364 διατείνας

569 3476 602 3523 3
645 3467 732 3542 ἔκ]
773 3469 879 3539 μὲν
916 3469 1031 3527 άπὸ
1068 3475 1117 3527 D

1272 3475 1371 3543 τῆς
1409 3491 1517 3532 om.
1557 3477 1609 3531 II
1767 3482 1832 3531 18
1871 3477 2124 3548 θνητῶν]
2160 3475 2298 3533 πάν-

393 3557 501 3590 των
539 3540 587 3591 D
735 3546 804 3594 24
840 3542 907 3612 τῇ
948 3559 1057 3597 om.
1096 3543 1162 3598 D.
2344 3512 2478 3976 j
