2569 4061
1035 281 1087 337 ΙΙ
1121 289 1209 338 43.
1237 288 1325 338 44.
1356 289 1440 340 45.
2050 286 2180 351 241

258 445 702 532 ἀναιροῦντας
745 447 997 532 ἔρημον
1031 453 1307 529 ποιῆσαι
1351 447 1426 510 τὸ
1472 452 1784 516 πλεῖστον
1824 448 2025 536 μέρος
2068 458 2186 533 τῆς

253 554 490 638 χώρας.
582 554 743 638 μετὰ
807 550 883 618 δὲ
943 560 1151 617 ταῦτα
1215 551 1534 637 ἀναρχίας
1596 554 1955 640 γενομένης
2016 555 2183 621 κατὰ
2202 555 2292 620 44

254 659 381 743 τὴν
434 661 781 743 Σκυθίαν,
846 656 1287 741 ἐβασίλευσαν
1349 668 1661 742 γυναῖκες
1722 659 1886 745 ἀλκῇ
1951 660 2183 748 διαφέ-

254 782 513 852 ρουσαι.
606 764 680 830 ἐν
732 765 997 842 τούτοις
1049 765 1177 850 γὰρ
1222 775 1365 841 τοῖς
1420 766 1695 830 ἔθνεσιν
1750 766 1825 829 αἱ
1873 780 2181 848 γυναῖκες

170 890 198 932 5
252 873 700 956 γυμνάζονται
727 873 895 959 πρὸς
921 874 1214 956 πόλεμον
1233 872 1707 957 παραπλησίως
1733 881 1873 947 τοῖς
1901 871 2183 959 ἀνδράσι

252 977 367 1044 καὶ
391 990 536 1056 ταῖς
574 978 911 1065 ἀνδρείαις
948 974 1153 1043 οὐδὲν
1181 980 1521 1044 λείπονται
1548 988 1684 1043 τῶν
1714 976 1998 1062 ἀνδρῶν.
2076 979 2180 1044 διὸ

252 1083 365 1150 καὶ
421 1095 764 1169 γυναικῶν
819 1083 1165 1168 ἐπιφανῶν
1223 1081 1464 1150 πολλαὶ
1517 1081 1630 1150 καὶ
1684 1085 1966 1169 μεγάλαι
2017 1085 2183 1170 πρά-

254 1189 386 1269 ξεις
451 1191 980 1275 ἐπετελέσθησαν
1036 1189 1120 1256 οὐ
1176 1191 1388 1274 μόνον
1439 1193 1604 1257 κατὰ
1666 1192 1791 1276 τὴν
1843 1193 2181 1274 Σκυθίαν,

254 1296 423 1364 ἀλλά
449 1295 561 1364 καὶ
588 1300 752 1363 κατὰ
778 1298 904 1382 τὴν
931 1298 1184 1382 ὅμορον
1209 1296 1454 1381 ταύτης
1479 1299 1721 1384 χώραν.
1794 1300 2031 1385 Κύρου
2058 1293 2182 1383 μὲν
2219 1317 2251 1364 2

173 1421 228 1461 10
254 1406 383 1490 γὰρ
428 1413 551 1469 τοῦ
581 1410 868 1490 Περσῶν
904 1402 1228 1488 βασιλέως
1264 1407 1577 1469 πλεῖστον
1615 1406 2009 1488 ἰσχύσαντος
2044 1415 2182 1470 τῶν

251 1508 411 1575 καθ’
453 1510 661 1575 αὑτὸν
695 1508 806 1574 καὶ
844 1505 1369 1595 στρατεύσαντος
1405 1508 1776 1593 ἀξιολόγοις
1814 1512 2182 1596 δυνάμεσιν

253 1618 352 1692 εἰς
393 1616 520 1697 τὴν
564 1617 909 1698 Σκυθίαν,
964 1614 1007 1698 ἡ
1054 1617 1413 1698 βασίλισσα
1454 1625 1591 1680 τῶν
1634 1620 1933 1680 Σκυθῶν
1987 1620 2064 1680 τό
2109 1638 2179 1681 τε

256 1721 711 1803 στρατόπεδον
752 1731 890 1786 τῶν
926 1726 1215 1807 Περσῶν
1258 1718 1582 1798 κατέκοψε
1627 1718 1740 1784 καὶ
1782 1722 1903 1785 τὸν
1946 1724 2181 1806 Κῦρον

257 1826 676 1910 αἰχμάλωτον
702 1830 1067 1912 γενόμενον
1104 1827 1593 1914 ἀνεσταύρωσε·
1630 1829 1707 1892 τό
1743 1849 1814 1892 τε
1844 1824 2182 1893 συσταθὲν

169 1950 223 1991 15
251 1934 458 2010 ἔθνος
512 1945 646 1999 τῶν
694 1932 1070 2019 Ἀμαζόνων
1114 1944 1442 2000 τοσοῦτον
1497 1933 1775 2021 ἀνδρείᾳ
1833 1934 2181 2017 διήνεγκεν

253 2042 422 2107 ὥστε
468 2042 557 2126 μὴ
604 2045 817 2127 μόνον
860 2043 1119 2126 πολλὴν
1156 2043 1381 2129 χώραν
1424 2042 1676 2129 ὅμορον
1711 2044 2180 2128 καταδραμεῖν,

253 2147 422 2213 ἀλλὰ
465 2147 578 2214 καὶ
612 2150 869 2233 πολλὴν
905 2157 1022 2232 τῆς
1054 2148 1388 2236 Εὐρώπης
1422 2148 1535 2216 καὶ
1579 2157 1696 2232 τῆς
1733 2146 1952 2225 Ἀσίας
1986 2170 2179 2213 κατα·
2298 2182 2308 2190 ·

252 2252 688 2340 στρέψασθαι.

423 2358 653 2445 Ἡμεῖς
681 2356 742 2426 δ’
776 2360 1002 2447 ἐπειδὴ
1031 2359 1182 2448 περὶ
1209 2373 1346 2428 τῶν
1366 2360 1814 2447 Ἀμαζονίδων
1843 2360 2178 2446 ἐμνήσθη·
2215 2380 2247 2428 3

170 2484 226 2524 2⁰
253 2490 406 2551 μεν,
465 2467 590 2533 οὐκ
646 2467 981 2534 ἀνοίκειον
1035 2462 1209 2533 εἶναι
1262 2470 1618 2552 νομίζομεν
1675 2467 1973 2533 διελθεῖν
2024 2465 2178 2554 περὶ

254 2571 496 2657 αὐτῶν,
533 2575 600 2639 εί
630 2572 741 2639 καὶ
779 2575 893 2639 διά
927 2575 1051 2659 τὴν
1085 2573 1664 2661 παραδοξολογίαν
1700 2574 1944 2657 μύθοις
1981 2573 2177 2658 ὅμοια

252 2682 621 2763 φανήσεται
664 2681 746 2745 τὰ
783 2678 1090 2767 ρηθέντα.
1171 2682 1352 2766 παρὰ
1395 2681 1516 2745 τὸν
1554 2681 1999 2766 Θερμώδοντα
2040 2683 2175 2747 τοί·
2194 2680 2283 2744 45

252 2807 383 2850 νυν
453 2789 753 2872 ποταμὸν
825 2789 1073 2863 ἔθνους
1140 2796 1547 2873 κρατοῦντος
1617 2809 2177 2873 γυναικοκρατου-

253 2887 491 2975 μένου,
536 2889 648 2957 καὶ
692 2902 828 2957 τῶν
872 2903 1212 2974 γυναικῶν
1259 2892 1505 2977 ὁμοίως
1548 2903 1689 2969 τοῖς
1734 2892 2018 2977 ἀνδράσι
2061 2893 2178 2968 τὰς

169 3013 224 3056 25
252 2999 610 3082 πολεμικὰς
670 3000 891 3084 χρείας
949 2997 1606 3084 μεταχειριζομένων,
1672 2997 1841 3083 φασὶ
1894 3001 2054 3083 μίαν
2110 2997 2175 3074 ἐξ

252 3104 475 3169 αὐτῶν
518 3105 873 3189 βασιλικὴν
920 3103 1229 3184 ἐξουσίαν
1274 3107 1562 3190 ἔχουσαν
1606 3104 1772 3190 ἀλκῇ
1830 3104 1942 3168 καὶ
1987 3102 2175 3187 ῥώμῃ

252 3210 645 3293 διενεγκεῖν·
707 3209 1221 3295 συστησαμένην
1284 3206 1359 3275 δὲ
1417 3220 1758 3292 γυναικῶν
1822 3208 2174 3291 στρατόπε-

395 3408 430 3456 4
467 3399 534 3456 αἴ
564 3422 735 3471 γυναι
719 3407 834 3464 κες
871 3419 982 3459 om.
1019 3402 1072 3456 ΙΙ
1219 3409 1283 3456 16
1325 3398 1685 3488 ἐπιδραμεῖν
1699 3396 1804 3455 OF
1944 3402 2010 3450 19
2050 3391 2177 3449 ἐπεὶ

255 3472 359 3528 OF
497 3478 565 3528 21
606 3472 661 3528 εἰ
693 3469 928 3545 καὶ]τά
968 3473 1019 3527 11
1162 3479 1230 3527 22
1269 3468 1589 3541 φανήσεται
1623 3468 1695 3524 τά
1732 3463 1946 3677 {lain
1917 3466 2012 3537 τα]
2052 3468 2171 3521 δια·

249 3541 550 3613 ληφθέντα
585 3544 640 3599 11
785 3550 854 3599 23
892 3543 1258 3615 κρατοῦντος]
1298 3542 1700 3602 κατοικοῦντος

358 3641 519 3683 Do
522 3645 677 3684 σῙ
