2569 4061
1074 387 1128 440 11
1166 393 1249 444 22.
1281 393 1364 440 23.
2047 388 2172 451 207

248 567 420 635 φασι
467 553 873 635 Μεμνόνεια.
951 550 1033 614 οὐ
1079 550 1212 634 μὴν
1259 548 1427 614 ἀλλὰ
1472 559 1612 625 τοῖς
1655 549 1876 636 Τρωσὶ
1923 551 2180 635 λέγεται
2218 574 2248 622 5

248 660 589 740 βοηθῆσαι
636 658 755 722 τὸν
792 653 1119 740 Μέμνονα
1167 656 1329 739 μετὰ
1368 656 1739 738 δισμυρίων
1785 655 1908 741 μὲν
1944 659 2180 739 πεζῶν,

253 763 566 850 ἁρμάτων
615 758 689 827 δὲ
731 764 1122 828 διακοσίων·
1169 759 1249 825 ὃν
1295 763 1788 843 θαυμασθῆναί
1816 784 1886 825 τε
1935 757 2021 826 δι’
2066 761 2180 827 ἀν-

258 870 488 953 δρείαν
550 867 661 934 καὶ
724 871 1014 946 πολλοὺς
1079 868 1342 933 ἀνελεῖν
1408 866 1480 931 ἐν
1544 876 1688 942 ταῖς
1750 867 1986 952 μάχαις
2049 878 2184 932 τῶν

203 993 230 1033 5
248 972 606 1059 Ἑλλήνων,
651 977 727 1041 τὸ
768 972 842 1040 δὲ
885 980 1269 1041 τελευταῖον
1315 972 1446 1037 ὑπὸ
1488 976 1838 1038 Θετταλῶν
1883 970 2182 1056 ἐνεδρευ-

256 1080 464 1147 θέντα
490 1090 1021 1167 κατασφαγῆναι·
1059 1089 1180 1145 τοῦ
1220 1076 1296 1144 δὲ
1325 1079 1625 1162 σώματος
1660 1079 1820 1154 τοὺς
1846 1079 2188 1153 Αἰθίοπας

257 1185 592 1275 ἐγκρατεῖς
632 1187 1036 1273 γενομένους
1073 1190 1487 1253 κατακαῦσαί
1524 1210 1597 1251 τε
1631 1186 1750 1251 τὸν
1796 1186 2039 1270 νεκρὸν
2075 1182 2186 1248 καὶ

254 1298 337 1361 τὰ
385 1296 547 1362 ὀστᾶ
602 1298 767 1381 πρὸς
821 1296 1135 1360 Τιθωνὸν
1187 1293 1601 1377 ἀποκομίσαι.
1692 1292 1845 1378 περὶ
1891 1289 2013 1377 μὲν
2061 1284 2185 1355 οὗν

256 1401 619 1488 Μέμνονος
681 1400 933 1467 τοιαῦτ’
989 1401 1062 1466 ἐν
1126 1412 1268 1477 ταῖς
1331 1405 1703 1484 βασιλικαῖς
1766 1399 2186 1485 ἀναγραφαῖς

172 1529 230 1569 10
261 1510 687 1592 ἱστορεῖσθαί
726 1523 936 1591 φασιν
983 1507 1054 1571 oc
1092 1507 1435 1592 βάρβαροι.

441 1614 1013 1698 Σαρδανάπαλλος
1078 1613 1182 1697 δέ,
1247 1614 1634 1699 τριακοστὸς
1697 1609 1819 1697 μὲν
1893 1613 1987 1677 ὢν
2056 1611 2183 1676 ἀπὸ
2207 1618 2296 1681 23

263 1721 491 1783 Νίνου
527 1727 647 1783 τοῦ
685 1719 1189 1803 συστησαμένου
1224 1721 1349 1804 τὴν
1384 1719 1766 1804 ἡγεμονίαν,
1801 1722 2074 1805 ἔσχατος
2111 1713 2186 1781 δὲ

263 1827 622 1909 γενόμενος
669 1823 1036 1912 Ἀσσυρίων
1091 1827 1434 1911 βασιλεύς,
1500 1826 1831 1912 ὑπερῆρεν
1895 1826 2188 1918 ἅπαντας

262 1935 421 2009 τοὺς
457 1933 586 2018 πρὸ
623 1933 831 1998 αὐτοῦ
867 1942 1089 2020 τρυφῇ
1127 1933 1237 1999 καὶ
1276 1934 1596 2021 ῥᾳθυμία.
1662 1931 1864 2018 χωρὶς
1901 1932 2028 2015 γὰρ
2066 1937 2187 1994 τοῦ

182 2057 234 2098 15
263 2037 418 2125 μηδ’
463 2038 581 2125 ὑφ’
626 2039 775 2118 ἐνὸς
820 2052 954 2106 τῶν
1000 2041 1252 2121 ἔξωθεν
1301 2041 1592 2128 ὁρᾶσθαι
1638 2043 1790 2123 βίον
1838 2041 2021 2122 ἔζησε
2073 2060 2189 2120 γυ-

264 2150 514 2230 ναικός,
559 2145 669 2212 καὶ
718 2149 1149 2231 διαιτώμενος
1195 2144 1318 2237 μὲν
1364 2149 1525 2232 μετὰ
1571 2156 1706 2210 τῶν
1741 2144 2188 2225 παλλακίδων,

265 2248 626 2341 πορφύραν
674 2250 746 2319 δὲ
803 2252 914 2318 καὶ
960 2255 1040 2317 τὰ
1085 2254 1519 2338 μαλακώτατα
1571 2261 1708 2316 τῶν
1755 2251 1952 2336 ἐρίων
1996 2253 2189 2314 ταλα-

162 2379 264 2430 137
287 2371 644 2447 σιουργῶν,
692 2360 939 2443 στολὴν
975 2355 1097 2443 μὲν
1143 2362 1533 2443 γυναικείαν
1574 2357 1968 2440 ἐνεδεδύκει,
2005 2358 2079 2421 τὸ
2119 2350 2193 2419 δὲ

268 2469 630 2550 πρόσωπον
692 2464 803 2532 καὶ
874 2472 1009 2530 πᾶν
1071 2465 1146 2530 τὸ
1214 2475 1401 2549 σῶμα
1464 2465 1818 2547 ψιμυθίοις
1879 2460 1990 2526 καὶ
2053 2471 2193 2537 τοῖς

193 2590 248 2630 20
277 2571 499 2648 ἄλλοις
533 2584 671 2651 τοῖς
715 2583 851 2638 τῶν
889 2570 1169 2657 ἑταιρῶν
1216 2569 1731 2655 ἐπιτηδεύμασιν
1767 2569 2193 2653 ἁπαλώτερον
2563 2578 2569 2609 ²

272 2678 484 2761 πάσης
518 2681 834 2762 γυναικὸς
869 2687 1203 2765 τρυφερᾶς
1236 2677 1734 2743 κατεσκεύαστο.
1800 2674 2190 2760 ἐπετήδευσε
2230 2705 2262 2750 2
2563 2700 2568 2737 i

273 2780 346 2850 δὲ
390 2783 502 2850 καὶ
554 2787 677 2870 τὴν
723 2787 959 2870 φωνὴν
1014 2788 1189 2871 ἔχειν
1234 2786 1616 2869 γυναικώδη
1673 2782 1784 2849 καὶ
1827 2786 1991 2850 κατὰ
2036 2786 2193 2859 τοὺς
2393 2778 2401 2785 ’

271 2895 516 2969 πότους
579 2892 661 2958 οὐ
724 2894 938 2977 μόνον
1002 2901 1226 2957 ποτῶν
1283 2890 1393 2956 καὶ
1458 2895 1735 2977 βρωτῶν
1797 2902 1932 2957 τῶν
1993 2894 2195 2956 δυνα-

272 2995 492 3089 μένων
563 2999 846 3082 μάλιστα
916 2999 1032 3075 τὰς
1103 2998 1351 3082 ἡδονὰς
1422 2997 1829 3083 παρέχεσθαι
1902 3007 2195 3081 συνεχῶς

195 3122 246 3162 25
276 3103 660 3187 ἀπολαύειν,
699 3104 865 3170 ἀλλὰ
899 3103 1154 3181 καὶτὰς
1191 3104 1674 3191 ἀφροδισιακὰς
1709 3102 1969 3189 τέρψεις
2005 3124 2194 3186 μετα-

275 3212 544 3276 διώκειν
590 3211 836 3298 ἀνδρὸς
880 3211 1014 3295 ἅμα
1060 3209 1170 3276 καὶ
1214 3211 1553 3294 γυναικός·
1602 3210 1835 3296 ἐχρῆτο
1882 3210 2007 3292 γὰρ
2054 3215 2196 3279 ταῖς
2559 3260 2569 3305 4

277 3316 373 3382 ἐπ’
413 3317 754 3405 ἀμφότερα
794 3319 1183 3394 συνουσίαις
1210 3315 1479 3401 ἀνέδην,
1506 3326 1622 3400 τῆς
1655 3316 1726 3381 ἐκ
1752 3322 1868 3395 τῆς
1902 3310 2196 3397 πράξεως
2559 3318 2569 3405 ‘ff'

421 3517 454 3565 2
495 3508 865 3584 βοηθήσαντα
901 3510 953 3563 ΙΙ
1055 3517 1086 3564 3
1126 3503 1193 3564 ὃν
1230 3506 1677 3595 θαυμασθῆναι]
1709 3501 2109 3571 ὀνομασθῆναι
2145 3500 2198 3551 II

279 3588 314 3635 4
344 3577 407 3636 ἐν
435 3602 481 3636 τ.
512 3603 565 3653 μ.
598 3578 824 3637 ἀνελεῖν
855 3581 1007 3651 vulg.
1068 3587 1098 3635 7
1129 3599 1188 3635 τε
1217 3597 1326 3635 om.
1362 3579 1464 3634 OF
1534 3584 1566 3630 8
1596 3575 1723 3644 ουν]
1756 3573 1856 3626 τοῦ
1886 3570 2013 3624 add.
2043 3568 2196 3636 vulg.

283 3658 348 3707 15
402 3650 697 3726 γυναικός]
734 3649 1062 3722 γυναικώδη
1100 3650 1154 3703 II
1294 3656 1363 3703 23
1420 3648 1648 3719 βρωτῶν
1685 3642 1784 3696 καὶ
1819 3640 2008 3694 ποτῶν
2045 3640 2194 3705 vulg.
