2569 4061
1072 279 1125 334 11
1163 287 1249 336 47.
1289 287 1375 338 48.
2064 284 2193 348 247

274 443 417 510 λέσι
452 453 710 520 ποτοῖς·
758 443 830 508 οί
870 438 945 507 δὲ
988 443 1272 521 τούτους
1308 442 1771 524 ἐπιδιώκοντες
1805 447 2200 524 ἀλλοεθνεῖς

271 554 696 629 σπανίζοντες
730 559 847 634 τῆς
879 550 1152 636 ὑδρείας
1196 551 1312 615 διὰ
1346 550 1470 633 τὴν
1506 551 1787 632 ἄγνοιαν
1821 564 1957 619 τῶν
1993 553 2197 639 φρεά-

266 666 437 737 τῶν,
491 658 565 722 οἱ
604 652 728 739 μὲν
773 655 1179 722 ἀπόλλυνται
1235 658 1350 722 διὰ
1393 656 1518 739 τὴν
1563 656 1809 721 σπάνιν
1852 670 1988 725 τῶν
2031 659 2196 725 ὑδά-

270 785 440 845 των,
507 764 578 828 οἱ
638 759 714 828 δὲ
768 764 983 828 πολλὰ
1035 764 1630 846 κακοπαθήσαντες
1683 763 1874 845 μόγις
1928 766 2023 840 εἰς
2074 745 2197 849 την

180 885 211 926 5
272 870 526 934 οἰκείαν
598 869 936 947 σώζονται.
1039 869 1271 955 διόπερ
1337 869 1410 933 οἱ
1465 868 1716 951 ταύτην
1778 869 1902 950 τὴν
1973 869 2196 953 χώραν
2233 891 2267 939 4

154 978 269 1028 160
286 983 749 1051 κατοικοῦντες
766 972 1068 1060 Ἄραβες,
1107 975 1296 1049 ὄντες
1332 971 2010 1057 δυσκαταπολέμητοι,
2057 975 2198 1038 δια-
2237 996 2243 1004 ·

265 1086 579 1148 τελοῦσιν
638 1080 1039 1162 ἀδούλωτοι,
1098 1081 1267 1163 πρὸς
1323 1075 1398 1144 δὲ
1450 1080 1715 1158 τούτοις
1766 1081 2021 1163 ἔπηλυν
2076 1075 2199 1162 μὲν

267 1186 562 1271 ἡγεμόνα
616 1186 692 1250 τὸ
745 1186 1061 1271 παράπαν
1107 1183 1190 1250 ού
1245 1183 1759 1270 προσδέχονται,
1815 1186 2200 1250 διατελοῦσι

269 1289 343 1358 δὲ
389 1295 513 1378 τὴν
559 1292 953 1378 ἐλευθερίαν
991 1291 1554 1375 διαφυλάττοντες
1590 1292 1973 1359 ἀσάλευτον.
2058 1292 2197 1357 διό-
2234 1311 2267 1361 5

182 1419 240 1459 10
266 1420 393 1484 περ
439 1396 585 1463 οὔτ’
634 1392 975 1481 Ἀσσύριοι
1018 1397 1094 1460 τὸ
1139 1397 1426 1460 παλαιὸν
1473 1392 1628 1462 οὔθ’
1674 1398 1746 1463 οἱ
1774 1400 2040 1481 Μήδων
2083 1395 2198 1463 καὶ

267 1509 589 1591 Περσῶν,
646 1505 744 1566 ἔτι
800 1499 875 1566 δὲ
930 1502 1351 1566 Μακεδόνων
1405 1503 1701 1584 βασιλεῖς
1753 1503 2197 1587 ἠδυνήθησαν

269 1611 518 1684 αὐτοὺς
561 1607 1236 1689 καταδουλώσασθαι,
1293 1608 1543 1684 πολλὰς
1587 1606 1711 1691 μὲν
1753 1607 1866 1672 καὶ
1911 1611 2199 1692 μεγάλας

270 1714 590 1797 δυνάμεις
642 1708 743 1778 ἐπ’
803 1713 1048 1791 αὐτοὺς
1110 1713 1503 1797 ἀγαγόντες,
1569 1712 1889 1779 οὐδέποτε
1953 1713 2028 1779 δὲ
2084 1717 2201 1791 τὰς

269 1819 582 1903 ἐπιβολὰς
635 1817 1161 1897 συντελέσαντες.
1254 1822 1397 1885 ἔστι
1452 1814 1514 1884 δ’
1567 1818 1641 1884 ἐν
1684 1826 1765 1903 τῇ
1821 1819 2004 1907 χώρᾳ
2062 1831 2199 1885 τῶν
2236 1842 2268 1890 6

183 1948 237 1989 15
267 1929 677 2011 Ναβαταίων
720 1924 835 1991 καὶ
876 1925 1085 2012 πέτρα
1128 1921 1288 1992 καθ’
1329 1925 1714 2012 ὑπερβολὴν
1759 1924 1994 2011 ὀχυρά,
2038 1927 2199 2008 μίαν

268 2034 598 2118 ἀνάβασιν
652 2035 929 2118 ἔχουσα,
996 2028 1086 2099 δι’
1147 2028 1227 2117 ἧς
1279 2030 1422 2099 κατ’
1477 2033 1748 2115 ὀλίγους
1802 2032 2200 2116 ἀναβαίνον-

265 2165 374 2219 τες
430 2140 861 2206 ἀποτίθενται
927 2141 1046 2216 τὰς
1104 2139 1503 2216 ἀποσκευάς·
1566 2142 1767 2223 λίμνη
1821 2161 1894 2203 τε
1948 2140 2198 2224 μεγάλη

268 2247 573 2334 φέρουσα
616 2247 875 2330 πολλὴν
910 2248 1278 2330 ἄσφαλτον,
1326 2245 1395 2323 ἐξ
1438 2240 1520 2329 ἧς
1564 2245 2027 2329 λαμβάνουσιν
2073 2245 2200 2311 οὐκ

270 2354 501 2437 ὀλίγας
543 2353 940 2439 προσόδους.
1023 2350 1188 2436 αὕτη
1238 2349 1299 2415 δ’
1348 2353 1482 2435 ἔχει
1525 2352 1601 2415 τὸ
1642 2347 1766 2435 μὲν
1802 2359 2010 2434 μῆκος
2045 2367 2198 2417 στα·
2237 2373 2267 2423 7

184 2481 240 2520 20
268 2461 436 2524 δίων
481 2459 573 2536 ὡς
623 2461 1111 2541 πεντακοσίων,
1167 2459 1244 2523 τὸ
1302 2454 1377 2522 δὲ
1427 2457 1675 2534 πλάτος
1720 2457 1810 2533 ὡς
1856 2454 2198 2540 ἑξήκοντα,

266 2566 342 2630 τὸ
399 2562 459 2630 δ’
512 2564 699 2650 ὕδωρ
755 2567 1055 2642 δυσῶδες
1106 2561 1218 2630 καὶ
1273 2564 1658 2647 διάπικρον,
1715 2563 1883 2628 ὥστε
1936 2565 2025 2648 μὴ
2081 2565 2198 2630 δύ-

266 2677 518 2737 νασθαι
580 2667 728 2756 μήτ’
792 2674 996 2756 ἰχθῦν
1058 2669 1332 2757 τρέφειν
1395 2667 1549 2754 μήτ’
1608 2671 1770 2735 ἄλλο
1833 2680 1969 2736 τῶν
2028 2665 2189 2737 καθ’

264 2777 513 2855 ὕδατος
556 2780 901 2844 εἰωθότων
949 2773 1133 2866 ζῴων
1178 2772 1368 2841 εἶναι.
1461 2776 1928 2859 ἐμβαλλόντων
1984 2774 2047 2842 δ’
2101 2779 2198 2854 εἰς

267 2884 481 2968 αὐτὴν
533 2895 848 2969 ποταμῶν
903 2884 1209 2968 μεγάλων
1263 2891 1345 2967 τῇ
1410 2883 1771 2965 γλυκύτητι
1826 2883 2195 2969 διαφόρων,

186 3029 240 3069 25
267 2990 529 3056 τούτων
575 2986 696 3074 μὲν
740 2992 1150 3076 περιγίνεται
1192 2990 1358 3054 κατὰ
1403 2989 1526 3072 τὴν
1563 2989 1926 3069 δυσωδίαν,
1974 2986 2042 3064 ἐξ
2080 2987 2196 3052 αὑ-

265 3105 384 3180 τῆς
431 3092 505 3161 δὲ
550 3095 754 3181 μέσης
808 3093 949 3161 κατ’
1005 3095 1317 3161 ἐνιαυτὸν
1361 3093 1622 3181 ἐκφυσᾷ
1679 3094 2025 3179 ἀσφάλτου
2086 3090 2197 3174 με’-

266 3209 474 3287 γεθος
527 3199 687 3268 ποτὲ
740 3198 864 3289 μὲν
917 3204 1140 3285 μεῖζον
1194 3200 1236 3286 ἢ
1291 3204 1731 3287 τρίπλεθρον,
1787 3200 1927 3263 ἔστι
1973 3190 2034 3260 δ’
2086 3195 2196 3261 ὅτε

415 3469 448 3517 4
486 3462 641 3534 μόλις
678 3464 732 3519 ΙΙ
903 3470 969 3519 12
1008 3463 1139 3535 μὲν]
1178 3463 1243 3519 δὲ
1280 3462 1377 3516 DF
1552 3465 1619 3514 14
1655 3459 1768 3513 τῶν
1804 3451 2109 3525 ἀναβατῶν
2145 3454 2196 3507 D

271 3541 342 3591 23
396 3532 782 3607 ἐκβαλλόντων
823 3535 928 3592 OF
1102 3541 1170 3589 26
1230 3529 1527 3602 ἐκφύουσα
1570 3529 1682 3584 DF.
