2569 4061
1078 919 1197 984 DE
1256 917 1721 987 OODIOIBUS

555 1076 820 1144 QUIBUS
861 1076 1191 1143 QUINQUE
1230 1076 1427 1131 LIBRI
1463 1076 1670 1133 PRIMI
1708 1075 2250 1133 CONTINENTUR.

617 1227 711 1285 Ex
747 1225 1145 1305 quadraginta
1181 1227 1370 1301 libris,
1409 1245 1557 1305 quos
1597 1226 1899 1289 Diodorus
1935 1230 2115 1287 natus
2143 1227 2380 1303 Agyrii

440 1325 507 1383 in
552 1318 772 1401 oppido
822 1323 1060 1384 Siciliae
1114 1326 1295 1401 paulo
1348 1327 1488 1401 post
1533 1323 1804 1384 Caesaris
1863 1343 2072 1384 necem
2125 1343 2375 1402 compo—

442 1423 593 1498 suit,
659 1422 997 1497 quindecim
1050 1441 1170 1482 non
1225 1423 1485 1499 amplius
1546 1425 1689 1482 sunt
1748 1421 1998 1497 servati,
2062 1422 2166 1499 qui
2221 1427 2377 1483 sunt

439 1520 583 1580 libri
632 1518 811 1578 I—V
857 1523 918 1580 et
961 1519 1048 1579 XI
1068 1551 1143 1561 —-
1161 1519 1299 1597 XX3
1365 1519 1551 1580 ceteri
1595 1523 1834 1596 praeter
1888 1522 2167 1596 excerpta
2213 1522 2375 1582 satis

438 1618 709 1693 copiosa,
764 1635 915 1693 quae
960 1617 1349 1678 inveniuntur
1396 1617 1558 1694 apud
1608 1618 1973 1694 posteriores
2020 1617 2376 1696 scriptores,

439 1712 663 1791 perditi
710 1717 852 1773 sunt
897 1718 1004 1773 aut
1041 1719 1201 1775 certe
1238 1731 1349 1791 pro
1386 1715 1637 1788 perditis
1675 1714 1852 1774 hodie
1889 1714 2205 1774 habentur.
2252 1716 2374 1777 At-

440 1831 554 1887 que
593 1811 778 1870 etiam
812 1811 905 1869 illi
941 1811 1280 1887 quindecim
1318 1808 1478 1883 libri,
1516 1809 1620 1886 qui
1654 1809 1968 1868 interitum
2005 1811 2374 1889 effugerunt,

437 1908 646 1966 multis
693 1907 1160 1983 tempestatibus
1219 1909 1537 1983 tantopere
1590 1905 1916 1966 disturbati
1971 1926 2041 1966 ac
2085 1906 2374 1985 dissipati

440 2006 601 2080 sunt,
649 2008 719 2064 ut
762 2023 839 2064 ne
875 2022 1030 2063 unus
1067 2003 1309 2080 quidem
1360 2006 1556 2065 exstet
1591 2003 1792 2079 codex,
1838 2024 1955 2082 quo
1994 2005 2191 2066 cuncti
2229 2024 2372 2067 con-

437 2101 764 2163 tineantur.
828 2101 1042 2177 Itaque
1078 2102 1317 2162 omissis
1353 2103 1430 2162 ad
1474 2105 1720 2179 tempus
1758 2103 1990 2184 ceteris,
2034 2104 2373 2181 primorum

439 2199 701 2276 quinque
745 2198 1038 2258 librorum
1083 2200 1316 2261 codices
1356 2220 1592 2261 seorsus
1630 2204 1984 2261 tractemus:
2032 2219 2151 2278 qua
2188 2201 2263 2262 de
2301 2224 2373 2265 re

438 2314 631 2370 nuper
676 2296 869 2356 multo
917 2316 1052 2355 cum
1098 2296 1299 2356 studio
1347 2301 1410 2356 et
1455 2298 1701 2358 consilio
1738 2297 2026 2358 disseruit
2062 2297 2370 2375 Georgius

437 2390 768 2451 Schneider
816 2383 908 2473 (in
951 2396 1401 2469 programmate
1446 2413 1649 2471 gymn.
1696 2393 1894 2453 Berol.
1936 2387 2157 2476 1884).

614 2488 850 2548 Horum
894 2488 1163 2548 codicum
1209 2489 1359 2549 duas
1407 2507 1540 2550 esse
1584 2493 1789 2566 partes
1807 2538 1822 2567 ,
1869 2511 2124 2567 quarum
2170 2494 2371 2556 altera

438 2585 662 2663 pendet
707 2604 781 2645 ex
824 2586 1025 2646 codice
1069 2586 1520 2648 Vindobonensi
1566 2580 1710 2669 (D),
1766 2589 1960 2649 altera
2004 2592 2228 2667 optime
2276 2612 2371 2654 re-

442 2685 868 2760 praesentatur
913 2682 1111 2743 codice
1156 2682 1450 2744 Vaticano
1498 2676 1624 2767 (O),
1680 2687 2200 2762 comprobabimus
2248 2689 2368 2749 sin·

439 2781 614 2857 gulos
669 2780 857 2839 libros
915 2780 1184 2858 signatos
1240 2781 1467 2864 eisdem
1519 2782 1770 2859 litteris,
1826 2803 1976 2860 quas
2023 2784 2367 2863 Ludovicus

440 2878 703 2937 Dindorf
743 2878 806 2935 in
852 2876 1113 2937 editione
1159 2878 1303 2937 anni
1352 2880 1520 2940 1828
1568 2879 1818 2957 induxit,
1862 2881 2319 2958 perlustrantes,

915 3043 1219 3101 CODICES
1257 3046 1547 3103 PRIORIS
1587 3047 1887 3105 OLASSIS.

357 3161 414 3220 D
617 3158 1099 3219 Vindobonensis
1156 3161 1342 3221 codex
1391 3165 1471 3222 79
1530 3163 1790 3240 scriptus
1837 3165 1933 3222 est
1983 3164 2244 3223 maxima
2292 3183 2366 3224 ex

438 3260 611 3331 parte
657 3275 840 3318 manu
887 3257 1108 3316 saeculi
1143 3257 1257 3332 XI,
1313 3259 1459 3318 folia
1515 3260 1953 3337 quinquaginta
1998 3278 2185 3320 unum
2231 3253 2363 3339 (fol.

444 3355 695 3425 6—22,
748 3356 1139 3428 118-149,
1189 3356 1318 3413 224
1357 3358 1420 3414 et
1459 3348 1617 3436 227)
1665 3357 1945 3432 suppleta
1992 3359 2135 3415 sunt
2179 3375 2358 3416 manu

443 3466 593 3507 saec.
648 3447 814 3509 XIII.
919 3448 1275 3511 Continetur
1344 3454 1466 3512 291
1535 3452 1721 3527 foliis,
1785 3472 2040 3528 quorum
2102 3456 2364 3532 plurima
