2569 4061
385 284 515 350 326
1049 281 1357 338 DIODORI
1394 280 1627 337 SICULI

384 444 459 513 δὲ
503 449 660 522 τοὺς
704 443 1068 529 ἐλέφαντας
1124 446 1509 527 διάγουσαι,
1565 445 1676 509 διὰ
1728 445 1810 508 τὰ
1864 445 2035 530 βάρη
2094 444 2314 528 βαθύ-

381 558 535 618 πλοι
592 555 1013 616 καθεστῶσαι
1072 549 1185 616 καὶ
1242 561 1389 627 ταῖς
1444 560 1881 628 κατασκευαῖς
1942 548 2311 634 ἐμβριθεῖς,

380 657 707 742 μεγάλους
742 654 853 722 καὶ
891 658 1157 734 δεινοὺς
1202 655 1599 742 ἐπιφέρουσι
1643 657 2004 733 κινδύνους
2048 668 2191 734 τοῖς
2235 655 2315 722 ἐν

309 787 342 834 5
381 764 610 843 αὐταῖς
667 762 961 831 πλέουσι.
1054 763 1313 849 διάρσει
1369 764 1498 847 γὰρ
1561 763 1791 827 ἱστίων
1849 760 2134 829 θέουσαι
2196 760 2312 830 καὶ

381 871 496 936 διὰ
520 872 645 955 τὴν
672 882 809 937 τῶν
834 871 1231 954 πνευμάτων
1266 871 1424 952 βίαν
1459 868 1776 945 πολλάκις
1810 870 2050 947 νυκτὸς
2087 870 2310 935 ὠθού-
2340 893 2369 934 5

381 1001 602 1062 μεναι,
669 974 778 1043 ὁτὲ
840 972 964 1061 μὲν
1025 975 1294 1062 πέτραις
1354 983 1852 1061 προσπεσοῦσαι
1909 984 2307 1059 ναυαγοῦσι,

379 1081 538 1150 ποτε
586 1081 648 1148 δ’
695 1085 789 1159 εἰς
832 1082 1229 1164 τεναγώδεις
1276 1083 1564 1166 ἰσθμοὺς
1609 1079 2073 1165 ἐμπίπτουσιν·
2121 1082 2192 1146 oc
2231 1079 2310 1147 δὲ

379 1198 617 1256 ναῦται
653 1190 1197 1272 παρακαταβῆναι
1233 1184 1358 1272 μὲν
1395 1188 1804 1253 ἀδυνατοῦσι
1841 1188 1955 1252 διὰ
1989 1189 2064 1252 τὸ
2101 1186 2307 1254 πλέον

381 1290 553 1360 εἶναι
606 1295 681 1358 τὸ
738 1294 952 1378 βάθος
1007 1293 1500 1379 ἀνδρομήκους,
1563 1295 1676 1359 διὰ
1731 1290 1805 1360 δὲ
1859 1304 1996 1359 τῶν
2049 1305 2308 1360 κοντῶν

378 1409 470 1488 τῷ
508 1400 749 1483 σκάφει
785 1402 1201 1483 βοηθοῦντες
1246 1401 1408 1466 ὅταν
1453 1396 1665 1485 μηδὲν
1711 1397 2030 1482 ἀνύωσιν,
2078 1399 2310 1483 ἐκβάλ-
2338 1424 2393 1465 10

379 1512 615 1573 λουσιν
661 1507 920 1573 ἅπαντα
963 1508 1139 1591 πλὴν
1182 1516 1300 1591 τῆς
1340 1514 1623 1595 τροφῆς·
1669 1501 1816 1572 οὐδ’
1860 1505 2035 1572 οὕτω
2084 1504 2159 1572 δὲ
2192 1516 2308 1591 τῆς

381 1613 808 1701 ἀποστροφῆς
846 1616 1290 1700 τυγχάνοντες
1330 1617 1425 1692 εἰς
1467 1614 1761 1699 μεγάλην
1796 1612 2084 1699 ἀπορίαν
2121 1613 2305 1699 ἐμπί-

378 1736 621 1787 πτουσι
666 1722 780 1787 διὰ
823 1722 898 1786 τὸ
945 1724 1105 1806 μήτε
1150 1730 1362 1805 νῆσον
1399 1715 1548 1804 μήτ’
1581 1722 1795 1807 ἄκραν
1830 1720 2108 1805 ἠπείρου
2145 1723 2306 1804 μήτε

377 1837 551 1893 ναῦν
596 1826 828 1912 ἑτέραν
880 1831 1166 1911 πλησίον
1220 1827 1655 1914 ὑπάρχουσαν
1709 1827 2025 1912 ὁρᾶσθαι·
2079 1826 2305 1903 ἄξενοι

376 1935 503 2021 γὰρ
559 1939 896 2011 παντελῶς
951 1935 1022 1999 οἰ
1068 1937 1262 1999 τόποι
1316 1931 1427 1999 καὶ
1473 1935 1798 2011 σπανίους
1842 1935 2098 2017 ἔχοντες
2139 1933 2299 2007 τοὺς
2331 1956 2387 1998 15

308 2063 341 2111 6
378 2040 581 2107 ναυσὶ
619 2039 1221 2127 διακομιζομένους.
1287 2039 1490 2127 χωρὶς
1525 2038 1600 2107 δὲ
1635 2042 1893 2107 τούτων
1918 2051 2051 2105 τῶν
2077 2049 2302 2105 κακῶν

376 2146 415 2212 ὁ
450 2148 717 2213 κλύδων
754 2147 828 2214 ἐν
856 2148 1091 2235 ἀκαρεῖ
1111 2150 1332 2237 χρόνῳ
1360 2157 1451 2236 τῷ
1480 2148 1665 2213 κύτει
1690 2156 1805 2231 τῆς
1832 2148 1998 2224 νεὼς
2023 2155 2302 2213 τοσοῦτο

376 2258 636 2338 πλῆθος
690 2256 913 2341 ἅμμου
975 2256 1381 2342 προσβάλλει
1443 2252 1556 2321 καὶ
1620 2254 2032 2340 συσσωρεύει
2096 2275 2303 2339 παρα-

382 2360 590 2438 δόξως
628 2362 795 2426 ὥστε
830 2364 952 2427 τὸν
987 2362 1208 2450 κύκλῳ
1244 2364 1453 2426 τόπον
1489 2359 2034 2446 περιχώννυσθαι
2071 2357 2182 2426 καὶ
2226 2361 2302 2424 τὸ

377 2468 631 2550 σκάφος
694 2466 915 2553 ὥσπερ
979 2466 1281 2550 ἐπίτηδες
1345 2465 1866 2551 ἐνδεσμεύεσθαι
1928 2475 2006 2551 τῇ
2071 2465 2301 2554 χέρσῳ.
2332 2493 2387 2534 20

304 2594 335 2642 '¹1
376 2571 449 2635 οῖ
498 2567 572 2635 δὲ
626 2573 840 2660 τούτῳ
895 2581 986 2660 τςό
1045 2573 1475 2657 συμπτώματι
1528 2575 1993 2660 περιπεσόντες
2047 2575 2123 2637 τὸ
2179 2569 2302 2656 μὲν

373 2687 640 2762 πρῶτον
705 2679 984 2764 μετρίως
1048 2677 1408 2765 ὀδύρονται
1470 2681 1637 2766 πρὸς
1697 2679 1934 2764 κωφὴν
1997 2678 2298 2766 ἐρημίαν,

376 2782 460 2847 οὐ
505 2789 842 2862 παντελῶς
889 2780 1063 2869 [μὲν]
1106 2784 1556 2869 ἀπεγνωκότες
1597 2787 1719 2868 [εἰς
1761 2785 1975 2868 τέλος]
2016 2788 2139 2869 τὴν
2177 2802 2302 2850 σω-

373 2893 633 2977 τηρίαν·
699 2892 1016 2969 πολλάκις
1078 2895 1206 2976 γὰρ
1269 2903 1411 2969 τοῖς
1472 2893 1801 2970 τοιούτοις
1860 2890 2205 2977 ἐπιφανεὶς
2263 2892 2300 2958 ὁ

371 3006 489 3082 τῆς
540 2999 954 3085 πλημυρίδος
1006 3000 1275 3064 κλύδων
1321 2998 1550 3085 ἐξῆρεν
1595 3001 1689 3075 εἰς
1734 2999 1933 3082 ὕψος,
1989 2998 2101 3064 καὶ
2144 3002 2300 3076 τοὺς
2329 3026 2382 3067 25

373 3105 662 3191 ἐσχάτως
696 3107 1214 3184 κινδυνεύοντας
1255 3102 1538 3191 ὡσπερεὶ
1576 3107 1739 3183 θεὸς
1781 3104 2126 3190 ἐπιφανεὶς
2171 3108 2300 3171 διε-

554 3268 581 3314 1
643 3258 964 3334 βαθύπλοοι
1011 3262 1087 3329 D,
1146 3259 1524 3333 βαθύπρωρὸι
1584 3261 1729 3327 GF¹‚
1786 3262 2181 3332 βαθύπλευροι
2226 3262 2299 3316 F²

372 3334 406 3381 6
445 3326 565 3400 ὁτὲ]
604 3329 742 3384 ποτε
780 3331 833 3384 Π
965 3337 1032 3386 10
1070 3327 1358 3386 ἄνύσωσιν
1395 3332 1449 3385 ΙΙ
1579 3338 1644 3387 12
1684 3330 2051 3402 ἀποστροφῆς
2072 3335 2297 3388 Wesse-

369 3394 520 3466 ling,
555 3402 772 3483 τροφῆς
808 3402 1053 3469 codice-38,
1092 3403 1367 3471 σωτηρίας
1405 3401 1568 3455 Dind.
1764 3410 1828 3458 15
1867 3407 2117 3467 σπανίως
2156 3403 2295 3459 CDF

375 3467 438 3514 17
470 3471 680 3537 χρονῳ]
720 3472 796 3539 τῷ
834 3468 1017 3541 χρόνῳ
1060 3470 1168 3524 OF
1345 3478 1411 3525 23
1451 3470 1555 3540 μὲν
1594 3474 1707 3540 DF,
1746 3471 1810 3526 δὲ
1852 3472 1918 3540 03
1980 3475 2088 3528 del.
2127 3475 2294 3529 Dind.

372 3528 453 3587 εἷς
488 3532 645 3592 τέλος
682 3537 789 3590 del.
831 3538 994 3592 Dind.
