2569 4061
41 610 61 1173 Ι

41 1204 61 1691 ι

41 1755 51 2290 ι

872 377 969 432 DE
1008 375 1403 433 CODICIBUS.
2000 377 2106 433 XV

350 545 624 605 Venetus
662 545 848 605 codex
882 544 1376 605 membranaceus
1412 544 1695 606 foliorum
1727 546 1872 621 188,
1918 562 2103 604 manu
2121 543 2190 602 M

157 643 455 704 Caesaris
510 641 778 719 Strategi
844 642 1106 718 scriptus
1162 659 1313 701 saec.
1350 641 1488 718 XV,
1551 643 1697 702 olim
1750 639 2105 702 monasterii

154 740 709 802 Dominicanorum
756 739 814 799 S.
853 739 1103 800 Joannis
1161 741 1224 798 et
1279 738 1506 811 Paulli,
1570 741 1767 800 exstat
1819 757 1979 799 nunc
2038 737 2106 798 in

157 838 544 906 bibliotheca
618 836 926 896 Marciana
999 829 1237 918 (Suppl.
1284 837 1458 896 class.
1496 835 1617 896 VII
1660 836 1786 897 cod.
1835 830 1921 917 7).
2031 837 2106 896 In

163 937 536 1012 tegumento
571 933 716 993 libri
751 933 879 994 fere
908 934 1108 994 soluto
1145 934 1442 1010 inscripta
1475 935 1620 992 sunt
1652 934 1825 993 haec:
1870 941 2107 1010 πρῶτον

160 1039 248 1092 τῶ
320 1028 573 1090 ἐπιεικεῖ
625 1028 726 1090 καὶ
787 1027 1235 1109 πεπαιδευμένου
1302 1028 1626 1110 εὖπατρίδη
1681 1030 1868 1109 κνρίω
1914 1025 2108 1110 Ἱερω-

160 1128 346 1206 νύμω
399 1127 577 1205 Ζκήνω
628 1159 709 1168 -
760 1128 1120 1204 subscriptio
1177 1132 1384 1189 autem
1437 1130 1584 1188 haec
1639 1130 1761 1187 est:
1830 1126 1988 1187 Θεοῦ
2041 1125 2110 1187 τὸ

166 1226 379 1305 δῶρον
416 1267 432 1284 .
470 1221 578 1303 ἠδὲ
622 1223 930 1303 Καίσαρος
974 1224 1160 1298 πόνος
1207 1218 1308 1308 (G.
1348 1224 1672 1286 Schneider
1715 1225 1755 1284 1.
1795 1243 1843 1284 c.
1884 1245 1942 1300 p.
1975 1220 2111 1303 18).

165 1324 379 1383 Huius
424 1323 568 1382 libri
613 1323 854 1382 collatio
890 1341 1000 1400 per
1045 1323 1328 1382 abbatem
1363 1322 1636 1382 Blasium
1673 1320 2108 1400 Caryophilum
2193 1384 2206 1391 ,

166 1421 340 1480 facta
367 1418 769 1498 Wesselingio
807 1420 1014 1480 oblata
1051 1422 1157 1491 est,
1194 1421 1519 1496 postquam
1553 1421 1679 1479 tres
1714 1421 1904 1480 libros
1939 1420 2112 1497 typis

170 1516 554 1578 excudendos
583 1517 832 1578 curavit.
879 1518 972 1576 Ex
996 1510 1117 1576 illa
1142 1517 1462 1577 collatione
1489 1517 1665 1577 facile
1702 1519 1817 1578 sibi
1853 1518 2107 1593 quisque

172 1613 570 1692 persuadebit
607 1613 838 1674 codices
864 1613 928 1672 M
956 1617 1019 1673 et
1045 1612 1094 1671 F
1134 1613 1435 1673 artissime
1470 1614 1631 1673 inter
1659 1632 1722 1674 se
1757 1616 2110 1675 coniunctos

179 1731 338 1788 esse3
380 1711 552 1788 atqui
586 1711 818 1771 codices
846 1710 909 1767 M
936 1711 1001 1769 et
1025 1708 1074 1768 L
1115 1713 1258 1769 sunt
1296 1710 1616 1770 simillimi:
1665 1712 1936 1787 sequitur
1962 1730 2110 1787 ergo

174 1813 245 1869 ut
283 1811 422 1868 tres¹
449 1809 515 1866 hi
548 1807 693 1866 libri
736 1806 1005 1867 eiusdem
1040 1807 1244 1884 stirpis
1294 1808 1432 1868 sint.
1507 1805 1680 1876 Quod
1717 1808 1992 1884 quamvis
2030 1809 2116 1868 sit

174 1905 406 1966 rationi
440 1907 922 1981 consentaneum,
958 1922 1239 1983 magnam
1278 1909 1482 1964 tamen
1521 1904 1812 1965 habemus
1850 1903 2110 1981 gratiam

178 2001 443 2080 Georgio
502 2001 850 2078 Schneider,
915 2001 1020 2079 qui
1082 2002 1147 2063 id
1209 2002 1421 2081 paucis
1482 2001 1725 2079 quidem
1789 2002 1894 2062 sed
1948 2001 2112 2079 aptis

174 2100 518 2161 illustravit
561 2101 876 2177 exemplis:
1367 2124 1376 2130 -

240 2234 272 2292 I
319 2235 424 2310 12,
454 2235 492 2293 8
542 2238 713 2291 τοῦτο
761 2227 868 2309 μὲν
913 2229 1025 2312 γὰρ
1071 2226 1293 2308 εὔηθες
1338 2227 1625 2309 ὑπάρχειν
1671 2252 1787 2292 om.
1831 2232 2014 2291 FLM.

318 2332 424 2403 17,
455 2330 497 2387 4
545 2327 791 2405 μάλιστα
833 2328 1049 2399 πάντες
1086 2359 1175 2368 -
1210 2325 1399 2410 τούτῳ
1445 2330 1526 2410 τῷ
1571 2331 1699 2412 θεῷ
1746 2348 1861 2388 om.
1899 2323 2113 2410 LM.*)

318 2429 425 2503 98,
457 2428 496 2485 3
544 2420 655 2502 τὴν
710 2424 909 2505 φορὰν
969 2458 1045 2467 --
1105 2418 1238 2505 παρ’
1300 2422 1502 2496 αὐτοῖς
1557 2444 1669 2486 om.
1718 2425 1897 2485 FLM.
1990 2426 2114 2487 Pro

555 2524 1040 2583 antecedentibus
1068 2523 1379 2584 vocabulis
1416 2518 1691 2582 ἐναντίαν
1729 2519 1794 2583 δὲ
1828 2527 1951 2596 τοῖς
1980 2543 2117 2601 spa·

551 2620 707 2679 tium
754 2623 847 2682 est
891 2639 1150 2680 vacuum
1193 2620 1476 2679 relictum
1519 2620 1584 2679 in
1628 2620 1758 2680 LM.

323 2716 432 2793 98,
464 2718 501 2776 6
548 2714 695 2775 κατὰ
742 2712 807 2776 δὲ
851 2712 962 2794 τὴν
1013 2747 1088 2758 -
1142 2720 1610 2795 συντελεσθῆναι
1655 2737 1769 2778 om.
1804 2718 1921 2778 ΕΜ
1969 2717 2115 2794 (ser-

554 2814 721 2874 vavit
764 2806 863 2893 L).

365 2946 696 3006 Praeterea
756 2946 988 3007 codices
1051 2946 1101 3006 L
1149 2949 1211 3007 et
1254 2948 1319 3005 M
1382 2947 1755 3024 argumentis
1818 2949 2111 3010 librorum

185 3037 467 3126 (praeter
512 3045 838 3103 summaria
882 3043 1137 3103 duorum
1171 3045 1509 3121 primorum
1553 3045 1693 3104 libri
1739 3047 1984 3107 secundi
2018 3067 2118 3108 ca-

335 3338 390 3403 *)
428 3332 684 3388 Adnotat
718 3333 1128 3406 Wesselingius
1175 3337 1373 3391 eadem
1417 3337 1591 3393 verba
1635 3336 1846 3392 omissa
1890 3353 2014 3391 esse
2050 3336 2121 3387 in

187 3413 386 3472 codice
419 3414 845 3468 Glaromo‘ntano
871 3417 913 3468 2
951 3418 1043 3483 (=
1055 3416 1141 3485 G),
1178 3417 1276 3471 sed
1304 3415 1779 3471 verisimillimum
1816 3417 1905 3468 est
1941 3412 2114 3467 corri-

187 3495 441 3565 gendum
479 3508 599 3546 csse
638 3490 1060 3549 Ularomontano
1086 3502 1118 3551 1
1159 3497 1250 3564 (=
1260 3495 1326 3565 F)
1364 3495 1459 3550 vel
1499 3493 1942 3549 claromontanis
1978 3492 2115 3543 duo-

189 3576 306 3629 bus.
381 3569 530 3626 Nam
584 3572 781 3627 eodem
823 3572 1200 3645 Wesselingio
1255 3577 1485 3630 auctore
1542 3571 1831 3628 codicibus
1878 3567 1923 3618 F
1963 3571 2022 3620 et
2055 3563 2126 3619 M

188 3650 472 3722 plurimae
506 3649 743 3706 lacunae
779 3654 908 3707 sunt
944 3668 1284 3709 communes.
