2569 4061
378 291 509 357 312
1056 288 1365 347 DIODORI
1402 288 1637 346 SICULI

377 455 707 539 διαφορὰς
768 453 967 536 ἰδών,
1033 452 1156 519 οῦκ
1219 451 1569 536 ἀπιστήσει
1629 461 1773 529 τοῖς
1828 452 2311 539 ἱστορημένοις,

271 568 357 632 34
375 559 663 642 τοσαύτη
707 558 838 644 γὰρ
881 558 1270 644 παραλλαγὴ
1317 568 1454 623 τῶν
1500 555 1654 644 παρ’
1688 557 1853 643 ἡμῖν
1889 558 2108 644 ἀέρων
2144 560 2312 644 πρὸς

374 670 532 743 τοὺς
586 663 1063 752 ἰστορημένους
1116 666 1283 731 ὥστε
1338 666 1462 748 τὴν
1516 667 1681 732 κατὰ
1725 665 1923 752 μέρος
1969 667 2308 753 διαφορὰν

303 799 335 846 2
373 774 657 840 ἄπιστον
714 767 905 839 εἶναι.
996 774 1169 839 ὅπου
1223 768 1347 856 μὲν
1399 773 1529 858 γὰρ
1587 773 1700 838 διὰ
1752 773 1876 857 τὴν
1919 772 2301 859 ὑπερβολὴν

373 889 498 947 τοῦ
558 881 816 964 ψύχους
876 882 1252 962 πήγνυνται
1313 875 1436 963 μὲν
1500 879 1573 944 οἱ
1629 876 1928 963 μέγιστοι
1998 883 2308 964 ποταμοί,
2345 895 2399 945 51,

377 985 729 1071 στέγοντος
785 995 909 1053 τοῦ
966 986 1388 1071 κρυστάλλου
1445 986 1788 1070 διαβάσεις
1842 985 2310 1073 στρατοπέδων

374 1091 486 1161 καὶ
549 1091 816 1177 ἁμαξῶν
877 1094 1271 1177 καταγόμων
1336 1091 1663 1176 ἐφόδους,
1737 1095 2068 1177 πήγνυται
2133 1089 2207 1158 δὲ
2272 1093 2311 1159 ὁ

377 1195 561 1276 οἶνος
602 1196 715 1264 καὶ
757 1199 839 1263 τὰ
876 1199 1076 1263 λοιπὰ
1111 1207 1247 1264 τῶν
1282 1208 1514 1283 χυμῶν
1552 1199 1722 1265 ὥστε
1758 1204 2112 1284 μαχαίραις
2146 1199 2310 1264 ἀπο-

376 1304 768 1389 τέμνεσθαι,
826 1302 940 1370 καὶ
992 1305 1073 1369 τὰ
1125 1305 1385 1370 τούτων
1438 1307 1985 1392 θαυμασιώτερα,
2046 1308 2128 1372 τὰ
2186 1302 2311 1391 μὲν

378 1410 752 1496 ἀκρωτήρια
797 1421 933 1476 τῶν
979 1409 1365 1496 ἀνθρώπων
1398 1420 1514 1497 τῆς
1549 1411 1832 1495 ἐσθῆτος
1866 1413 2311 1499 παρατριβού-
2343 1429 2402 1471 10

378 1533 500 1601 σης
542 1527 862 1603 περιρρεῖ,
908 1519 990 1582 τὰ
1037 1514 1112 1583 δὲ
1156 1519 1416 1603 όμματα
1462 1517 1896 1605 ἀμαυροῦται,
1943 1521 2018 1584 τὸ
2063 1515 2136 1585 δὲ
2171 1527 2307 1604 πῦρ

379 1623 681 1711 ἀλεωρὰν
735 1625 818 1691 οὐ
871 1635 1079 1708 ποιεῖ,
1133 1623 1245 1691 καὶ
1297 1630 1536 1709 χαλκοῖ
1585 1622 1708 1710 μὲν
1753 1625 2146 1712 ἀνδριάντες
2191 1625 2306 1712 ῥή-

376 1754 689 1816 γνυνται,
734 1732 898 1796 κατὰ
946 1729 1026 1796 δέ
1063 1753 1249 1808 τινας
1293 1734 1568 1817 καιροὺς
1605 1733 1718 1797 διὰ
1761 1732 1884 1815 τὴν
1930 1735 2308 1815 πυκνότητα

378 1848 513 1906 τῶν
565 1848 795 1923 νεφῶν
849 1838 1002 1903 οὔτε
1057 1836 1401 1923 ἀστραπὴν
1456 1838 1608 1903 οὔτε
1655 1839 1946 1924 βροντὴν
1988 1841 2306 1920 γίνεσθαι

378 1944 530 2033 περὶ
574 1947 733 2022 τοὺς
775 1947 1020 2020 τόπους
1066 1947 1257 2028 φασί·
1306 1945 1520 2009 πολλὰ
1567 1940 1642 2008 δὲ
1686 1942 1799 2011 καὶ
1843 1945 2006 2010 ἄλλα
2039 1942 2302 2009 τούτων
2337 1961 2394 2005 15

247 2108 252 2114 .
377 2052 875 2139 παραδοξότερα
920 2055 1351 2134 συντελεῖται,
1396 2060 1536 2128 τοῖς
1580 2048 1704 2136 μὲν
1750 2051 2112 2136 ἀγνοοῦσιν
2158 2051 2310 2116 ἄπι-

308 2181 340 2229 3
381 2175 531 2242 στα,
587 2168 727 2235 τοῖς
773 2153 848 2223 δὲ
890 2167 1129 2243 πεῖραν
1174 2158 1528 2242 εἰληφόσιν
1575 2157 2063 2244 ἀνυπομόνητα.
2154 2158 2308 2245 περὶ

380 2260 455 2331 δὲ
509 2266 625 2342 τὰς
679 2263 980 2349 ἐσχατιὰς
1031 2272 1147 2348 τῆς
1193 2265 1545 2346 Αἰγύπτου
1597 2263 1709 2330 καὶ
1760 2266 2307 2351 Τρωγλοδυτικῆς

380 2373 493 2438 διὰ
545 2373 669 2455 τὴν
722 2371 1103 2457 ὑπερβολὴν
1155 2380 1272 2454 τῆς
1317 2369 1433 2456 ἀφ’
1486 2370 1683 2454 ἡλίου
1725 2374 2097 2457 θερμασίας
2140 2373 2306 2439 κατὰ

377 2481 497 2545 τὸν
533 2486 650 2559 τῆς
693 2479 1103 2561 μεσημβρίας
1145 2478 1383 2563 καιρὸν
1428 2473 1590 2542 οὐδὲ
1635 2487 1931 2564 συνορᾶν
1976 2477 2309 2563 ἀλλήλους
2336 2496 2393 2538 20

382 2583 453 2646 οἱ
491 2592 900 2666 παρεστῶτες
948 2582 1272 2647 δύνανται
1318 2582 1430 2647 διὰ
1474 2583 1599 2666 τὴν
1633 2583 1971 2667 παχύτητα
2007 2593 2122 2670 τῆς
2155 2584 2308 2670 περὶ

380 2688 499 2753 τὸν
553 2684 714 2770 ἀέρα
767 2687 1197 2772 πυκνώσεως,
1251 2686 1456 2774 χωρὶς
1511 2686 1586 2755 δὲ
1638 2687 2018 2768 ὑποδέσεως
2072 2692 2312 2768 πάντες

382 2792 794 2859 ἀδυνατοῦσι
838 2795 1153 2878 βαδίζειν,
1202 2795 1292 2873 ὡς
1328 2794 1413 2862 ἂν
1448 2806 1589 2874 τοῖς
1626 2796 2071 2882 ἀνυποδήτοις
2103 2818 2312 2883 παρα-

310 2922 345 2971 4
379 2906 595 2986 χρῆμα
656 2901 1042 2985 φλυκτίδων
1103 2901 1497 2987 γινομένων.
1588 2905 1753 2969 κατὰ
1814 2900 1888 2968 δὲ
1946 2905 2022 2969 τὸ
2081 2906 2308 2986 ποτόν,

380 3006 499 3074 ἐὰν
560 3008 648 3092 μὴ
695 3008 817 3091 τὴν
864 3009 1130 3073 ἔνδειαν
1175 3007 1450 3093 ἑτοίμως
1494 3009 1877 3094 ἀφαιρῆται,
1923 3008 2170 3095 ταχέως
2214 3033 2312 3075 τε·
2337 3025 2391 3066 25

379 3121 723 3200 λευτῶσιν,
772 3115 862 3193 ὡς
906 3114 990 3180 ἂν
1036 3124 1153 3199 τῆς
1197 3120 1570 3202 θερμασίας
1613 3118 1737 3200 τὴν
1782 3127 1918 3183 τῶν
1961 3117 2190 3203 ὑγρῶν
2236 3116 2309 3183 ἐν

380 3230 472 3308 τῷ
506 3222 757 3305 σώματι
794 3222 1005 3306 φύσιν
1043 3220 1243 3299 ὀξέως
1278 3222 1778 3307 ἀναλισκούσης.
1845 3224 2013 3309 πρὸς
2050 3220 2124 3289 δὲ
2160 3224 2310 3289 τού-

379 3346 552 3407 τοις,
613 3326 774 3390 ὅταν
828 3347 927 3402 τις
981 3328 1076 3403 εἰς
1127 3333 1421 3411 χαλκοῦν
1480 3326 1750 3410 ἀγγεῖον
1810 3326 2118 3413 ἐμβαλὼν
2176 3340 2309 3393 τῶν

562 3483 590 3529 1
632 3475 985 3564 ἷστορημένοι
987 3481 1038 3551 ς]
1080 3478 1277 3551 εἰρημέ
1249 3501 1371 3536 εινο
1373 3502 1400 3543 ς
1437 3481 1489 3534 II
1662 3490 1694 3536 3
1734 3482 2168 3554 ἰστορονμένους
2207 3483 2309 3539 OF

381 3543 484 3592 Ὶκ
451 3562 557 3594 κατ
558 3564 662 3610 ayo
667 3566 772 3612 μεν
739 3566 854 3600 νων
891 3550 1043 3617 vulg.
1194 3557 1258 3605 13
1300 3553 1358 3605 δι
1361 3548 1424 3620 ἀ]
1462 3547 1607 3605 κατὰ
1645 3552 1713 3607 D.
