2569 4061
366 276 497 341 208
1042 273 1349 328 DIODORI
1386 271 1622 327 SICULI

298 465 332 513 3
371 439 689 524 αἰσχύνης
742 432 945 501 οὐδὲν
999 436 1169 513 ὅλως
1225 437 1616 521 φροντίζων.
1706 433 1813 500 ἐπὶ
1878 445 2158 501 τοσοῦτο
2217 433 2295 502 δὲ

369 546 676 630 προήχθη
756 551 1016 628 τρυφῆς
1088 540 1198 608 καὶ
1270 549 1388 624 τῆς
1460 544 1802 630 αἰσχίστης
1868 542 2117 626 ἡδονῆς
2180 542 2294 609 καὶ

369 650 688 737 ἀκρασίας
751 643 902 715 ὥστ’
975 649 1354 733 ἐπικήδειον
1417 651 1512 725 εἰς
1575 648 1782 715 αὑτὸν
1844 657 2116 733 ποιῆσαι
2179 648 2294 715 καὶ

370 762 805 844 παραγγεῖλαι
843 767 981 834 τοῖς
1019 756 1357 840 διαδόχοις
1390 764 1506 839 τῆς
1543 754 1747 840 ἀρχῆς
1783 756 1945 839 μετὰ
1980 757 2106 840 τὴν
2142 754 2294 822 ἑαυ-

364 872 490 929 τοῦ
534 866 849 949 τελευτὴν
893 861 1004 929 ἐπὶ
1046 864 1166 928 τὸν
1209 863 1430 946 τάφον
1476 861 1835 949 ἐπιγράψαι
1878 864 1954 928 τὸ
2003 880 2293 948 συγγρα-
2322 881 2352 921 5

365 967 499 1055 φὲν
555 951 678 1055 μὲν
739 963 852 1035 ὑπ’
916 968 1176 1035 ἐκείνου
1230 972 1676 1055 βαρβαρικῶς,
1742 965 2294 1055 μεθερμηνευθὲν

368 1074 445 1143 δὲ
490 1077 774 1162 ὕστερον
818 1075 950 1140 ὑπό
994 1098 1177 1152 τινος
1205 1073 1558 1159 ““Ἐλληνος,

548 1179 624 1249 εὖ
672 1183 865 1259 εἰδὼς
912 1182 1013 1247 ὅτι
1057 1183 1310 1265 θνητὸς
1355 1184 1541 1266 ἔφυς,
1591 1183 1713 1246 σὸν
1756 1183 1984 1266 θυμὸν
2031 1181 2175 1262 ἄεξε

546 1291 947 1374 τερπόμενος
981 1291 1288 1375 θαλίῃσι·
1338 1291 1623 1354 θανόντι
1659 1304 1769 1354 σοι
1815 1289 1999 1366 οὔτις
2046 1290 2288 1374 ὄνησις.

546 1393 657 1460 καὶ
701 1396 830 1481 γὰρ
877 1395 1005 1478 ἐγὼ
1054 1397 1305 1472 σποδός
1349 1397 1512 1479 εἰμι,
1572 1397 1798 1460 Νίνου
1842 1396 2130 1480 μεγάλης
2174 1400 2290 1480 βα-
2323 1418 2378 1457 10

1542 1502 1868 1579 σιλεύσας.

546 1604 726 1674 ταῦτ’
780 1610 907 1694 ἔχω
955 1607 1098 1675 ὅσσ’
1154 1611 1409 1694 ἔφαγον
1454 1606 1565 1674 καὶ
1611 1607 1942 1695 ἐφύβρισα
1987 1606 2100 1675 καὶ
2145 1606 2283 1693 μετ’

1542 1716 1786 1800 ἔρωτος

545 1820 768 1908 τέρπν’
823 1824 1110 1905 ἔπαθον,
1164 1823 1248 1886 τὰ
1304 1817 1377 1886 δὲ
1431 1822 1646 1886 πολλὰ
1701 1820 1812 1887 καὶ
1868 1823 2059 1905 ὄλβια
2102 1831 2291 1886 κεῖνα

1543 1926 1890 1993 λέλειπται.
2320 1949 2377 1990 15

298 2061 334 2110 4
370 2044 673 2113 τοιοῦτος
719 2029 780 2100 δ’
827 2036 922 2101 ὢν
957 2037 1075 2101 τὸν
1111 2038 1363 2121 τρόπον
1401 2035 1483 2100 οὐ
1521 2038 1731 2120 μόνον
1769 2037 1968 2113 αὐτὸς
2005 2036 2290 2121 αἰσχρῶς

371 2142 769 2229 κατέστρεψε
813 2144 932 2209 τὸν
976 2145 1151 2227 βίον,
1198 2142 1366 2209 ἀλλὰ
1411 2140 1522 2209 καὶ
1565 2144 1688 2227 τὴν
1727 2141 2096 2228 Ἀσσυρίων
2140 2142 2291 2225 ἡγε-

370 2253 613 2334 μονίαν
668 2251 883 2335 ἄρδην
938 2248 1284 2335 ἀνέτρεψε,
1343 2252 1970 2336 πολυχρονιωτάτην
2022 2248 2291 2334 γενομέ-

262 2362 352 2426 24
370 2382 498 2441 νην
534 2368 669 2423 τῶν
705 2356 1328 2442 μνημονευομένων.
1385 2354 1704 2442 Ἀρβάκης
1739 2359 1866 2443 γάρ
1902 2380 2023 2440 τις,
2051 2359 2291 2441 Μῆδος

370 2462 493 2549 μὲν
545 2466 620 2529 τὸ
676 2462 900 2547 γένος,
965 2463 1242 2549 ἀνδρείᾳ
1296 2458 1371 2528 δὲ
1432 2462 1544 2528 καὶ
1604 2472 1821 2547 ψυχῆς
1883 2465 2290 2548 λαμπρότητι
2320 2483 2376 2523 20

372 2568 741 2653 διαφέρων,
808 2569 1189 2656 ἐστρατήγει
1253 2570 1520 2653 Μήδων
1581 2578 1716 2634 τῶν
1778 2565 1917 2634 κατ’
1981 2567 2291 2636 ἐνιαυτὸν

370 2674 880 2759 ἐκπεμπομένων
934 2678 1028 2752 εἰς
1072 2676 1195 2758 τὴν
1242 2678 1478 2739 Νίνον.
1569 2675 1733 2740 κατὰ
1791 2671 1864 2740 δὲ
1917 2676 2041 2759 τὴν
2097 2693 2292 2762 στρα-

370 2783 552 2847 τείαν
598 2784 955 2866 γενόμενος
1002 2783 1306 2866 συνήθης
1350 2789 1441 2870 τῷ
1503 2789 1844 2871 στρατηγῷ
1889 2793 2025 2849 τῶν
2071 2788 2290 2867 Βαβυ-

373 2890 656 2972 λωνίων,
704 2885 815 2954 ὑπ’
861 2888 1120 2955 ἐκείνου
1164 2890 1550 2975 παρεκλήθη
1598 2894 1955 2956 καταλῦσαι
1995 2891 2119 2974 τὴν
2156 2902 2291 2956 τῶν

300 3020 333 3070 2
365 2994 733 3083 Ἀσσυρίων
777 2996 1156 3081 ἡγεμονίαν.
1248 2991 1335 3081 ἦν
1381 2990 1444 3062 δ’
1496 2990 1692 3073 οὗτος
1745 2998 1956 3083 ὄνομα
2002 2994 2124 3082 μὲν
2171 2996 2291 3062 Βέ-
2320 3015 2374 3056 25

372 3111 597 3188 λεσυς,
651 3115 787 3170 τῶν
842 3097 904 3168 δ’
959 3102 1191 3190 ἱερέων
1247 3103 1748 3188 ἐπισημότατος,
1806 3103 1924 3181 οὓς
1974 3103 2291 3188 Βαβυλώ-

370 3236 506 3277 νιοι
558 3216 840 3277 καλοῦσι
893 3211 1289 3288 Χαλδαίους.
1382 3210 1724 3296 ἐμπειρίαν
1779 3205 1904 3276 οὖν
1960 3213 2128 3295 ἔχων
2182 3234 2291 3294 με-

371 3321 605 3402 γίστην
661 3318 1094 3403 ἀστρολογίας
1137 3341 1206 3383 τε
1261 3315 1376 3383 καὶ
1421 3326 1736 3402 μαντικῆς
1795 3315 2108 3403 προέλεγε
2154 3327 2292 3394 τοῖς

516 3479 690 3528 8-10
726 3475 842 3528 tros
879 3491 1070 3529 versus
1109 3492 1217 3530 om.
1256 3474 1311 3530 II
1384 3479 1416 3528 8
1453 3468 1586 3542 ἄεξε
1623 3474 1865 3542 Reimea,
1904 3474 2046 3530 Chil.
2088 3480 2136 3542 3,
2157 3478 2288 3541 453;

373 3536 536 3601 δέξαι
570 3542 619 3593 D
721 3550 752 3597 9
791 3541 987 3613 ὀνησει
1022 3546 1071 3599 D
1182 3552 1249 3600 22
1290 3542 1558 3615 στρατιὰν
1594 3547 1689 3600 DF
1799 3551 1867 3600 25
1907 3543 2131 3609 Βέλεσις
2169 3544 2288 3599 OF.
