2569 4061
936 366 963 418 1
1002 371 1083 421 το.
1126 372 1209 421 71.
1553 409 1558 412 .
1905 368 2027 433 121

114 529 586 614 συμφερούσας
633 526 745 593 καὶ
789 526 1057 613 πράξεις
1093 526 1165 592 ἐκ
1201 538 1336 593 τῶν
1375 529 1573 614 ἱερῶν
1610 532 1864 613 βίβλων
1900 540 2033 596 τῶν

117 635 653 719 ἐπιφανεστάτων
701 632 989 719 ἀνδρῶν,
1039 634 1216 711 ὅπως
1262 635 1298 699 ὁ
1345 644 1479 699 τῶν
1518 636 1692 701 ὅλων
1727 639 1850 721 τὴν
1885 635 2031 720 ἡγε-

117 743 356 825 μονίαν
402 742 573 825 ἔχων
618 742 733 817 τὰς
777 743 1131 817 καλλίστας
1176 738 1595 827 προαιρέσεις
1642 751 1721 826 τῇ
1769 744 2033 830 διανοίᾳ

116 850 465 933 θεωρήσας
536 846 710 912 οὕτω
780 848 946 932 πρὸς
1017 849 1140 931 τὴν
1211 844 1618 929 τεταγμένην
1679 857 1812 911 τῶν
1872 851 2033 913 κατὰ

63 987 89 1027 5
117 951 313 1037 μέρος
354 951 668 1040 τρέπηται
716 954 1067 1036 διοίκησιν.
1155 952 1237 1017 οὐ
1283 953 1412 1036 γὰρ
1459 953 1673 1038 μόνον
1716 961 1838 1016 τοῦ
1883 976 2035 1037 χρη-
2079 977 2139 1021 10

114 1062 404 1144 ματίζειν
447 1058 490 1143 ἦ
541 1061 800 1145 κρίνειν
845 1054 931 1142 ἦν
978 1060 1209 1143 καιρὸς
1264 1057 1663 1145 ὡρισμένος,
1719 1057 1887 1122 ἀλλὰ
1929 1058 2037 1124 καὶ

113 1175 233 1231 τοῦ
269 1174 707 1252 περιπατῆσαι
734 1163 846 1230 καὶ
882 1166 1261 1230 λούσασθαι
1296 1161 1408 1230 καὶ
1434 1170 1843 1249 κοιμηθῆναι
1880 1166 2039 1249 μετὰ

112 1281 228 1355 τῆς
271 1272 588 1355 γυναικὸς
625 1270 735 1337 καὶ
770 1273 1076 1337 καθόλου
1111 1282 1246 1335 τῶν
1282 1274 1447 1337 κατὰ
1487 1274 1607 1337 τὸν
1650 1274 1805 1355 βίον
1839 1291 2035 1357 πρατ-

113 1376 413 1463 τομένων
450 1377 781 1443 ἁπάντων.
862 1387 1146 1462 τροφαῖς
1182 1374 1242 1442 δ’
1290 1379 1449 1455 ἔθος
1483 1374 1570 1462 ἦν
1608 1378 1838 1456 αὐτοῖς
1874 1377 2037 1443 ἁπα-
2079 1399 2139 1443 11

32 1519 87 1558 10
116 1488 262 1561 λαῖς
307 1490 631 1568 χρῆσθαι,
690 1480 849 1568 κρέα
909 1478 1031 1565 μὲν
1076 1485 1344 1568 μόσχων
1388 1482 1496 1549 καὶ
1540 1496 1764 1570 χηνῶν
1810 1487 2037 1569 μόνων

114 1587 737 1673 προσφερομένους,
810 1594 1002 1653 οἴνου
1066 1585 1141 1653 δὲ
1200 1592 1440 1654 τακτόν
1502 1614 1567 1655 τι
1631 1591 1871 1676 μέτρον
1933 1595 2035 1655 πί-

118 1715 361 1769 νοντας
408 1694 496 1777 μὴ
547 1693 926 1777 δυνάμενον
972 1695 1364 1778 πλησμονὴν
1413 1696 1691 1781 ἄκαιρον
1733 1694 1775 1778 ’ἢ
1822 1694 2037 1779 μέθην

117 1807 560 1884 περιποιῆσαι.
625 1802 925 1865 καθόλου
962 1796 1037 1864 δὲ
1072 1802 1153 1864 τὰ
1188 1798 1342 1886 περὶ
1377 1802 1501 1884 τὴν
1529 1801 1793 1865 δίαιταν
1831 1800 2039 1878 οὕτως
2081 1823 2141 1867 12

117 1905 369 1991 ὑπῆρχε
433 1904 818 1991 συμμέτρως
883 1905 1360 1992 διατεταγμένα
1423 1907 1589 1972 ὥστε
1661 1908 1888 1971 δοκεῖν
1951 1907 2037 1990 μὴ

34 2046 87 2086 15
115 2009 517 2096 νομοθέτην,
565 2011 732 2077 ἀλλὰ
768 2012 888 2077 τὸν
933 2013 1209 2098 ἄριστον
1252 2023 1390 2079 τῶν
1438 2014 1686 2099 ἰατρῶν
1730 2027 2039 2077 συντετα-

113 2117 303 2203 χέναι
338 2127 453 2202 τῆς
489 2118 744 2201 ὑγιείας
779 2122 1277 2203 στοχαζόμενον.
1342 2116 1727 2206 παραδόξου
1763 2114 1824 2182 δ’
1868 2113 2039 2183 εἶναι
2065 2137 2139 2198 71

117 2225 478 2301 δοκοῦντος
521 2232 645 2290 τοῦ
680 2226 769 2309 μὴ
806 2233 1028 2290 πᾶσαν
1065 2228 1240 2310 ἔχειν
1268 2224 1577 2303 ἐξουσίαν
1612 2226 1731 2290 τὸν
1767 2223 2041 2308 βασιλέα

116 2338 231 2414 τῆς
273 2329 432 2397 καθ’
478 2328 733 2416 ἡμέραν
776 2339 1052 2417 τροφῆς,
1099 2336 1324 2419 πολλῷ
1360 2331 1918 2415 θαυμασιώτερον
1953 2324 2037 2414 ἦν

116 2439 191 2501 τὸ
238 2441 397 2521 μήτε
444 2437 733 2516 δικάζειν
779 2440 939 2522 μήτε
983 2439 1402 2523 χρηματίζειν
1446 2437 1521 2501 τὸ
1568 2437 1772 2520 τυχὸν
1814 2435 2037 2515 αὐτοῖς

40 2574 95 2613 20
123 2541 385 2625 ἐξεῖναι,
430 2539 594 2626 μηδὲ
632 2535 1140 2628 τιμωρήσασθαι
1176 2541 1432 2627 μηδένα
1469 2540 1563 2608 δι’
1608 2542 1808 2629 ὕβριν
1843 2541 1885 2626 ἢ
1925 2545 2035 2609 διὰ

120 2649 346 2732 θυμὸν
388 2648 432 2731 ῆ
475 2672 627 2715 τινα
680 2650 891 2734 ἄλλην
936 2649 1157 2716 αἰτίαν
1202 2649 1469 2733 ἄδικον,
1525 2649 1692 2714 ἀλλὰ
1733 2649 2035 2737 καθάπερ

120 2754 193 2820 οί
221 2753 373 2841 περὶ
409 2753 702 2822 ἑκάστων
736 2759 1028 2840 κείμενοι
1063 2759 1261 2840 νόμοι
1297 2753 1756 2841 προσέταττον.
1829 2766 2035 2824 ταῦτα
2075 2778 2105 2822 2

118 2857 192 2926 δὲ
238 2863 403 2926 κατὰ
446 2863 522 2927 τὸ
569 2863 730 2939 ἔθος
773 2863 1170 2948 πράττοντες
1224 2862 1348 2947 οὐχ
1394 2861 1574 2940 ὅπως
1616 2863 2037 2947 ἠγανάκτουν

117 2966 157 3050 ἢ
186 2966 643 3052 προσέκοπτον
670 2979 816 3045 ταῖς
839 2977 1103 3052 ψυχαῖς,
1132 2968 1300 3034 ἀλλὰ
1325 2957 1734 3035 τούναντίον
1747 2969 2035 3053 ἡγοῦντο

38 3105 90 3146 25
119 3072 397 3152 ἑαυτοὺς
427 3077 544 3157 ζῆν
571 3076 724 3159 βίον
752 3076 1275 3161 μακαριώτατον·
1305 3077 1463 3152 τοὺς
1490 3070 1613 3160 μὲν
1638 3077 1765 3161 γὰρ
1795 3077 2037 3149 ἄλλους
2075 3094 2105 3138 3

118 3179 525 3267 ἀνθρώπους
553 3179 860 3265 ἐνόμιζον
888 3179 1249 3263 ἀλογίστως
1284 3191 1424 3258 τοῖς
1455 3191 1766 3265 φυσικοῖς
1791 3179 2037 3242 πάθεσι

261 3415 293 3463 6
331 3401 367 3476 ἢ
406 3409 623 3476 κρίνειν
661 3406 769 3461 del.
809 3406 1014 3462 Reiske
1142 3413 1174 3460 9
1214 3401 1411 3468 αὐτοῖς
1446 3422 1554 3460 om.
1593 3403 1643 3457 D
1769 3393 2035 3468 ἁπαλαῖς]

119 3473 326 3542 ἁπλαῖς
343 3478 398 3531 II
422 3481 491 3548 (ο.
515 3483 601 3545 84,
622 3478 677 3547 5)
772 3481 838 3531 10
858 3473 962 3547 μὲν
1025 3473 1093 3531 όσ
1129 3476 1231 3546 ων]
1297 3474 1492 3544 όσχεια
1523 3471 1630 3530 OF
1697 3464 1873 3539 μόνον
1887 3469 2039 3590 vulfi.

123 3554 187 3603 11
230 3545 395 3618 μέρος
423 3550 473 3604 D
586 3554 650 3604 12
688 3542 724 3616 ἢ
756 3547 945 3618 μέθην
1014 3548 1083 3602 el.
1165 3545 1247 3600 eis
1290 3562 1322 3600 e
1434 3550 1501 3599 14
1539 3558 1811 3629 <myris
1838 3535 1960 3621 ,ἕνα

124 3624 191 3674 19
230 3617 373 3689 μηδὲ
413 3617 671 3685 δικάζειν
708 3619 783 3687 D3
821 3619 860 3673 f.
900 3616 1008 3672 del.
1173 3620 1244 3679 24
1280 3614 1514 3683 ψυχαῖς]
1552 3629 1749 3679 τυχαις
1833 3610 1942 3665 leh.
