2569 4061
866 357 964 412 DE
1003 356 1401 416 CODIGIBUS.
1939 360 2100 418 XVII

178 523 479 603 Stephano
540 527 605 585 in
666 525 1045 602 procuranda
1108 526 1364 587 Diodori
1422 525 1683 587 editione
1755 526 2100 589 adhibitum

176 621 425 700 ideoque
484 623 670 685 variis
733 622 895 683 notis
949 624 1014 682 et
1068 622 1477 684 additionibus
1528 623 1890 685 instructum
1945 644 2098 700 esse,

176 738 272 794 pro
311 723 495 782 certo·
510 721 800 782 habemus
827 720 966 780 illos
1002 721 1193 781 libros
1226 721 1294 780 in
1328 720 1603 798 catalogo
1633 719 2094 783 claromontano

176 815 501 896 descriptos
547 836 679 880 esse
726 816 982 890 eosdem,
1028 836 1288 894 quorum
1336 818 1622 878 lectiones
1657 817 2094 898 wesselingius

98 900 99 941 3
176 928 241 971 ex
274 913 591 976 Camusati
634 913 869 976 scriniis
907 913 1111 976 edidit.
1176 914 1407 987 Quodsi
1443 933 1655 976 verum
1689 919 1799 992 est,
1843 920 2093 995 uterque

175 1010 347 1071 codex
404 1016 472 1073 et
517 1012 566 1072 F
603 1014 667 1071 et
712 1010 766 1070 G
809 1011 1048 1071 saeculo
1083 1012 1228 1072 XVI
1279 1016 1377 1074 est
1432 1011 1890 1088 adscribendus;
1951 1031 2092 1074 nam

176 1109 479 1188 catalogus
553 1109 953 1170 bibliothecae
1018 1108 1517 1172 Claromontanae
1591 1110 1804 1187 utique
1865 1111 2091 1171 maiore

174 1201 276 1264 fide
338 1206 565 1286 dignus
627 1209 722 1267 est
783 1225 966 1282 quam
1020 1204 1454 1288 Wesselingius
1468 1253 1485 1283 ,
1550 1207 1656 1284 qui
1707 1207 1847 1269 illos
1901 1208 2092 1269 libros

176 1317 473 1381 nunquam
506 1304 664 1367 vidit
697 1306 761 1364 et
793 1303 942 1381 ipse,
988 1306 1059 1362 ut
1095 1304 1373 1383 diximus,
1418 1305 1617 1368 verbis
1654 1323 1870 1382 parum
1906 1307 2089 1367 certis

98 1382 99 1409 ¹
177 1395 496 1479 descripsit.
572 1401 710 1463 Huc
744 1399 991 1477 accedit,
1037 1402 1200 1477 quod
1244 1402 1363 1463 sibi
1405 1404 1536 1480 ipse
1580 1405 1902 1480 repugnat,
1949 1421 2088 1464 cum

98 1488 99 1491 ’
179 1491 231 1553 in
284 1483 664 1574 praefatione
728 1498 992 1559 codicem
1047 1498 1096 1557 F
1150 1501 1312 1559 notis
1369 1499 1660 1576 Stephani
1722 1501 2088 1562 instructum

177 1606 288 1653 esse
333 1597 504 1674 dicit,
548 1597 671 1657 alio
719 1599 923 1657 autem
967 1597 1098 1656 loco
1147 1590 1209 1675 (I
1243 1616 1303 1673 p.
1333 1590 1494 1678 326)
1539 1600 1834 1658 memorat
1876 1600 2087 1658 notam

179 1683 455 1768 Stephani
498 1693 760 1772 margini
811 1693 1027 1754 codicis
1067 1692 1122 1753 Gr
1156 1693 1524 1775 inscriptam.
1599 1692 1773 1753 Unde
1818 1700 2084 1771 apparet,

179 1780 229 1841 id
268 1794 427 1865 quod
467 1811 575 1868 per
623 1810 689 1852 se
733 1790 865 1852 veri
903 1790 1277 1850 simillimum
1315 1792 1427 1865 est,
1472 1790 1703 1850 codices
1742 1788 2083 1851 Olaromon-

180 1880 331 1945 tanos
375 1890 425 1948 F
469 1892 531 1950 et
568 1888 622 1950 G
667 1907 707 1949 a
742 1886 1161 1964 Wesselingio‚
1206 1888 1433 1966 quippe
1477 1888 1583 1964 qui
1626 1904 1748 1946 non
1784 1886 1908 1946 suis
1945 1905 2083 1947 ocu-

179 1973 263 2057 lis,
304 1987 410 2046 sed
460 1987 711 2047 alterius
757 1984 1244 2047 adnotationibus
1290 2004 1437 2047 usus
1484 1986 1593 2064 sit,
1640 1983 1879 2061 saepius
1925 1983 2086 2047 inter

182 2089 231 2133 80
271 2098 396 2143 esse
453 2087 740 2147 mutatos,
830 2082 1055 2144 Contra
1107 2103 1181 2144 ea
1234 2085 1498 2162 catalogi
1552 2083 1761 2158 verba,
1818 2082 2081 2159 priorem

180 2173 414 2240 codicem
474 2179 1007 2242 claromontanum
1061 2180 1333 2243 Venetiis
1392 2184 1662 2258 emptum
1725 2198 1881 2258 esse,
1945 2199 2081 2257 pre-

180 2265 484 2339 tiosissima
531 2281 674 2339 sunt
688 2324 704 2356 ‚
750 2278 892 2354 quia
938 2277 1197 2337 codicem
1241 2279 1546 2339 Venetam
1588 2276 1653 2336 M
1697 2295 1835 2336 cum
1880 2274 2080 2337 Claro-

179 2375 435 2437 montano
487 2375 536 2434 F
581 2374 857 2451 plurimis
902 2375 1049 2434 locis
1093 2376 1429 2436 consentire
1475 2375 1731 2434 constat
1805 2373 2079 2450 Denique

180 2476 294 2525 Cum
342 2474 530 2533 codex
573 2472 622 2531 F
680 2472 864 2533 etiam
923 2471 1200 2548 pluribus
1262 2474 1496 2534 lacunis
1550 2490 1731 2550 quam
1775 2471 1840 2530 M
1883 2470 2076 2531 defor-

179 2566 350 2626 matus
405 2571 514 2647 sit,
579 2570 765 2630 codex
817 2570 879 2628 M
922 2588 1077 2651 ⁸ergo
1132 2588 1206 2628 ex
1250 2569 1300 2628 F
1355 2570 1694 2647 descriptus
1757 2587 1892 2630 esse
1955 2588 2076 2629 non

179 2662 369 2744 possit,
423 2667 799 2745 argumentis
854 2667 958 2728 vix
1010 2667 1416 2728 convellendis
1470 2667 1925 2745 comprobatum
1982 2671 2073 2728 est

178 2755 413 2823 codicem
467 2765 516 2822 F
572 2758 779 2847 (sicuti
814 2757 894 2844 G)
957 2782 1078 2824 non
1141 2766 1283 2823 ante
1347 2765 1653 2823 saeculum
1688 2763 1832 2822 XVI
1865 2764 2073 2841 -scrip-

178 2845 287 2912 t¹11ss
328 2856 550 2942 esse.*)

327 2956 660 3021 Vaticanus
715 2960 901 3020 codex
948 2961 1076 3020 900
1128 2959 1247 3018 nisi
1301 2977 1375 3018 ex
1429 2958 1635 3034 paucis
1692 2958 2068 3035 lectionibus,
2087 2969 2140 3028 P

178 3054 303 3113 quas
346 3052 780 3134 Wesselingius
831 3056 898 3115 in
950 3057 1216 3116 extremo
1271 3054 1426 3115 libro
1483 3054 1693 3131 quinto
1737 3057 2069 3134 proposuit,

176 3140 322 3206 nobis
366 3153 657 3230 cognitus-
683 3170 807 3212 non
850 3153 961 3212 est.

329 3244 705 3322 Florentinos
778 3248 1008 3310 codices
1071 3249 1325 3309 Diodori
1397 3250 1732 3327 complures
1805 3250 2070 3325 inspexit

178 3326 446 3419 Georgius
501 3345 847 3410 Schneider:
911 3365 1166 3423 quorum
1227 3346 1589 3408 veterrimus
1650 3351 1744 3408 est
1807 3346 1991 3406 codex
2035 3343 2068 3400 I

179 3463 575 3494 κ,-

299 3551 351 3622 *)
386 3558 615 3616 Codices
665 3561 709 3615 F
757 3562 816 3615 et
849 3558 900 3614 G
953 3577 1102 3615 nunc
1154 3557 1363 3615 retrusi
1417 3560 1549 3613 sunt
1599 3558 1662 3611 in
1714 3550 2069 3610 bibliotheca

179 3616 643 3695 choltenhamensi
677 3640 806 3709 (No.
837 3645 975 3695 1628
1011 3642 1072 3695 et
1110 3642 1289 3707 1629).

267 3725 505 3782 Dtononus
532 3739 572 3779 1.
1711 3716 1748 3766 b
