2569 4061
1023 437 1050 491 1
1089 444 1175 494 30.
1204 444 1290 493 31.
1320 445 1406 494 32.
2096 441 2178 506 51

260 602 499 686 σχεδὸν
527 598 633 666 ἐπὶ
661 601 976 676 σταδίους
1003 598 1498 684 ἑξακισχιλίους.
1552 603 2084 690 πολυανθρωπίᾳ
2112 599 2188 668 δὲ

256 709 332 773 τὸ
372 703 495 792 μὲν
531 708 816 773 παλαιὸν
853 709 1028 773 πολὺ
1071 706 1355 792 προέσχε
1391 707 1661 773 πάντων
1701 720 1837 774 τῶν
1871 713 2186 795 γνωριζο-

256 812 478 898 μένων
522 815 745 879 τόπων
788 815 955 879 κατὰ
997 813 1124 897 τὴν
1170 812 1610 897 οἰκουμένην,
1656 812 1767 879 καὶ
1810 810 1968 880 καθ’
2013 815 2186 900 ἡμᾶς

258 916 333 985 δὲ
362 920 635 997 οὐδενὸς
671 929 807 984 τῶν
844 920 1066 985 ἄλλων
1104 920 1294 985 δοκεῖ
1324 921 1673 984 λείπεσθαι
1687 939 1703 956 ·
1750 918 1856 986 ἐπὶ
1891 918 2013 1005 μὲν
2051 924 2179 1008 γὰρ
2217 942 2250 993 7

202 1043 230 1083 5
256 1028 393 1091 τῶν
455 1026 749 1113 ἀρχαίων
802 1027 1068 1111 χρόνων
1131 1028 1279 1109 ἔσχε
1334 1026 1561 1110 κώμας
1623 1024 2014 1110 ἀξιολόγους
2075 1025 2187 1093 καὶ

255 1135 480 1211 πόλεις
533 1135 806 1210 πλείους
849 1142 985 1197 τῶν
1039 1135 1303 1217 μυρίων
1345 1129 1459 1197 καὶ
1515 1132 2051 1216 ὀκτακισχιλίων,
2100 1134 2188 1211 ὡς

255 1238 349 1305 ἐν’
381 1250 527 1316 ταῖς
575 1240 782 1324 ἱεραῖς
835 1238 1258 1323 ἀναγραφαῖς
1303 1237 1473 1324 ὁρᾶν
1519 1241 1657 1304 ἔστι
1705 1256 2187 1325 κατακεχωρισ-

254 1344 483 1429 μένον,
531 1343 639 1410 έπὶ
685 1341 761 1410 δὲ
808 1346 1234 1429 Πτολεμαίου
1278 1353 1402 1410 τοῦ
1449 1345 1685 1428 Λάγου
1734 1348 2006 1423 πλείους
2050 1356 2188 1411 τῶν

252 1454 668 1539 τρισμυρίων
704 1452 1207 1537 ἠριθμήθησαν,
1247 1446 1345 1517 ὧν
1380 1453 1456 1517 τὸ
1493 1457 1753 1537 πλῆθος
1791 1451 2186 1538 διαμεμένη-

172 1576 227 1616 10
253 1583 370 1626 κεν
418 1558 542 1636 ἕως
586 1569 721 1623 τῶν
765 1552 924 1623 καθ’
966 1558 1136 1641 ἡμᾶς
1170 1559 1454 1642 χρόνων.
1525 1567 1646 1624 τοῦ
1685 1556 1759 1624 δὲ
1801 1560 2186 1645 σύμπαντος
2222 1578 2256 1628 8

253 1671 424 1732 λαοῦ
468 1666 545 1730 τὸ
602 1660 725 1748 μὲν
769 1665 1056 1728 παλαιόν
1101 1678 1269 1746 φασι
1323 1663 1673 1746 γεγονέναι
1718 1663 1868 1750 περὶ
1915 1664 2185 1731 ἑπτακο-

254 1773 407 1846 σίας
443 1769 793 1854 μυριάδας,
837 1766 951 1833 καὶ
985 1763 1143 1832 καθ’
1184 1767 1355 1852 ἡμᾶς
1394 1770 1465 1833 δὲ
1503 1769 1628 1834 οὐκ
1665 1767 1976 1847 ἐλάττους
2011 1767 2184 1836 εἶναι

257 1876 737 1963 [τριακοσίων].
811 1875 919 1940 διὸ
964 1871 1076 1938 καὶ
1110 1875 1280 1949 τοὺςΙ
1315 1872 1636 1959 ἀρχαίους
1669 1876 1964 1958 βασιλεῖς
2011 1876 2184 1940 ίστο-
2222 1896 2256 1945 9

139 2006 209 2056 37
251 1990 455 2070 ροῦσι
498 1982 665 2049 κατὰ
708 1982 832 2066 τὴν
868 1986 1216 2065 Αἴγυπτον
1261 1982 1425 2067 ἔργα
1470 1982 1724 2066 μεγάλα
1767 1978 1880 2047 καὶ
1924 1988 2188 2066 θαυμα-

170 2108 223 2149 15
252 2091 377 2155 στα
425 2090 538 2154 διὰ
580 2097 696 2174 τῆς
739 2090 1168 2174 πολυχειρίας
1211 2089 1835 2165 κατασκευάσαντας
1880 2088 2187 2154 ἀθάνατα

251 2204 365 2281 τῆς
403 2194 659 2262 ἑαυτῶν
687 2194 885 2279 δόξης
922 2194 1273 2260 ἀπολιπεῖν
1309 2194 1768 2281 ὑπομνήματα.
1829 2194 1997 2260 ἀλλά
2033 2193 2186 2281 περὶ

250 2299 375 2386 μὲν
419 2301 677 2367 τούτων
718 2301 800 2365 τὰ
844 2301 1010 2365 κατὰ
1054 2299 1253 2386 μέρος
1291 2302 1531 2385 μικρὸν
1575 2300 1860 2385 ὕστερον
1897 2299 2185 2385 ἀναγρά-

250 2418 500 2492 ψομεν,
555 2404 708 2493 περὶ
756 2403 831 2472 δὲ
885 2415 1005 2490 τῆς
1048 2414 1171 2472 τοῦ
1224 2414 1531 2490 ποταμοῦ
1577 2406 1842 2490 φύσεως
1894 2404 2007 2471 καὶ
2050 2415 2186 2471 τῶν

251 2516 419 2580 κατὰ
462 2515 587 2598 τὴν
632 2513 860 2599 χώραν
908 2512 1286 2598 ἰδιωμάτων
1330 2521 1462 2578 νῦν
1510 2511 1813 2596 διέξιμεν.

169 2638 223 2678 2⁰
421 2618 492 2686 Ὁ
536 2622 664 2707 γὰρ
701 2623 949 2697 Νεῖλος
995 2618 1267 2705 φέρεται
1305 2615 1429 2705 μὲν
1465 2618 1594 2685 ἀπὸ
1632 2622 2040 2706 μεσημβρίας
2075 2617 2184 2686 ἐπὶ
2202 2620 2289 2687 32

249 2727 376 2811 τὴν
422 2728 688 2813 ἄρκτον,
734 2727 849 2803 τὰς
894 2727 1109 2810 πηγὰς
1145 2729 1317 2811 ἔχων
1363 2723 1436 2791 ἐκ
1471 2728 1695 2792 τόπων
1740 2726 2066 2812 ἀοράτων,
2115 2731 2192 2794 οἳ

247 2843 501 2899 κεῖνται
561 2841 676 2917 τῆς
740 2830 1015 2917 ἐσχάτης
1070 2833 1432 2910 Αἰθιοπίας
1491 2834 1656 2898 κατὰ
1719 2832 1843 2916 τὴν
1907 2835 2179 2918 ἔρημον,

248 2940 620 3026 ἀπροσίτου
664 2947 780 3023 τῆς
824 2939 1043 3025 χώρας
1099 2939 1304 3024 οὔσης
1351 2940 1464 3004 διὰ
1508 2940 1632 3023 τὴν
1675 2948 1797 3004 τοῦ
1846 2940 2181 3024 καύματος

247 3042 647 3131 ὑπερβολήν.
720 3042 1029 3129 μέγιστος
1075 3042 1136 3109 δ’
1184 3044 1280 3109 ὢν
1324 3054 1461 3110 τῶν
1508 3044 1821 3110 ἁπάντων
1865 3055 2180 3129 ποταμῶν
2215 3063 2249 3111 2

168 3167 219 3209 25
245 3149 363 3217 καὶ
408 3154 725 3234 πλείστην
769 3159 898 3235 γῆν
945 3148 1208 3229 διεξιὼν
1244 3151 1505 3234 καμπὰς
1549 3161 1834 3216 ποιεῖται
1870 3152 2179 3235 μεγάλας,

246 3254 411 3323 ποτὲ
465 3254 588 3343 μὲν
644 3255 750 3323 ἐπὶ
793 3257 917 3341 τὴν
975 3255 1310 3340 ἀνατολὴν
1353 3255 1465 3322 καὶ
1521 3258 1645 3341 τὴν
1683 3251 1996 3343 Ἀραβίαν
2044 3253 2180 3319 έπι-

195 3361 202 3368 ’
248 3362 593 3450 στρέφων,
648 3359 806 3429 ποτὲ
862 3361 935 3427 δ’
982 3360 1089 3428 ἐπὶ
1140 3363 1265 3445 τὴν
1322 3362 1521 3428 δύσιν
1577 3359 1688 3427 καὶ
1741 3362 1865 3444 τὴν
1913 3360 2181 3442 Λιβύην

248 3468 599 3556 ἐκκλίνωνῗ·
655 3466 926 3555 φέρεται
978 3469 1107 3554 γὰρ
1164 3466 1294 3531 ἀπὸ
1348 3477 1484 3531 τῶν
1530 3468 1956 3530 Αἰθιοπικῶν
2002 3462 2181 3548 ὀρῶν

395 3632 427 3681 6
466 3625 642 3680 πλείω
678 3625 727 3679 D
839 3631 873 3680 9
912 3624 1227 3695 τρισχιλίων
1267 3620 1375 3676 CF
1481 3627 1545 3675 13
1583 3616 1920 3689 τριακοσίων
1961 3630 2069 3669 om.
2100 3615 2175 3681 M,

244 3697 382 3753 incl.
424 3695 756 3766 Stephanus,
1679 3769 1754 3822 4³¹·
