<?xml version="1.0" encoding="UTF-8"?>
<!DOCTYPE html PUBLIC "-//W3C//DTD XHTML 1.0 Transitional//EN"
    "http://www.w3.org/TR/xhtml1/DTD/xhtml1-transitional.dtd">
<html xmlns="http://www.w3.org/1999/xhtml" xml:lang="en" lang="en">
 <head>
  <title>
</title>
<meta http-equiv="Content-Type" content="text/html;charset=utf-8" />
  <meta name='ocr-system' content='tesseract 3.04.00' />
  <meta name='ocr-capabilities' content='ocr_page ocr_carea ocr_par ocr_line ocrx_word'/>
</head>
<body>
  <div class='ocr_page' id='page_1' title='image "./diodoribiblioth02dindgoog/diodoribiblioth02dindgoog_0020.png"; bbox 0 0 2569 4061; ppageno 0'>
   <div class='ocr_carea' id='block_1_1' title="bbox 485 201 1661 260">
    <p class='ocr_par' dir='ltr' id='par_1_1' title="bbox 485 201 1661 260">
     <span class='ocr_line' id='line_1_1' title="bbox 485 201 1661 260; baseline 0.002 -4"><span class='ocrx_word' id='word_1_1' title='bbox 485 202 618 257; x_wconf 90' lang='lat' dir='ltr'><strong>XVI</strong></span> <span class='ocrx_word' id='word_1_2' title='bbox 1229 201 1661 260; x_wconf 84' lang='lat' dir='ltr'><strong>PRAEFATIO.</strong></span> 
     </span>
    </p>
   </div>
   <div class='ocr_carea' id='block_1_2' title="bbox 252 363 2401 2107">
    <p class='ocr_par' dir='ltr' id='par_1_2' title="bbox 431 363 2396 544">
     <span class='ocr_line' id='line_1_2' title="bbox 431 363 2396 452; baseline 0.002 -24"><span class='ocrx_word' id='word_1_3' title='bbox 431 363 693 452; x_wconf 84' lang='lat' dir='ltr'><strong>pitum)</strong></span> <span class='ocrx_word' id='word_1_4' title='bbox 751 369 1042 447; x_wconf 77' lang='lat' dir='ltr'>neglectis</span> <span class='ocrx_word' id='word_1_5' title='bbox 1108 369 1372 445; x_wconf 88' lang='lat' dir='ltr'><strong>spatium</strong></span> <span class='ocrx_word' id='word_1_6' title='bbox 1427 371 1504 430; x_wconf 90' lang='lat' dir='ltr'><strong>ad</strong></span> <span class='ocrx_word' id='word_1_7' title='bbox 1558 370 1668 430; x_wconf 89' lang='lat' dir='ltr'><strong>illa</strong></span> <span class='ocrx_word' id='word_1_8' title='bbox 1719 371 2071 448; x_wconf 89' lang='lat' dir='ltr'><strong>excipienda</strong></span> <span class='ocrx_word' id='word_1_9' title='bbox 2132 389 2396 434; x_wconf 87' lang='lat' dir='ltr'><strong>vacuum</strong></span> 
     </span>
     <span class='ocr_line' id='line_1_3' title="bbox 468 467 1764 544; baseline 0.001 -15"><span class='ocrx_word' id='word_1_10' title='bbox 468 468 786 544; x_wconf 79' lang='lat' dir='ltr'>reliquisse</span> <span class='ocrx_word' id='word_1_11' title='bbox 831 467 993 528; x_wconf 91' lang='lat' dir='ltr'><strong>idem</strong></span> <span class='ocrx_word' id='word_1_12' title='bbox 1039 467 1382 529; x_wconf 77' lang='lat' dir='ltr'><strong>observavit</strong></span> <span class='ocrx_word' id='word_1_13' title='bbox 1426 468 1764 531; x_wconf 72' lang='lat' dir='ltr'><strong>Schneider.</strong></span> 
     </span>
    </p>

    <p class='ocr_par' dir='ltr' id='par_1_3' title="bbox 252 559 2401 1231">
     <span class='ocr_line' id='line_1_4' title="bbox 252 559 2398 649; baseline 0.002 -25"><span class='ocrx_word' id='word_1_14' title='bbox 252 565 303 624; x_wconf 75' lang='lat' dir='ltr'><strong>F</strong></span> <span class='ocrx_word' id='word_1_15' title='bbox 319 564 449 625; x_wconf 83' lang='lat' dir='ltr'><strong>etG</strong></span> <span class='ocrx_word' id='word_1_16' title='bbox 646 565 1147 627; x_wconf 83' lang='lat' dir='ltr'><strong>Claromontanus</strong></span> <span class='ocrx_word' id='word_1_17' title='bbox 1211 564 1400 625; x_wconf 80' lang='lat' dir='ltr'><strong>codex</strong></span> <span class='ocrx_word' id='word_1_18' title='bbox 1460 566 1626 642; x_wconf 85' lang='lat' dir='ltr'><strong>prior</strong></span> <span class='ocrx_word' id='word_1_19' title='bbox 1689 559 1798 649; x_wconf 81' lang='lat' dir='ltr'><strong>(F)</strong></span> <span class='ocrx_word' id='word_1_20' title='bbox 1861 570 2136 645; x_wconf 75' lang='lat' dir='ltr'><strong>praestat</strong></span> <span class='ocrx_word' id='word_1_21' title='bbox 2196 568 2398 629; x_wconf 82' lang='lat' dir='ltr'><strong>iudice</strong></span> 
     </span>
     <span class='ocr_line' id='line_1_5' title="bbox 454 656 2399 741; baseline 0.001 -17"><span class='ocrx_word' id='word_1_22' title='bbox 454 656 875 741; x_wconf 63' lang='lat' dir='ltr'><strong>⁸Wesselingio</strong></span> <span class='ocrx_word' id='word_1_23' title='bbox 929 662 1200 724; x_wconf 89' lang='lat' dir='ltr'><strong>bonitate</strong></span> <span class='ocrx_word' id='word_1_24' title='bbox 1255 665 1320 722; x_wconf 93' lang='lat' dir='ltr'><strong>et</strong></span> <span class='ocrx_word' id='word_1_25' title='bbox 1378 664 1741 740; x_wconf 74' lang='lat' dir='ltr'><strong>antiquitate</strong></span> <span class='ocrx_word' id='word_1_26' title='bbox 1803 664 1995 725; x_wconf 90' lang='lat' dir='ltr'><strong>codici</strong></span> <span class='ocrx_word' id='word_1_27' title='bbox 2049 664 2399 726; x_wconf 80' lang='lat' dir='ltr'><strong>Claromon-</strong></span> 
     </span>
     <span class='ocr_line' id='line_1_6' title="bbox 468 752 2394 842; baseline -0.001 -18"><span class='ocrx_word' id='word_1_28' title='bbox 468 767 614 824; x_wconf 87' lang='lat' dir='ltr'><strong>tano</strong></span> <span class='ocrx_word' id='word_1_29' title='bbox 659 761 985 841; x_wconf 78' lang='lat' dir='ltr'><strong>posteriori</strong></span> <span class='ocrx_word' id='word_1_30' title='bbox 1030 752 1170 842; x_wconf 83' lang='lat' dir='ltr'>(G),</span> <span class='ocrx_word' id='word_1_31' title='bbox 1216 778 1404 820; x_wconf 89' lang='lat' dir='ltr'><strong>manu</strong></span> <span class='ocrx_word' id='word_1_32' title='bbox 1448 761 1900 822; x_wconf 88' lang='lat' dir='ltr'><strong>Bartholomaei</strong></span> <span class='ocrx_word' id='word_1_33' title='bbox 1946 763 2170 840; x_wconf 89' lang='lat' dir='ltr'><strong>scripto</strong></span> <span class='ocrx_word' id='word_1_34' title='bbox 2217 765 2394 833; x_wconf 80' lang='lat' dir='ltr'><strong>(saec.</strong></span> 
     </span>
     <span class='ocr_line' id='line_1_7' title="bbox 469 851 2401 940; baseline 0 -20"><span class='ocrx_word' id='word_1_35' title='bbox 469 862 614 938; x_wconf 86' lang='lat' dir='ltr'><strong>XV;</strong></span> <span class='ocrx_word' id='word_1_36' title='bbox 669 861 745 921; x_wconf 87' lang='lat' dir='ltr'><strong>cf.</strong></span> <span class='ocrx_word' id='word_1_37' title='bbox 788 858 1114 919; x_wconf 85' lang='lat' dir='ltr'><strong>Montfauc.</strong></span> <span class='ocrx_word' id='word_1_38' title='bbox 1178 854 1494 935; x_wconf 83' lang='lat' dir='ltr'><strong>Palaeogr.</strong></span> <span class='ocrx_word' id='word_1_39' title='bbox 1560 858 1764 920; x_wconf 82' lang='lat' dir='ltr'><strong>Graec.</strong></span> <span class='ocrx_word' id='word_1_40' title='bbox 1801 859 1833 917; x_wconf 95' lang='lat' dir='ltr'>I</span> <span class='ocrx_word' id='word_1_41' title='bbox 1871 851 1969 940; x_wconf 81' lang='lat'><strong>8):</strong></span> <span class='ocrx_word' id='word_1_42' title='bbox 2035 862 2129 920; x_wconf 87' lang='lat' dir='ltr'><strong>est</strong></span> <span class='ocrx_word' id='word_1_43' title='bbox 2188 862 2401 921; x_wconf 89' lang='lat' dir='ltr'><strong>tamen</strong></span> 
     </span>
     <span class='ocr_line' id='line_1_8' title="bbox 470 954 2399 1035; baseline -0.001 -17"><span class='ocrx_word' id='word_1_44' title='bbox 470 959 569 1018; x_wconf 90' lang='lat' dir='ltr'><strong>hic</strong></span> <span class='ocrx_word' id='word_1_45' title='bbox 613 957 801 1035; x_wconf 88' lang='lat' dir='ltr'><strong>priori</strong></span> <span class='ocrx_word' id='word_1_46' title='bbox 843 956 909 1015; x_wconf 94' lang='lat' dir='ltr'><strong>in</strong></span> <span class='ocrx_word' id='word_1_47' title='bbox 953 954 1255 1031; x_wconf 89' lang='lat' dir='ltr'><strong>plerisque</strong></span> <span class='ocrx_word' id='word_1_48' title='bbox 1293 957 1747 1034; x_wconf 83' lang='lat' dir='ltr'><strong>consentaneus,</strong></span> <span class='ocrx_word' id='word_1_49' title='bbox 1791 959 1862 1016; x_wconf 88' lang='lat' dir='ltr'><strong>ut</strong></span> <span class='ocrx_word' id='word_1_50' title='bbox 1897 975 1994 1016; x_wconf 87' lang='lat' dir='ltr'><strong>res</strong></span> <span class='ocrx_word' id='word_1_51' title='bbox 2027 957 2164 1033; x_wconf 89' lang='lat' dir='ltr'><strong>ipsa</strong></span> <span class='ocrx_word' id='word_1_52' title='bbox 2199 959 2399 1017; x_wconf 89' lang='lat' dir='ltr'><strong>osten-</strong></span> 
     </span>
     <span class='ocr_line' id='line_1_9' title="bbox 469 1051 2398 1132; baseline -0.001 -17"><span class='ocrx_word' id='word_1_53' title='bbox 469 1057 563 1115; x_wconf 85' lang='lat' dir='ltr'><strong>dit</strong></span> <span class='ocrx_word' id='word_1_54' title='bbox 616 1074 810 1131; x_wconf 89' lang='lat' dir='ltr'><strong>neque</strong></span> <span class='ocrx_word' id='word_1_55' title='bbox 868 1051 1256 1127; x_wconf 79' lang='lat' dir='ltr'><strong>camusatus,</strong></span> <span class='ocrx_word' id='word_1_56' title='bbox 1312 1051 1419 1126; x_wconf 88' lang='lat' dir='ltr'><strong>qui</strong></span> <span class='ocrx_word' id='word_1_57' title='bbox 1474 1055 1802 1129; x_wconf 89' lang='lat' dir='ltr'><strong>utrumque</strong></span> <span class='ocrx_word' id='word_1_58' title='bbox 1855 1054 2138 1132; x_wconf 84' lang='lat' dir='ltr'><strong>contulit,</strong></span> <span class='ocrx_word' id='word_1_59' title='bbox 2191 1053 2398 1114; x_wconf 89' lang='lat' dir='ltr'><strong>admo—</strong></span> 
     </span>
     <span class='ocr_line' id='line_1_10' title="bbox 468 1142 1653 1231; baseline -0.003 -18"><span class='ocrx_word' id='word_1_60' title='bbox 468 1172 612 1213; x_wconf 90' lang='lat' dir='ltr'><strong>nere</strong></span> <span class='ocrx_word' id='word_1_61' title='bbox 654 1151 922 1229; x_wconf 84' lang='lat' dir='ltr'><strong>neglexit</strong></span> <span class='ocrx_word' id='word_1_62' title='bbox 969 1142 1191 1231; x_wconf 89' lang='lat' dir='ltr'><strong>(Wess.</strong></span> <span class='ocrx_word' id='word_1_63' title='bbox 1227 1147 1320 1207; x_wconf 88' lang='lat' dir='ltr'><strong>ed.</strong></span> <span class='ocrx_word' id='word_1_64' title='bbox 1355 1148 1387 1206; x_wconf 96' lang='lat' dir='ltr'>I</span> <span class='ocrx_word' id='word_1_65' title='bbox 1422 1142 1653 1231; x_wconf 65' lang='lat' dir='ltr'><strong>praefi).</strong></span> 
     </span>
    </p>

    <p class='ocr_par' dir='ltr' id='par_1_4' title="bbox 462 1245 2399 2107">
     <span class='ocr_line' id='line_1_11' title="bbox 648 1245 2398 1325; baseline -0.002 -16"><span class='ocrx_word' id='word_1_66' title='bbox 648 1249 932 1309; x_wconf 83' lang='lat' dir='ltr'><strong>Aetatem</strong></span> <span class='ocrx_word' id='word_1_67' title='bbox 978 1246 1197 1307; x_wconf 90' lang='lat' dir='ltr'><strong>codicis</strong></span> <span class='ocrx_word' id='word_1_68' title='bbox 1243 1245 1293 1304; x_wconf 80' lang='lat' dir='ltr'><strong>F</strong></span> <span class='ocrx_word' id='word_1_69' title='bbox 1336 1246 1468 1323; x_wconf 89' lang='lat' dir='ltr'><strong>ipse</strong></span> <span class='ocrx_word' id='word_1_70' title='bbox 1514 1248 1753 1324; x_wconf 88' lang='lat' dir='ltr'><strong>quidem</strong></span> <span class='ocrx_word' id='word_1_71' title='bbox 1788 1247 2225 1325; x_wconf 87' lang='lat' dir='ltr'><strong>Wesselingius</strong></span> <span class='ocrx_word' id='word_1_72' title='bbox 2272 1265 2398 1307; x_wconf 92' lang='lat' dir='ltr'><strong>non</strong></span> 
     </span>
     <span class='ocr_line' id='line_1_12' title="bbox 469 1339 2398 1421; baseline -0.001 -13"><span class='ocrx_word' id='word_1_73' title='bbox 469 1348 601 1409; x_wconf 91' lang='lat' dir='ltr'><strong>sine</strong></span> <span class='ocrx_word' id='word_1_74' title='bbox 639 1346 972 1407; x_wconf 89' lang='lat' dir='ltr'><strong>diffidentia</strong></span> <span class='ocrx_word' id='word_1_75' title='bbox 1007 1344 1267 1421; x_wconf 87' lang='lat' dir='ltr'><strong>quadam</strong></span> <span class='ocrx_word' id='word_1_76' title='bbox 1317 1345 1407 1405; x_wconf 90' lang='lat' dir='ltr'><strong>ita</strong></span> <span class='ocrx_word' id='word_1_77' title='bbox 1445 1345 1761 1421; x_wconf 83' lang='lat' dir='ltr'><strong>descripsit</strong></span> <span class='ocrx_word' id='word_1_78' title='bbox 1805 1339 1985 1406; x_wconf 73' lang='lat' dir='ltr'><strong>‘circa</strong></span> <span class='ocrx_word' id='word_1_79' title='bbox 2022 1345 2247 1405; x_wconf 89' lang='lat' dir='ltr'><strong>saeculi</strong></span> <span class='ocrx_word' id='word_1_80' title='bbox 2272 1345 2398 1406; x_wconf 91' lang='lat' dir='ltr'><strong>XII</strong></span> 
     </span>
     <span class='ocr_line' id='line_1_13' title="bbox 468 1435 2396 1521; baseline 0.001 -17"><span class='ocrx_word' id='word_1_81' title='bbox 468 1446 669 1520; x_wconf 87' lang='lat' dir='ltr'><strong>finem,</strong></span> <span class='ocrx_word' id='word_1_82' title='bbox 713 1448 785 1504; x_wconf 88' lang='lat' dir='ltr'><strong>ut</strong></span> <span class='ocrx_word' id='word_1_83' title='bbox 828 1443 1166 1521; x_wconf 83' lang='lat' dir='ltr'><strong>perhibent,</strong></span> <span class='ocrx_word' id='word_1_84' title='bbox 1213 1435 1498 1519; x_wconf 89' lang='lat' dir='ltr'><strong>scriptus&#39;</strong></span> <span class='ocrx_word' id='word_1_85' title='bbox 1511 1465 1530 1520; x_wconf 78' lang='lat'>3</span> <span class='ocrx_word' id='word_1_86' title='bbox 1584 1444 1814 1519; x_wconf 89' lang='lat' dir='ltr'><strong>primus</strong></span> <span class='ocrx_word' id='word_1_87' title='bbox 1858 1445 2062 1503; x_wconf 83' lang='lat' dir='ltr'><strong>tamen</strong></span> <span class='ocrx_word' id='word_1_88' title='bbox 2106 1441 2396 1505; x_wconf 83' lang='lat' dir='ltr'><strong>Alfredus</strong></span> 
     </span>
     <span class='ocr_line' id='line_1_14' title="bbox 464 1532 2398 1623; baseline -0.001 -21"><span class='ocrx_word' id='word_1_89' title='bbox 464 1543 660 1604; x_wconf 80' lang='lat' dir='ltr'><strong>Jacob</strong></span> <span class='ocrx_word' id='word_1_90' title='bbox 721 1535 1053 1622; x_wconf 78' lang='lat' dir='ltr'><strong>(Melanges</strong></span> <span class='ocrx_word' id='word_1_91' title='bbox 1101 1538 1309 1600; x_wconf 82' lang='lat' dir='ltr'><strong>Graux</strong></span> <span class='ocrx_word' id='word_1_92' title='bbox 1350 1541 1541 1617; x_wconf 83' lang='lat'>1884,</span> <span class='ocrx_word' id='word_1_93' title='bbox 1586 1561 1643 1617; x_wconf 91' lang='lat' dir='ltr'><strong>p.</strong></span> <span class='ocrx_word' id='word_1_94' title='bbox 1676 1532 1838 1623; x_wconf 86' lang='lat'>526)</span> <span class='ocrx_word' id='word_1_95' title='bbox 1891 1541 2039 1601; x_wconf 92' lang='lat' dir='ltr'><strong>haec</strong></span> <span class='ocrx_word' id='word_1_96' title='bbox 2096 1540 2284 1603; x_wconf 87' lang='lat' dir='ltr'><strong>verba</strong></span> <span class='ocrx_word' id='word_1_97' title='bbox 2327 1540 2398 1600; x_wconf 93' lang='lat' dir='ltr'><strong>in</strong></span> 
     </span>
     <span class='ocr_line' id='line_1_15' title="bbox 470 1636 2399 1716; baseline -0.001 -17"><span class='ocrx_word' id='word_1_98' title='bbox 470 1640 869 1716; x_wconf 87' lang='lat' dir='ltr'><strong>suspicionem</strong></span> <span class='ocrx_word' id='word_1_99' title='bbox 894 1637 1134 1699; x_wconf 87' lang='lat' dir='ltr'><strong>vocavit</strong></span> <span class='ocrx_word' id='word_1_100' title='bbox 1172 1640 1235 1697; x_wconf 90' lang='lat' dir='ltr'><strong>et</strong></span> <span class='ocrx_word' id='word_1_101' title='bbox 1268 1638 1332 1696; x_wconf 91' lang='lat' dir='ltr'><strong>id</strong></span> <span class='ocrx_word' id='word_1_102' title='bbox 1360 1638 1588 1713; x_wconf 90' lang='lat' dir='ltr'><strong>optimo</strong></span> <span class='ocrx_word' id='word_1_103' title='bbox 1615 1638 1764 1696; x_wconf 88' lang='lat' dir='ltr'><strong>iure.</strong></span> <span class='ocrx_word' id='word_1_104' title='bbox 1809 1636 2206 1697; x_wconf 86' lang='lat' dir='ltr'><strong>Inveniuntur</strong></span> <span class='ocrx_word' id='word_1_105' title='bbox 2231 1637 2399 1697; x_wconf 88' lang='lat' dir='ltr'><strong>enim</strong></span> 
     </span>
     <span class='ocr_line' id='line_1_16' title="bbox 462 1731 2393 1812; baseline -0.001 -16"><span class='ocrx_word' id='word_1_106' title='bbox 462 1738 533 1796; x_wconf 90' lang='lat' dir='ltr'><strong>in</strong></span> <span class='ocrx_word' id='word_1_107' title='bbox 561 1736 850 1812; x_wconf 86' lang='lat' dir='ltr'><strong>Catalogo</strong></span> <span class='ocrx_word' id='word_1_108' title='bbox 887 1734 1435 1810; x_wconf 84' lang='lat' dir='ltr'><strong>manuscriptorum</strong></span> <span class='ocrx_word' id='word_1_109' title='bbox 1471 1735 1743 1793; x_wconf 89' lang='lat' dir='ltr'><strong>codicum</strong></span> <span class='ocrx_word' id='word_1_110' title='bbox 1780 1733 2022 1809; x_wconf 87' lang='lat' dir='ltr'><strong>collegii</strong></span> <span class='ocrx_word' id='word_1_111' title='bbox 2049 1731 2393 1794; x_wconf 86' lang='lat' dir='ltr'><strong>Claromon-</strong></span> 
     </span>
     <span class='ocr_line' id='line_1_17' title="bbox 466 1824 2395 1915; baseline -0.002 -20"><span class='ocrx_word' id='word_1_112' title='bbox 466 1835 601 1895; x_wconf 87' lang='lat' dir='ltr'><strong>tani</strong></span> <span class='ocrx_word' id='word_1_113' title='bbox 629 1828 844 1915; x_wconf 76' lang='lat' dir='ltr'><strong>(Paris,</strong></span> <span class='ocrx_word' id='word_1_114' title='bbox 867 1824 1069 1911; x_wconf 78' lang='lat'>1764)</span> <span class='ocrx_word' id='word_1_115' title='bbox 1096 1828 1359 1906; x_wconf 88' lang='lat' dir='ltr'><strong>quinque</strong></span> <span class='ocrx_word' id='word_1_116' title='bbox 1397 1829 1626 1891; x_wconf 88' lang='lat' dir='ltr'><strong>codices</strong></span> <span class='ocrx_word' id='word_1_117' title='bbox 1654 1829 1922 1908; x_wconf 86' lang='lat' dir='ltr'><strong>Diodori,</strong></span> <span class='ocrx_word' id='word_1_118' title='bbox 1960 1847 2218 1907; x_wconf 86' lang='lat' dir='ltr'><strong>quorum</strong></span> <span class='ocrx_word' id='word_1_119' title='bbox 2247 1831 2395 1891; x_wconf 91' lang='lat' dir='ltr'><strong>duo-</strong></span> 
     </span>
     <span class='ocr_line' id='line_1_18' title="bbox 470 1925 2397 2005; baseline -0.001 -14"><span class='ocrx_word' id='word_1_120' title='bbox 470 1931 584 1991; x_wconf 89' lang='lat' dir='ltr'><strong>bus</strong></span> <span class='ocrx_word' id='word_1_121' title='bbox 612 1929 994 1991; x_wconf 88' lang='lat' dir='ltr'><strong>continentur</strong></span> <span class='ocrx_word' id='word_1_122' title='bbox 1019 1926 1200 2003; x_wconf 84' lang='lat' dir='ltr'><strong>primi</strong></span> <span class='ocrx_word' id='word_1_123' title='bbox 1229 1925 1494 2003; x_wconf 90' lang='lat' dir='ltr'><strong>quinque</strong></span> <span class='ocrx_word' id='word_1_124' title='bbox 1520 1926 1663 1986; x_wconf 90' lang='lat' dir='ltr'><strong>libri</strong></span> <span class='ocrx_word' id='word_1_125' title='bbox 1698 1927 1878 1986; x_wconf 89' lang='lat' dir='ltr'><strong>huius</strong></span> <span class='ocrx_word' id='word_1_126' title='bbox 1904 1927 2229 2005; x_wconf 80' lang='lat' dir='ltr'><strong>scriptoris,</strong></span> <span class='ocrx_word' id='word_1_127' title='bbox 2275 1929 2397 1989; x_wconf 89' lang='lat' dir='ltr'><strong>De-</strong></span> 
     </span>
     <span class='ocr_line' id='line_1_19' title="bbox 464 2016 2345 2107; baseline -0.002 -18"><span class='ocrx_word' id='word_1_128' title='bbox 464 2028 814 2089; x_wconf 85' lang='lat' dir='ltr'><strong>scribuntur</strong></span> <span class='ocrx_word' id='word_1_129' title='bbox 858 2027 1064 2085; x_wconf 89' lang='lat' dir='ltr'><strong>autem</strong></span> <span class='ocrx_word' id='word_1_130' title='bbox 1108 2024 1173 2083; x_wconf 93' lang='lat' dir='ltr'><strong>in</strong></span> <span class='ocrx_word' id='word_1_131' title='bbox 1212 2023 1323 2107; x_wconf 49' lang='lat' dir='ltr'><strong>⁴illo</strong></span> <span class='ocrx_word' id='word_1_132' title='bbox 1370 2024 1645 2103; x_wconf 86' lang='lat' dir='ltr'><strong>catalogo</strong></span> <span class='ocrx_word' id='word_1_133' title='bbox 1696 2016 1780 2107; x_wconf 89' lang='lat' dir='ltr'><strong>(p.</strong></span> <span class='ocrx_word' id='word_1_134' title='bbox 1814 2017 1925 2106; x_wconf 88' lang='lat'><strong>69)</strong></span> <span class='ocrx_word' id='word_1_135' title='bbox 1971 2025 2066 2085; x_wconf 90' lang='lat' dir='ltr'><strong>his</strong></span> <span class='ocrx_word' id='word_1_136' title='bbox 2112 2025 2345 2087; x_wconf 84' lang='lat' dir='ltr'><strong>verbis:</strong></span> 
     </span>
    </p>
   </div>
   <div class='ocr_carea' id='block_1_3' title="bbox 1195 2217 1662 2282">
    <p class='ocr_par' dir='ltr' id='par_1_5' title="bbox 1195 2217 1662 2282">
     <span class='ocr_line' id='line_1_20' title="bbox 1195 2217 1662 2282; baseline -0.006 -2"><span class='ocrx_word' id='word_1_137' title='bbox 1195 2220 1308 2282; x_wconf 79' lang='lat' dir='ltr'><strong>No,</strong></span> <span class='ocrx_word' id='word_1_138' title='bbox 1357 2217 1662 2280; x_wconf 83' lang='lat' dir='ltr'>CCXVIII</span> 
     </span>
    </p>
   </div>
   <div class='ocr_carea' id='block_1_4' title="bbox 460 2344 2393 2720">
    <p class='ocr_par' dir='ltr' id='par_1_6' title="bbox 460 2344 2393 2720">
     <span class='ocr_line' id='line_1_21' title="bbox 463 2344 2390 2433; baseline -0.001 -19"><span class='ocrx_word' id='word_1_139' title='bbox 463 2354 671 2415; x_wconf 84' lang='lat' dir='ltr'><strong>Codex</strong></span> <span class='ocrx_word' id='word_1_140' title='bbox 716 2355 1065 2414; x_wconf 85' lang='lat' dir='ltr'><strong>chartaceus</strong></span> <span class='ocrx_word' id='word_1_141' title='bbox 1119 2354 1182 2412; x_wconf 92' lang='lat' dir='ltr'><strong>in</strong></span> <span class='ocrx_word' id='word_1_142' title='bbox 1228 2354 1331 2414; x_wconf 85' lang='lat' dir='ltr'><strong>fol.</strong></span> <span class='ocrx_word' id='word_1_143' title='bbox 1381 2344 1812 2433; x_wconf 90' lang='lat' dir='ltr'><strong>(complectens</strong></span> <span class='ocrx_word' id='word_1_144' title='bbox 1859 2352 2007 2413; x_wconf 85' lang='lat' dir='ltr'><strong>folia</strong></span> <span class='ocrx_word' id='word_1_145' title='bbox 2053 2344 2212 2431; x_wconf 85' lang='lat'>252)</span> <span class='ocrx_word' id='word_1_146' title='bbox 2260 2370 2390 2412; x_wconf 89' lang='lat' dir='ltr'><strong>sae·</strong></span> 
     </span>
     <span class='ocr_line' id='line_1_22' title="bbox 460 2443 2393 2526; baseline -0.001 -15"><span class='ocrx_word' id='word_1_147' title='bbox 460 2443 605 2512; x_wconf 63' lang='lat' dir='ltr'><strong>culo</strong></span> <span class='ocrx_word' id='word_1_148' title='bbox 642 2450 788 2509; x_wconf 90' lang='lat' dir='ltr'><strong>XVI</strong></span> <span class='ocrx_word' id='word_1_149' title='bbox 843 2452 1123 2510; x_wconf 87' lang='lat' dir='ltr'><strong>exaratus</strong></span> <span class='ocrx_word' id='word_1_150' title='bbox 1183 2468 1253 2510; x_wconf 91' lang='lat' dir='ltr'><strong>ac</strong></span> <span class='ocrx_word' id='word_1_151' title='bbox 1309 2449 1581 2508; x_wconf 90' lang='lat' dir='ltr'><strong>Venetiis</strong></span> <span class='ocrx_word' id='word_1_152' title='bbox 1646 2453 1883 2526; x_wconf 88' lang='lat' dir='ltr'><strong>emptus</strong></span> <span class='ocrx_word' id='word_1_153' title='bbox 1946 2450 2128 2510; x_wconf 88' lang='lat' dir='ltr'><strong>scutis</strong></span> <span class='ocrx_word' id='word_1_154' title='bbox 2192 2450 2393 2509; x_wconf 86' lang='lat' dir='ltr'><strong>aureis</strong></span> 
     </span>
     <span class='ocr_line' id='line_1_23' title="bbox 464 2545 2390 2609; baseline -0.001 -1"><span class='ocrx_word' id='word_1_155' title='bbox 464 2549 675 2609; x_wconf 81' lang='lat' dir='ltr'><strong>decem</strong></span> <span class='ocrx_word' id='word_1_156' title='bbox 713 2567 805 2607; x_wconf 90' lang='lat' dir='ltr'><strong>an.</strong></span> <span class='ocrx_word' id='word_1_157' title='bbox 850 2550 1037 2609; x_wconf 82' lang='lat'>1553.</span> <span class='ocrx_word' id='word_1_158' title='bbox 1101 2547 1196 2607; x_wconf 92' lang='lat' dir='ltr'><strong>Ibi</strong></span> <span class='ocrx_word' id='word_1_159' title='bbox 1242 2547 1626 2608; x_wconf 89' lang='lat' dir='ltr'><strong>continentur</strong></span> <span class='ocrx_word' id='word_1_160' title='bbox 1655 2547 1908 2608; x_wconf 89' lang='lat' dir='ltr'><strong>Diodori</strong></span> <span class='ocrx_word' id='word_1_161' title='bbox 1945 2547 2130 2607; x_wconf 82' lang='lat' dir='ltr'><strong>Siculi</strong></span> <span class='ocrx_word' id='word_1_162' title='bbox 2172 2545 2390 2606; x_wconf 88' lang='lat' dir='ltr'><strong>biblio-</strong></span> 
     </span>
     <span class='ocr_line' id='line_1_24' title="bbox 462 2643 1615 2720; baseline -0.002 -14"><span class='ocrx_word' id='word_1_163' title='bbox 462 2648 679 2707; x_wconf 84' lang='lat' dir='ltr'><strong>thecae</strong></span> <span class='ocrx_word' id='word_1_164' title='bbox 708 2645 1046 2713; x_wconf 66' lang='lat' dir='ltr'><strong>‚historicae</strong></span> <span class='ocrx_word' id='word_1_165' title='bbox 1091 2644 1232 2704; x_wconf 91' lang='lat' dir='ltr'><strong>libri</strong></span> <span class='ocrx_word' id='word_1_166' title='bbox 1266 2643 1324 2702; x_wconf 90' lang='lat' dir='ltr'><strong>V</strong></span> <span class='ocrx_word' id='word_1_167' title='bbox 1367 2645 1615 2720; x_wconf 80' lang='lat' dir='ltr'><strong>priores,</strong></span> 
     </span>
    </p>
   </div>
   <div class='ocr_carea' id='block_1_5' title="bbox 1234 2808 1623 2871">
    <p class='ocr_par' dir='ltr' id='par_1_7' title="bbox 1234 2808 1623 2871">
     <span class='ocr_line' id='line_1_25' title="bbox 1234 2808 1623 2871; baseline -0.003 0"><span class='ocrx_word' id='word_1_168' title='bbox 1234 2811 1346 2871; x_wconf 83' lang='lat' dir='ltr'><strong>Ne.</strong></span> <span class='ocrx_word' id='word_1_169' title='bbox 1385 2808 1623 2870; x_wconf 83' lang='lat' dir='ltr'>CCXIX</span> 
     </span>
    </p>
   </div>
   <div class='ocr_carea' id='block_1_6' title="bbox 465 2925 2538 3551">
    <p class='ocr_par' dir='ltr' id='par_1_8' title="bbox 465 2925 2538 3568">
     <span class='ocr_line' id='line_1_26' title="bbox 465 2925 2389 3015; baseline -0.001 -18"><span class='ocrx_word' id='word_1_170' title='bbox 465 2936 670 2997; x_wconf 88' lang='lat' dir='ltr'><strong>Codex</strong></span> <span class='ocrx_word' id='word_1_171' title='bbox 714 2937 1063 2996; x_wconf 83' lang='lat' dir='ltr'><strong>chartaceus</strong></span> <span class='ocrx_word' id='word_1_172' title='bbox 1122 2935 1201 2994; x_wconf 66' lang='lat' dir='ltr'><strong>in²</strong></span> <span class='ocrx_word' id='word_1_173' title='bbox 1230 2934 1336 2995; x_wconf 85' lang='lat' dir='ltr'><strong>fol.</strong></span> <span class='ocrx_word' id='word_1_174' title='bbox 1382 2925 1689 3014; x_wconf 89' lang='lat' dir='ltr'><strong>(constans</strong></span> <span class='ocrx_word' id='word_1_175' title='bbox 1733 2933 1897 2994; x_wconf 88' lang='lat' dir='ltr'><strong>foliis</strong></span> <span class='ocrx_word' id='word_1_176' title='bbox 1946 2929 2103 3015; x_wconf 81' lang='grc'>237)</span> <span class='ocrx_word' id='word_1_177' title='bbox 2150 2935 2389 2996; x_wconf 87' lang='lat' dir='ltr'><strong>saeculo</strong></span> 
     </span>
     <span class='ocr_line' id='line_1_27' title="bbox 466 3031 2391 3107; baseline -0.002 -14"><span class='ocrx_word' id='word_1_178' title='bbox 466 3034 613 3093; x_wconf 90' lang='lat' dir='ltr'><strong>XVI</strong></span> <span class='ocrx_word' id='word_1_179' title='bbox 658 3036 936 3094; x_wconf 87' lang='lat' dir='ltr'><strong>exaratus</strong></span> <span class='ocrx_word' id='word_1_180' title='bbox 984 3050 1052 3092; x_wconf 92' lang='lat' dir='ltr'><strong>ac</strong></span> <span class='ocrx_word' id='word_1_181' title='bbox 1097 3050 1216 3091; x_wconf 91' lang='lat' dir='ltr'><strong>non</strong></span> <span class='ocrx_word' id='word_1_182' title='bbox 1266 3034 1629 3107; x_wconf 86' lang='lat' dir='ltr'><strong>compactus,</strong></span> <span class='ocrx_word' id='word_1_183' title='bbox 1674 3050 1792 3107; x_wconf 90' lang='lat' dir='ltr'><strong>quo</strong></span> <span class='ocrx_word' id='word_1_184' title='bbox 1830 3031 2212 3092; x_wconf 88' lang='lat' dir='ltr'><strong>continentur</strong></span> <span class='ocrx_word' id='word_1_185' title='bbox 2248 3031 2391 3091; x_wconf 91' lang='lat' dir='ltr'><strong>Dio-</strong></span> 
     </span>
     <span class='ocr_line' id='line_1_28' title="bbox 466 3122 2393 3209; baseline -0.001 -18"><span class='ocrx_word' id='word_1_186' title='bbox 466 3131 602 3192; x_wconf 88' lang='lat' dir='ltr'><strong>dori</strong></span> <span class='ocrx_word' id='word_1_187' title='bbox 639 3129 825 3190; x_wconf 88' lang='lat' dir='ltr'><strong>Siculi</strong></span> <span class='ocrx_word' id='word_1_188' title='bbox 860 3129 1258 3189; x_wconf 91' lang='lat' dir='ltr'><strong>bibliothecae</strong></span> <span class='ocrx_word' id='word_1_189' title='bbox 1305 3128 1628 3189; x_wconf 89' lang='lat' dir='ltr'><strong>historicae</strong></span> <span class='ocrx_word' id='word_1_190' title='bbox 1663 3127 1806 3187; x_wconf 91' lang='lat' dir='ltr'><strong>libri</strong></span> <span class='ocrx_word' id='word_1_191' title='bbox 1832 3128 1889 3187; x_wconf 91' lang='lat' dir='ltr'>V</span> <span class='ocrx_word' id='word_1_192' title='bbox 1924 3127 2171 3203; x_wconf 88' lang='lat' dir='ltr'><strong>priores.</strong></span> <span class='ocrx_word' id='word_1_193' title='bbox 2231 3122 2393 3209; x_wconf 91' lang='lat' dir='ltr'><strong>(Hoc</strong></span> 
     </span>
     <span class='ocr_line' id='line_1_29' title="bbox 466 3215 2538 3324; baseline -0.002 -36"><span class='ocrx_word' id='word_1_194' title='bbox 466 3228 670 3314; x_wconf 87' lang='lat' dir='ltr'><strong>codice</strong></span> <span class='ocrx_word' id='word_1_195' title='bbox 718 3227 814 3288; x_wconf 88' lang='lat' dir='ltr'><strong>usi</strong></span> <span class='ocrx_word' id='word_1_196' title='bbox 860 3229 1002 3287; x_wconf 90' lang='lat' dir='ltr'><strong>sunt</strong></span> <span class='ocrx_word' id='word_1_197' title='bbox 1046 3226 1112 3286; x_wconf 92' lang='lat' dir='ltr'><strong>in</strong></span> <span class='ocrx_word' id='word_1_198' title='bbox 1156 3225 1497 3288; x_wconf 90' lang='lat' dir='ltr'><strong>excudendo</strong></span> <span class='ocrx_word' id='word_1_199' title='bbox 1542 3215 1955 3304; x_wconf 79' lang='lat' dir='ltr'><strong>typographi).</strong></span> <span class='ocrx_word' id='word_1_200' title='bbox 2537 3297 2538 3324; x_wconf 23' lang='grc'>1</span> 
     </span>
     <span class='ocr_line' id='line_1_30' title="bbox 650 3363 2390 3456; baseline -0.001 -20"><span class='ocrx_word' id='word_1_201' title='bbox 650 3375 801 3436; x_wconf 89' lang='lat' dir='ltr'><strong>Cum</strong></span> <span class='ocrx_word' id='word_1_202' title='bbox 859 3394 1003 3436; x_wconf 87' lang='lat' dir='ltr'><strong>vero</strong></span> <span class='ocrx_word' id='word_1_203' title='bbox 1055 3373 1491 3453; x_wconf 85' lang='lat' dir='ltr'><strong>Wesselingius</strong></span> <span class='ocrx_word' id='word_1_204' title='bbox 1555 3369 1728 3456; x_wconf 85' lang='lat' dir='ltr'><strong>(edit.</strong></span> <span class='ocrx_word' id='word_1_205' title='bbox 1774 3373 1805 3432; x_wconf 96' lang='lat' dir='ltr'>I</span> <span class='ocrx_word' id='word_1_206' title='bbox 1847 3363 2070 3454; x_wconf 87' lang='lat' dir='ltr'><strong>praef.)</strong></span> <span class='ocrx_word' id='word_1_207' title='bbox 2135 3374 2198 3431; x_wconf 92' lang='lat' dir='ltr'><strong>et</strong></span> <span class='ocrx_word' id='word_1_208' title='bbox 2259 3373 2390 3450; x_wconf 89' lang='lat' dir='ltr'><strong>ipse</strong></span> 
     </span>
     <span class='ocr_line' id='line_1_31' title="bbox 467 3461 2389 3551; baseline 0 -20"><span class='ocrx_word' id='word_1_209' title='bbox 467 3474 731 3532; x_wconf 89' lang='lat' dir='ltr'><strong>testetur</strong></span> <span class='ocrx_word' id='word_1_210' title='bbox 758 3474 1016 3534; x_wconf 88' lang='lat' dir='ltr'><strong>alterum</strong></span> <span class='ocrx_word' id='word_1_211' title='bbox 1044 3471 1307 3533; x_wconf 87' lang='lat' dir='ltr'><strong>codicem</strong></span> <span class='ocrx_word' id='word_1_212' title='bbox 1337 3471 1867 3533; x_wconf 83' lang='lat' dir='ltr'><strong>Claromontanum</strong></span> <span class='ocrx_word' id='word_1_213' title='bbox 1894 3461 2001 3551; x_wconf 81' lang='lat' dir='ltr'><strong>(F)</strong></span> <span class='ocrx_word' id='word_1_214' title='bbox 2034 3471 2107 3530; x_wconf 92' lang='lat' dir='ltr'><strong>ab</strong></span> <span class='ocrx_word' id='word_1_215' title='bbox 2128 3470 2389 3531; x_wconf 89' lang='lat' dir='ltr'><strong>Henrico</strong></span> 
     </span>
    </p>
   </div>
  </div>
 </body>
</html>
