2569 4061
771 400 1134 460 ARGUMEN
1137 401 1294 458 TUM
1328 404 1462 461 LIB.
1501 404 1596 462 IV.
1868 404 2149 461 LXXXIX

220 520 327 571 Cap.

396 582 570 650 nique
615 583 895 639 culturam
941 583 1253 653 Aegyptios
1310 583 1495 639 docet.
1579 582 1856 641 Similiter
1900 584 2149 655 reliquas

399 662 550 718 orbis
597 664 789 732 partes
838 662 1054 718 artibus
1100 661 1216 717 suis
1267 662 1536 718 cultiores
1580 662 1782 721 reddit.
1857 664 1942 718 Ex
1986 663 2152 718 India

397 758 656 798 reversus
694 743 928 799 Titanes
972 742 1229 797 funditus
1278 740 1453 797 tollit.
1525 740 1740 797 Deinde
1775 742 2051 797 Ammone
2090 744 2148 798 et

396 824 619 879 Baccho
655 821 805 878 inter
842 822 1004 879 divos
1040 822 1236 878 relatis
1264 822 1518 891 Iuppiter
1553 821 1797 877 universi
1823 822 2021 878 mundi
2048 840 2148 878 rex

398 902 581 958 factus
620 904 722 957 est.

223 988 308 1038 74.
345 981 587 1053 Libycae
636 983 707 1038 de
753 982 977 1038 Baccho
1025 984 1206 1039 altero
1254 983 1315 1035 et
1359 979 1532 1037 tertio
1586 980 1935 1037 traditiones.
2010 982 2150 1037 Tres

398 1062 627 1131 Bacchi,
666 1062 812 1118 sicut
848 1061 959 1118 duo
995 1062 1286 1134 Hercules,
1325 1079 1359 1117 a
1394 1061 1641 1133 posteris
1680 1076 1782 1131 pro
1819 1076 1931 1116 uno
1968 1059 2151 1116 habiti

400 1144 547 1198 sunt.

1036 1274 1187 1334 LIB.
1235 1275 1338 1334 IV.

264 1389 309 1438 1.
347 1382 653 1439 Exordium
684 1399 796 1452 quo
814 1380 1085 1438 historiae
1103 1381 1374 1451 antiquae
1393 1382 1754 1438 difficultates
1777 1380 2149 1451 explicantur.

401 1461 753 1519 Breviarium
788 1462 917 1517 libr.
946 1460 1123 1516 Ι-ΙΠ
1154 1463 1213 1516 et
1238 1461 1333 1517 IV.
1383 1463 1722 1519 Graecorum
1758 1459 2152 1531 antiquissima

399 1542 641 1598 historia
663 1542 934 1613 incipitur
961 1559 997 1598 a
1022 1541 1234 1597 Bacchi
1260 1543 1460 1612 utpote
1488 1541 1867 1611 antiquissimi
1892 1545 1954 1596 et
1976 1540 2150 1595 bene-

399 1621 755 1678 ficentissimi
789 1622 999 1678 fabula.

258 1708 309 1758 2.
348 1701 563 1756 Bacchi
596 1701 838 1756 natales.
894 1701 1028 1757 Iove
1057 1702 1115 1755 et
1143 1701 1363 1757 Semele
1398 1702 1567 1755 natus
1602 1700 1866 1769 nymphis
1901 1703 1961 1755 in
1988 1703 2152 1755 antro

404 1779 596 1847 Nysae
632 1778 899 1848 traditur,
946 1779 1095 1834 unde
1130 1779 1365 1849 Dionysi
1411 1794 1621 1834 nomen
1656 1780 1847 1834 habet.
1922 1779 2057 1835 Vini
2094 1782 2155 1834 et

405 1857 560 1929 zythi
596 1857 872 1913 inventor.
945 1859 1279 1915 Eleutheras
1318 1860 1378 1915 in
1415 1861 1654 1916 Boeotia
1691 1860 1898 1915 condit.

260 1947 310 1997 3.
353 1938 612 1994 Bacchus
650 1954 826 2007 usque
862 1939 923 1994 in
961 1939 1182 1994 Indiam
1219 1940 1639 2011 expeditionem
1675 1939 1840 2007 fecit3
1892 1939 2085 1995 reduci
2120 1956 2157 1993 a

402 2018 633 2076 Graecis
650 2035 811 2075 sacra
827 2017 1227 2076 instituuntur:
1256 2022 1400 2078 ritus
1421 2022 1721 2079 sollemnes
1743 2020 2151 2077 describuntur.

260 2108 312 2158 4.
349 2101 603 2157 Bacchus
642 2099 953 2170 antiquior,
1003 2101 1297 2171 Sabazius,
1344 2102 1715 2173 Proserpinae
1753 2100 1930 2172 filius,
1981 2105 2153 2158 noctu

402 2181 588 2236 cultus
608 2181 668 2235 et
688 2183 969 2236 cornutus.
997 2182 1210 2237 Bacchi
1228 2182 1451 2238 Semele
1468 2183 1590 2239 nati
1617 2183 1924 2254 ingenium,
1953 2182 2152 2251 forma,

404 2260 641 2317 comites
668 2259 880 2328 Musae,
919 2260 1141 2317 Silenus
1168 2262 1537 2332 paedagogus
1575 2264 1636 2316 et
1662 2261 1865 2328 socius,
1902 2261 2149 2316 habitus.

263 2346 315 2396 ὅ.
352 2342 561 2396 Bacchi
598 2341 937 2410 cognomina
981 2356 1288 2409 eorumque
1328 2357 1548 2396 causae.
1624 2341 1733 2396 Cur
1769 2340 2025 2394 biformis
2063 2340 2155 2409 sit,

406 2437 503 2475 cur
540 2419 727 2489 Satyri
763 2421 823 2475 et
856 2419 1053 2474 Musae
1090 2420 1149 2475 in
1188 2421 1306 2476 eius
1345 2421 1636 2476 comitatu.

265 2504 316 2556 6.
352 2499 587 2571 Priapus
623 2499 837 2555 Bacchi
874 2501 931 2554 et
966 2498 1202 2555 Veneris
1239 2500 1406 2556 filius.
1475 2500 1732 2571 Origines
1768 2501 1953 2556 cultus
1989 2501 2083 2556 vel
2119 2518 2154 2557 a

408 2580 812 2651 propagatione
858 2578 1079 2649 generis
1127 2580 1361 2637 humani
1410 2580 1506 2636 vel
1555 2582 1628 2636 ab
1675 2579 1914 2637 Osiridis
1958 2580 2155 2637 fabula

408 2659 764 2716 derivandae.
793 2657 1148 2729 Ithyphallus
1168 2662 1229 2715 et
1251 2661 1485 2729 Tychon
1513 2661 1956 2732 cognominatur.
1985 2662 2153 2719 Ortus

405 2738 880 2811 Hermaphroditi.

272 2827 319 2876 7.
358 2820 647 2876 Musarum
674 2822 958 2891 parentes,
997 2837 1278 2889 numerus,
1305 2821 1538 2877 nomina
1564 2821 1964 2890 nominumque
1990 2822 2154 2877 ratio.

266 2905 319 2955 8.
355 2899 614 2956 Herculis
639 2901 868 2968 mythus
905 2901 1089 2956 multa
1116 2899 1371 2956 eontinet
1406 2898 1683 2970 impedita
1720 2903 1779 2956 et
1812 2917 1958 2969 quae
1985 2900 2156 2956 fidem

412 2979 703 3048 excedant,
740 2980 893 3046 quod
928 2980 1012 3036 rei
1048 2980 1332 3050 mythicae
1369 2979 1659 3050 proprium
1694 2981 1798 3035 est.

265 3065 316 3116 9.
353 3057 616 3115 Herculis
637 3060 892 3115 stemma.
928 3059 1246 3114 Immensae
1264 3058 1413 3115 vires
1441 3077 1543 3130 per
1568 3059 1750 3128 ipsam
1770 3062 2155 3129 portentosam

407 3138 859 3209 procreationem
886 3137 1117 3195 Herculi
1150 3139 1369 3195 infusae
1406 3141 1465 3194 et
1500 3140 1703 3196 auctae
1739 3154 1841 3210 per
1868 3140 2154 3203 Iunonem,

411 3234 558 3287 quae
594 3233 871 3272 mammas
906 3217 1089 3274 inscia
1125 3219 1178 3274 ei
1214 3220 1566 3288 praebuerat.

234 3303 318 3353 10.
357 3300 586 3369 Angues
622 3298 683 3352 in
721 3298 876 3352 cunis
922 3297 1183 3367 suffocat,
1232 3298 1382 3353 unde
1418 3298 1675 3354 Herculis
1720 3314 1926 3354 nomen
1963 3308 2158 3350 conse·

407 3378 570 3432 cutus
608 3378 721 3445 est,
769 3379 903 3432 ante
938 3378 1182 3434 Alcaeus
1220 3378 1558 3447 appellatus.
1627 3374 1837 3432 Thebis
1877 3374 2151 3430 educatus

409 3457 485 3511 ab
521 3453 722 3526 Ergini
757 3456 972 3512 tributo
1010 3459 1071 3512 et
1105 3455 1406 3528 tyrannide
1441 3457 1641 3512 urbem
1676 3455 1912 3519 liberat,
1948 3449 2157 3504 Orcho-

407 3535 726 3592 meniorum
750 3535 1181 3607 Minyarumque
1213 3536 1485 3606 oppidum
1512 3532 1771 3591 destruit.
1808 3528 2154 3596 Eurystheus

410 3631 514 3686 per
548 3615 823 3671 invidiam
858 3615 1090 3673 Herculi
1127 3613 1423 3671 duodecim
1459 3609 1770 3669 certamina
1803 3605 2059 3673 imponit.

236 3702 322 3751 11.
361 3693 632 3753 Hercules
663 3695 730 3751 -in
766 3696 941 3752 animi
970 3693 1385 3765 aegritudinem
1423 3695 1480 3745 et
1513 3691 1760 3743 furorem
1794 3681 2013 3746 incidit,
2051 3691 2162 3742 quo
