2569 4061
919 386 946 439 Ι
984 390 1069 439 76.
1102 390 1185 439 77.
1897 386 2020 449 131

102 545 374 622 ἕκαστος
400 548 731 631 πορίζεται
761 546 880 609 τὸν
909 548 1085 629 βίον,
1109 544 1218 610 καὶ
1245 548 1365 611 τὸν
1393 545 1466 611 ἐν
1493 548 1755 624 τούτοις
1782 548 2029 624 ψευσά-

104 673 307 735 μενον
360 651 400 735 ἢ
459 654 674 738 πόρον
730 652 968 716 ἄδικον
1024 651 1451 716 ἐπιτελοῦντα
1506 656 1780 740 θανάτῳ
1845 673 2026 739 περι-

103 761 365 823 πίπτειν
399 753 485 840 ἦν
523 757 903 839 ἀναγκαῖον.
970 755 1228 839 λέγεται
1268 753 1341 821 δὲ
1377 765 1618 821 τοῦτον
1656 760 1773 822 τὸν
1809 762 2023 842 νόμον

100 864 232 928 ὑπὸ
289 866 602 940 Σόλωνος
656 866 1159 948 παραβαλόντος
1212 864 1308 939 εἰς
1352 867 1700 944 Αἴγυπτον
1760 863 1854 939 εἰς
1912 866 2028 941 τὰς

18 988 48 1027 5
96 968 386 1053 Ἀθήνας
430 975 923 1054 μετενεχθῆναι.
999 972 1063 1034 εἰ
1106 968 1186 1034 δέ
1223 992 1325 1044 τις
1372 965 1692 1043 ἑκουσίως
1728 966 2023 1032 ἀποκτεί-
2063 995 2093 1039 6

103 1100 215 1139 ναι
251 1078 368 1141 τὸν
416 1075 778 1161 ἐλεύθερον
816 1074 857 1159 ἢ
905 1076 1027 1140 τὸν
1064 1076 1335 1158 δοῦλον,
1383 1073 1845 1156 ἀποθνήσκειν
1880 1082 2028 1138 τοῦ-

101 1204 218 1246 τον
264 1183 335 1247 oc
374 1184 570 1266 νόμοι
616 1179 1095 1267 προσέταττον,
1143 1182 1277 1264 ἅμα
1327 1177 1448 1264 μὲν
1494 1182 1894 1263 βουλόμενοι
1941 1180 2028 1261 μὴ

101 1299 241 1363 ταῖς
287 1290 645 1374 διαφοραῖς
699 1295 813 1372 τῆς
860 1288 1091 1370 τύχης,
1139 1286 1304 1351 ἀλλὰ
1348 1296 1492 1364 ταῖς
1551 1296 1682 1351 τῶν
1726 1284 2031 1370 πράξεων

101 1392 439 1476 ἐπιβολαῖς
484 1400 828 1478 εἴργεσθαι
875 1393 1126 1468 πάντας
1181 1390 1309 1455 ἀπὸ
1355 1403 1488 1458 τῶν
1523 1393 1847 1476 φαύλων,
1895 1390 2030 1474 ἅμα

21 1518 73 1558 10
102 1496 176 1563 δὲ
233 1500 346 1562 διὰ
389 1506 506 1580 τῆς
561 1508 697 1561 τῶν
755 1497 1021 1561 δούλων
1076 1497 1439 1580 φροντίδος
1485 1496 1816 1574 ἐθίζοντες
1870 1498 2029 1572 τοὺς

12 1656 19 1660 .
103 1604 508 1687 ἀνθρώπους
552 1604 727 1667 πολὺ
762 1605 1018 1684 μᾶλλον
1062 1598 1156 1676 εἰς
1190 1604 1348 1676 τοὺς
1386 1599 1782 1685 ἐλευθέρους
1819 1597 2028 1685 μηδὲν

104 1709 276 1783 ὅλως
322 1707 807 1792 ἐξαμαρτάνειν.
880 1704 993 1771 καὶ
1037 1707 1200 1770 κατὰ
1246 1704 1368 1789 μὲν
1413 1718 1548 1770 τῶν
1592 1705 1846 1788 γονέων
1893 1718 2027 1771 τῶν
2067 1733 2095 1779 7

106 1813 640 1877 ἀποκτεινάντων
681 1813 761 1876 τὰ
813 1810 1013 1877 τέκνα
1057 1812 1361 1876 θάνατον
1419 1806 1541 1894 μὲν
1587 1811 1708 1894 οὐχ
1754 1812 2027 1896 ὥρισαν,

103 1918 351 2004 ἡμέρας
397 1915 471 1984 δὲ
515 1904 689 2003 τρεῖς
725 1916 834 1983 καὶ
880 1919 1124 1995 νύκτας
1171 1923 1319 1994 ἴσας
1365 1926 1659 2001 συνεχῶς
1694 1912 1780 1999 ἦν
1828 1916 2029 2000 ἀναγ-

20 2046 72 2086 15
101 2037 297 2093 καῖον
332 2027 837 2111 περιειληφότας
880 2026 1002 2090 τὸν
1038 2026 1278 2112 νεκρὸν
1323 2022 1684 2108 ὑπομένειν
1727 2028 2031 2108 φυλακῆς

100 2130 642 2218 παρεδρευούσης
679 2133 1029 2216 δημοσίας·
1079 2131 1159 2196 οὐ
1195 2133 1323 2216 γὰρ
1364 2132 1628 2196 δίκαιον
1664 2131 2028 2214 ὑπελήφθη

101 2241 176 2303 τὸ
232 2248 354 2304 τοῦ
407 2241 563 2323 βίου
618 2241 988 2322 στερίσκειν
1043 2241 1201 2314 τοὺς
1252 2239 1374 2302 τὸν
1439 2239 1592 2319 βίον
1647 2248 1785 2313 τοῖς
1839 2233 2030 2300 παισὶ

105 2346 502 2427 δεδωκότας,
559 2345 960 2425 νουθετήσει
1035 2339 1109 2407 δὲ
1172 2346 1426 2425 μᾶλλον
1501 2341 1719 2425 λύπην
1783 2340 2028 2426 ἐχούσῃ

105 2449 214 2514 καὶ
261 2448 688 2534 μεταμέλειαν
734 2448 1133 2533 ἀποτρέπειν
1188 2459 1323 2513 τῶν
1366 2448 1693 2511 τοιούτων
1738 2446 2028 2533 ἐγχειρη-

24 2574 77 2612 20
105 2557 353 2638 μάτων·
403 2556 569 2620 κατὰ
614 2552 689 2620 δὲ
725 2565 861 2619 τῶν
906 2553 1160 2619 τέκνων
1202 2564 1339 2618 τῶν
1384 2563 1610 2636 γονεῖς
1655 2554 2024 2637 φονευσάν-
2063 2580 2093 2626 8

103 2682 239 2724 των
283 2663 601 2747 τιμωρίαν
648 2659 1139 2745 ἐξηλλαγμένην
1185 2661 1470 2742 ἔθηκαν·
1518 2661 1651 2724 ἔδει
1697 2661 1823 2746 γὰρ
1867 2663 2026 2736 τοὺς

102 2765 707 2844 καταδικασθέντας
746 2764 854 2832 ἐπὶ
898 2767 1162 2841 τούτοις
1196 2767 1516 2849 καλάμοις
1565 2763 1741 2842 ὀξέσι
1787 2767 2024 2831 δακτυ-

101 2876 280 2950 λιαῖα
309 2872 474 2960 μέρη
505 2882 625 2938 τοῦ
658 2874 961 2957 σώματος
988 2870 1524 2955 κατατμηθέντας
1563 2869 1662 2936 ἐπ’
1698 2871 2026 2948 ἀκάνθαις

99 2980 549 3044 κατακάεσθαι
611 2981 878 3057 ζῶντας·
944 2976 1256 3062 μέγιστον
1311 2988 1445 3042 τῶν
1508 2975 1581 3041 ἐν
1637 2977 2026 3064 ἀνθρώποις

23 3099 73 3141 25
102 3083 526 3168 ἀδικημάτων
562 3087 902 3170 κρίνοντες
936 3085 1011 3148 τὸ
1050 3085 1282 3168 βιαίως
1319 3084 1395 3147 τὸ
1433 3085 1547 3166 ζῆν
1587 3082 2026 3168 ἀφαιρεῖσθαι

100 3201 232 3256 τῶν
276 3192 401 3272 τὴν
441 3191 611 3272 ζωὴν
657 3190 883 3268 αὐτοῖς
921 3191 1328 3255 δεδωκότων.
1400 3198 1536 3253 τῶν
1575 3185 1649 3254 δὲ
1686 3193 2023 3270 γυναικῶν
2063 3206 2091 3252 9

98 3306 231 3360 τῶν
268 3298 884 3361 καταδικασθεισῶν
910 3297 1186 3382 θανάτῳ
1223 3297 1340 3371 τάς
1367 3293 1648 3376 ἐγκύους
1684 3292 1773 3376 μὴ
1811 3296 2023 3352 θανα-

99 3407 388 3465 τοῦσθαι
452 3400 613 3486 πρὶν
676 3400 760 3467 ἂν
814 3401 1068 3467 τέκωσι.
1160 3396 1270 3465 καὶ
1333 3408 1531 3463 τοῦτο
1596 3399 1671 3461 τὸ
1737 3396 2023 3476 νόμιμον

242 3564 274 3611 3
312 3548 385 3626 ἦν
425 3573 534 3612 om.
572 3558 620 3610 D
750 3564 781 3613 6
820 3553 921 3612 τὸν
988 3557 1116 3610 fort.
1155 3549 1266 3608 τιν’
1379 3548 1414 3619 ἢ
1452 3550 1580 3622 τὸν]
1619 3547 1654 3618 ἢ
1696 3548 1787 3603 OD
1894 3542 2023 3598 τοῦ·

98 3647 195 3681 τον
234 3644 344 3682 om.
382 3627 432 3680 D
579 3634 611 3683 8
648 3635 771 3691 ταῖς
807 3558 948 3698 miv}
984 3627 1095 3680 τῶν
1134 3625 1182 3677 D
1334 3627 1396 3676 19
1437 3620 1774 3736 μεταμελέίᾳ
1813 3615 1933 3670 CF.

1632 3711 1663 3756 9
