2569 4061
1056 288 1135 341 IV
1175 294 1260 344 23.
1300 295 1385 344 24.
2060 291 2192 356 433

268 447 503 526 θέντες
576 453 823 534 μήποτε
897 447 1100 515 πλέον
1176 452 1503 534 ἰσχύσασα
1575 460 1690 535 τῆς
1759 454 2195 537 Καρχηδόνος

272 554 592 639 ἀφέληται
628 565 763 620 τῶν
797 558 1135 621 Φοινίκων
1170 555 1294 639 τὴν
1329 555 1716 639 ἡγεμονίαν,
1755 559 2193 644 στρατεύσαν-

269 685 374 738 τες
421 656 520 727 ἐπ’
574 662 783 746 αὐτὴν
829 663 1142 746 μεγάλαις
1191 663 1516 746 δυνάμεσι
1571 661 1681 726 καὶ
1737 666 1901 728 κατὰ
1955 666 2192 750 κράτος

271 766 530 845 ἑλόντες
566 766 1002 847 κατέσκαψαν.
1069 769 1234 833 ἀλλὰ
1271 767 1424 854 περὶ
1462 764 1585 852 μὲν
1620 769 1877 833 τούτων
1912 773 1992 834 τὰ
2026 774 2192 837 κατὰ

213 890 241 930 5
268 872 465 961 μέρος
511 874 584 940 ἐν
628 887 768 952 τοῖς
814 877 1083 952 οἰκείοις
1139 877 1407 959 χρόνοις
1462 873 1952 958 ἀναγράψομεν.
2043 878 2190 941 τότε
2227 902 2264 950 4

269 975 331 1044 δ’
385 980 420 1045 ὁ
458 974 791 1065 “Ηρακλῆς
838 980 1363 1064 ἐγκυκλούμενος
1408 981 1531 1064 τὴν
1567 983 1907 1063 Σικελίαν,
1953 1004 2191 1045 καταν-

265 1088 468 1169 τήσας
524 1090 618 1163 εἰς
672 1089 795 1169 τὴν
850 1097 980 1152 νῦν
1037 1081 1249 1152 οὖσαν
1304 1099 1438 1152 τῶν
1492 1090 1939 1172 Συρακοσίων
1993 1090 2190 1152 πόλιν

263 1189 374 1256 καὶ
443 1195 828 1278 πυθόμενος
891 1194 971 1257 τὰ
1036 1194 1598 1278 μυθολογούμενα
1662 1196 1827 1259 κατὰ
1889 1195 2013 1278 τὴν
2075 1203 2190 1278 τῆς

266 1301 491 1384 Κόρης
545 1292 882 1382 ἁρπαγήν,
937 1298 1147 1364 ἔθυσέ
1205 1321 1274 1364 τε
1339 1311 1483 1376 ταῖς
1538 1308 1730 1377 θεαῖς
1786 1306 2188 1385 μεγαλοπρε-

185 1421 238 1461 10
264 1415 403 1480 πῶς
457 1404 567 1468 καὶ
624 1407 717 1482 εἰς
783 1406 903 1489 τὴν
957 1406 1239 1489 Κυάνην
1293 1407 1413 1472 τὸν
1475 1408 1990 1472 καλλιστεύοντα
2052 1419 2188 1473 τῶν

264 1511 529 1594 ταύρων
575 1514 945 1593 καθαγίσας
989 1509 1316 1588 κατέδειξε
1361 1512 1561 1576 θύειν
1615 1514 1772 1588 τοὺς
1828 1511 2188 1598 ἐγχωρίους

263 1614 404 1679 κατ’
468 1615 777 1681 ἐνιαυτὸν
831 1626 909 1702 τῇ
967 1620 1155 1702 Κόρῃ
1210 1615 1321 1681 καὶ
1375 1620 1543 1703 πρὸς
1596 1626 1674 1701 τῇ
1736 1619 1971 1702 Κυάνῃ
2027 1624 2186 1703 λαμ-

263 1732 443 1805 πρῶς
503 1723 690 1804 άγειν
741 1725 1119 1807 πανήγυρίν
1182 1746 1250 1787 τε
1315 1721 1426 1787 καὶ
1488 1726 1757 1788 θυσίαν.
1847 1722 2049 1800 ἀὐτὸς
2112 1721 2186 1789 δὲ
2224 1749 2255 1796 5

263 1828 426 1912 μετὰ
469 1839 606 1893 τῶν
650 1832 832 1912 βοῶν
881 1831 991 1893 διὰ
1038 1837 1154 1912 τῆς
1191 1832 1543 1914 μεσογείου
1583 1827 1867 1912 διεξιών,
1905 1827 2015 1894 καὶ
2051 1840 2185 1894 τῶν

181 1951 234 1991 15
261 1933 599 2019 ἐγχωρίων
655 1925 968 2001 Σικανῶν
1033 1937 1349 2020 μεγάλαις
1414 1936 1781 2020 δυνάμεσιν
1845 1936 2184 2016 ἀντιταξα-

260 2041 510 2126 μένων,
577 2042 879 2126 ἐνίκησεν
944 2043 1261 2128 ἐπιφανεῖ
1318 2043 1671 2128 παρατάξει
1727 2041 1838 2108 καὶ
1893 2047 2183 2120 πολλοὺς

260 2147 667 2233 ἀπέκτεινεν,
726 2148 800 2214 ἐν
856 2142 956 2226 οἷς
1010 2152 1482 2233 μυθολογοῦσί
1530 2172 1705 2225 τινες
1748 2148 1860 2214 καὶ
1908 2166 2184 2236 στρατη·

258 2258 419 2337 γοὺς
492 2254 835 2340 ἐπιφανεῖς
906 2262 1311 2339 γεγενῆσθαι
1383 2259 1540 2331 τοὺς
1612 2254 1803 2339 με’χρι
1866 2265 1986 2321 τοῦ
2051 2264 2181 2320 νῦν

257 2360 544 2445 ἡρωικῆς
589 2369 780 2445 τιμῆς
824 2362 1297 2445 τυγχάνοντας,
1344 2363 1731 2426 Λεύκασπιν
1777 2360 1888 2426 καὶ
1934 2363 2181 2426 Πεδια-

175 2482 230 2522 20
256 2467 505 2550 κράτην
540 2465 650 2532 καὶ
677 2470 1043 2551 Βουφόναν
1079 2465 1191 2531 καὶ
1231 2466 1598 2550 Γλυχάταν,
1637 2469 1732 2531 ἔτι
1771 2464 1845 2531 δὲ
1882 2470 2179 2535 Βυταίαν

256 2570 365 2637 καὶ
411 2575 769 2656 Κρυτίδαν.

433 2681 625 2745 Μετὰ
672 2678 745 2745 δὲ
791 2688 996 2744 ταῦτα
1045 2680 1340 2745 διελθὼν
1384 2681 1460 2745 τὸ
1502 2684 1872 2745 Λεοντῖνον
1916 2683 2173 2764 πεδίον,
2197 2684 2286 2747 24

253 2788 327 2851 τὸ
374 2783 497 2870 μὲν
541 2788 781 2864 κάλλος
824 2795 940 2871 τῆς
987 2788 1208 2871 χώρας
1255 2785 1623 2870 ἐθαύμασε,
1671 2788 1837 2870 πρὸς
1893 2784 1966 2851 δὲ
2021 2790 2178 2874 τοὺς

254 2903 579 2976 τιμῶντας
625 2892 830 2958 αὐτὸν
877 2893 1136 2968 οἰκείως
1184 2891 1646 2975 διατιθέμενος
1693 2891 1963 2957 ἀπέλιπε
2010 2891 2168 2976 παρ’

173 3012 226 3054 25
255 2998 481 3074 αὐτοῖς
551 2997 854 3063 ἀθάνατα
928 3009 1214 3082 μνημεῖα
1286 3007 1401 3081 τῆς
1476 2997 1715 3062 ἑαυτοῦ
1789 3000 2171 3081 παρουσίας.

255 3104 433 3166 ἴδιον
480 3101 559 3167 δέ
608 3126 672 3167 τι
727 3103 972 3187 συνέβη
1029 3101 1346 3186 γενέσθαι
1399 3102 1552 3187 περὶ
1605 3102 1728 3183 τὴν
1788 3103 1985 3165 πόλιν
2037 3111 2172 3165 τῶν

145 3205 713 3292 27οἈγυριναίων.
806 3208 879 3274 ἐν
924 3209 1127 3293 ταύτῃ
1176 3210 1305 3294 γὰρ
1342 3206 1644 3292 τιμηθεὶς
1690 3200 1790 3270 ἐπ’
1845 3211 1989 3288 ἴσης
2034 3216 2173 3282 τοϊς

429 3336 460 3383 9
528 3327 731 3400 ἔθυσε]
785 3326 967 3392 εὐθὺς
1017 3328 1193 3384 ἔθυσε
1249 3330 1399 3398 vulg.
1595 3332 1658 3380 11
1709 3322 2074 3395 καθαγιάσας
2121 3326 2169 3379 D

247 3406 316 3455 20
348 3396 655 3471 Γαυχάταν
685 3400 726 3455 C
871 3405 1126 3470 Κυγαῑον
1154 3400 1228 3469 F,
1267 3406 1553 3469 Βαγγαῖον
1591 3395 1631 3451 C
1776 3402 1838 3449 21
1881 3395 2170 3463 Κρυτιδᾶν

245 3471 399 3541 vulg.
581 3478 650 3526 24
687 3469 1034 3539 διαθέμενος
1071 3470 1123 3525 ΙΙ
1286 3477 1354 3525 26
1393 3472 1543 3524 ἴδιον
1581 3467 1671 3538 δὲ]
1711 3457 1794 3522 ὧν
1833 3469 1978 3531 ιζ’διον
2017 3466 2172 3536 vulg.

246 3547 314 3596 27
352 3539 734 3612 ἄγυρειναίων
774 3543 838 3596 D.

351 3641 605 3682 D101>012us
633 3641 674 3683 Ι.
1781 3632 1848 3682 28
