2569 4061
530 252 539 259 ι

213 269 222 281 Q

674 445 772 501 DE
813 444 1164 501 SERMONE
1184 444 1595 503 *DIODOREQ
1851 446 2110 504 XXXVII

165 616 376 676 verbis
442 614 519 675 ab
585 636 653 674 ευ
717 594 1171 691 incipientibuS,
1234 618 1307 674 ut
1360 615 1464 676 vix
1518 615 1708 677 semel
1770 616 2111 695 iterumque

168 714 301 772 sint
347 715 622 774 servatae
660 712 890 772 formae
926 708 1148 788 'quibus
1187 715 1535 773 constanter
1569 732 1747 773 usum
1790 732 1924 774 esse
1961 713 2110 774 Dio-

167 809 406 887 dorum,
443 829 629 887 quum
673 809 819 868 illae
864 809 965 870 vix
1009 808 1254 887 fallant,
1302 809 1566 870 dubitari
1608 828 1730 871 non
1773 815 1995 890 potest,
2039 815 2111 873 ut

163 904 503 985 ηὐλαβήθη
554 909 664 984 13,
712 907 825 983 87,
873 907 942 984 2,
995 900 1353 984 ηὑρέθησαν
1415 909 1526 985 13,
1574 909 1687 985 90,
1736 911 1805 985 4,
1866 907 2110 989 ηὕρισκε

170 1007 232 1083 3,
284 1007 390 1079 37,
428 1007 497 1083 43
547 1007 646 1079 16,
692 1007 793 1073 76,
834 1006 899 1082 3,
949 1005 1053 1080 30,
1095 1007 1152 1080 9,
1192 1008 1258 1083 2,
1306 1002 1724 1083 ηὗτυχήσαμεν
1764 1006 1867 1081 13,
1908 1008 2012 1086 22,
2049 1009 2110 1083 8,

166 1103 281 1162 sed
327 1102 554 1163 ibidem
599 1099 1090 1182 εὖγνωμόνησαν,
1146 1098 1546 1182 ηὐχαρίστουν
1587 1105 1687 1177 14,
1738 1104 1842 1175 29,
1891 1103 1960 1179 4,
2012 1105 2111 1177 14,

172 1203 280 1279 74,
304 1202 371 1278 3,
406 1196 661 1278 ηὔχοντο
690 1203 792 1277 14,
813 1202 870 1277 9,
894 1203 958 1276 7,
991 1199 1094 1273 20,
1118 1200 1220 1279 16,
1243 1203 1312 1279 6,
1348 1199 1759 1282 προσηύχοντο
1793 1202 1894 1277 13,
1918 1202 2018 1277 16,
2042 1205 2110 1273 7;

166 1301 234 1357 et
271 1297 338 1357 in
373 1293 722 1378 εὐεργέτουν
747 1298 1104 1374 plerumque
1132 1317 1241 1373 per
1277 1319 1326 1376 ε,
1363 1318 1501 1360 raro
1528 1318 1638 1375 per
1672 1320 1713 1376 η
1750 1299 1814 1357 in
1852 1296 2113 1358 secunda

168 1395 425 1473 script-‚03
475 1398 535 1471 5,
555 1397 720 1469 45,4
767 1395 831 1455 in
873 1378 1276 1476 ’γεωργηκέναι
1321 1400 1385 1456 et
1424 1399 1528 1475 12,
1551 1398 1721 1473 45‚4
1756 1397 1820 1456 in
1867 1395 2116 1477 δενδρο-

165 1489 545 1571 κοπημένης,
601 1486 826 1553 omissa
878 1486 1457 1576 reduplicatione,*)
1518 1492 1680 1570 quod
1735 1511 2111 1554 correxeram

1 1657 2 1660 Ἴ
165 1591 298 1650 iam
341 1591 404 1650 in
452 1590 716 1651 editione
760 1590 975 1670 priori,
1033 1591 1133 1652 cui
1193 1590 1531 1650 addendum
1585 1589 2111 1671 πεπειθαρχηκόσι,

1 1703 2 1762 j
40 1690 45 1695 ’
169 1688 336 1766 quod
365 1707 475 1764 pro
503 1691 901 1764 πειθαρχοῦσι
933 1689 1033 1749 vel
1068 1684 1502 1763 πειθαρχηκόσι
1526 1688 1769 1747 restitui
1801 1692 1901 1763 18,
1924 1691 2029 1766 63,
2051 1691 2112 1749 2.

1 1800 2 1863 1
354 1783 943 1859 Plusquamperfecti
1015 1783 1365 1859 saepissime
1435 1784 1662 1859 partim
1718 1789 2110 1861 augmentum

164 1881 468 1943 omissum
513 1878 740 1956 partim
783 1879 969 1940 tertia
1010 1880 1265 1957 pluralis
1320 1897 1431 1956 per
1484 1900 1536 1939 ει
1584 1879 1865 1940 scribitur
1908 1900 2017 1957 pro
2064 1903 2109 1957 ε,

1 1895 4 2049 Ι
170 1979 339 2059 quod
384 1995 524 2038 raro
574 1979 880 2038 servatum
924 1977 988 2038 in
1033 1979 1224 2062 librIs,
1268 1980 1342 2038 ut
1383 1981 1483 2057 11,
1531 1980 1592 2055 4,
1644 1980 1709 2056 6,
1760 1981 1860 2054 11,
1902 1979 2003 2054 53,
2046 1983 2110 2056 1,

1 2104 2 2158 Q
173 2083 283 2151 11,
332 2078 435 2156 65,
486 2079 551 2154 1,
603 2078 704 2154 17,
753 2077 857 2154 85,
909 2081 974 2150 1;
1027 2080 1131 2157 33,
1170 2080 1273 2157 28,
1314 2080 1373 2152 4,
1420 2096 1535 2156 ego
1580 2078 1803 2156 ubique
1848 2078 2110 2138 restitui.

168 2175 499 2235 Librorum
557 2173 719 2234 enim
773 2174 837 2234 in
889 2176 1003 2235 hac
1055 2176 1254 2237 forma
1312 2175 1493 2235 fidem
1546 2176 1643 2235 vel
1688 2175 2109 2238 Demosthenis

171 2275 512 2350 coarguunt
557 2270 808 2352 codices,
854 2274 959 2349 qui
1005 2292 1212 2334 omnes
1267 2273 1335 2331 in
1390 2271 1936 2350 παρεσκευάκεισαν,
1976 2290 2113 2332 con·

181 2371 454 2431 sentiunt
496 2390 551 2445 p.
594 2371 745 2447 305,
785 2371 886 2430 21.
1621 2383 1626 2386 “

359 2467 661 2527 Futurum
705 2466 1029 2527 verborum
1064 2466 1129 2527 in
1165 2467 1266 2539 ιζω
1283 2459 1391 2547 **)
1429 2466 1548 2527 etsi
1578 2466 1730 2527 satis
1770 2468 2114 2527 constanter

175 2564 567 2642 contrahitur,
612 2566 820 2625 tamen
870 2567 971 2640 13,
1021 2567 1123 2643 21,
1163 2566 1201 2625 3
1251 2566 1347 2625 est
1395 2560 1905 2645 ἀγωνιουμένους,
1951 2564 2111 2642 quod

174 2663 562 2741 redarguitur
605 2662 804 2722 forma
849 2662 1304 2742 διαγωνιεῖσθαι
1344 2665 1445 2740 13,
1497 2665 1641 2740 105,
1690 2666 1756 2740 3,
1807 2667 1910 2740 14,
1960 2665 2107 2741 103,

180 2763 244 2839 6,
288 2764 391 2836 17,
430 2762 534 2838 30,
582 2762 650 2837 2,
700 2762 802 2835 19,
852 2762 953 2837 29,
1003 2763 1068 2834 1,
1123 2763 1225 2835 19,
1274 2763 1378 2836 93,
1419 2764 1488 2832 6;
1535 2756 1965 2841 ἀγωνιούμεθα
2007 2763 2108 2836 14,

181 2860 295 2935 25,
343 2859 411 2935 4,
478 2855 936 2936 διαγωνιοῦνται
994 2858 1106 2931 15,
1157 2859 1264 2933 65,
1314 2860 1383 2935 4,
1443 2860 1517 2917 ut
1569 2858 1863 2936 Dionysio
1919 2859 1991 2916 A.
2037 2856 2109 2917 R.

181 2958 236 3035 3,
288 2957 369 3015 18
443 2950 923 3035 ἀγωνισομένους
984 2954 1223 3015 illatum
1287 2973 1397 3031 pro
1452 2961 1522 3015 eo
1580 2955 1740 3031 quod
1798 2956 1859 3032 3,
1911 2955 1990 3013 17
2050 2956 2110 3013 et

181 3053 312 3114 aliis
390 3051 597 3113 multis
670 3052 818 3112 locis
883 3052 1069 3112 habet
1140 3048 1642 3131 ἀγωνιουμένους.
1749 3051 2105 3129 Pariterque

181 3150 493 3230 χαρίσομαι
540 3151 644 3230 37,
694 3151 774 3209 18
822 3167 931 3226 pro
977 3156 1329 3228 χαριοῦμαι,
1387 3151 1548 3227 quod
1605 3152 1699 3209 est
1748 3145 1848 3224 13,
1899 3150 2002 3225 25,
2048 3150 2106 3206 4.

356 3335 408 3405 *)
446 3337 509 3391 at
570 3337 724 3391 recte
778 3335 1194 3406 γεγεωργκέναι
1247 3335 1327 3403 D,
1387 3337 1445 3391 et
1509 3329 2112 3403 δεδενὸροκοπημένης

183 3414 558 3486 P(atmensis).

321 3495 409 3566 *²¹7
452 3495 648 3551 Liceat
691 3495 784 3551 hie
832 3494 1031 3551 afferre
1065 3495 1309 3551 formam
1360 3494 1615 3551 codicum
1664 3485 2112 3559 στραγγαληθείς

185 3576 307 3645 (pro
363 3576 852 3645 στραγγαλισθείς)
910 3581 958 3644 1,
997 3580 1083 3643 68,
1122 3580 1183 3643 5,
1236 3577 1361 3628 tum
1415 3563 1963 3652 προιστορισμένοις,
1985 3563 2110 3629 (1³10

184 3652 696 3725 προιστορημένοις)
736 3661 794 3722 3,
840 3661 886 3722 1,
923 3660 956 3709 3
996 3658 1056 3710 et
1101 3649 1478 3709 ἐπισκοτίσειν
1525 3654 1648 3718 (pro
1698 3635 2112 3702 ἐπισκοτησειν)

190 3740 235 3804 1,
264 3740 350 3803 76,
381 3742 432 3806 1,
470 3751 613 3803 quae
652 3738 780 3790 sunt
814 3735 874 3789 in
910 3736 977 3789 D.
