2569 4061
0 18 2536 100 ἡ

1046 308 1099 361 11
1136 316 1185 363 6.
1949 310 2077 374 179
2488 217 2519 274 ε

154 471 325 556 ἀνήρ
381 471 563 536 ἐστιν
617 470 659 553 ἢ
717 474 907 555 γυνή.
1000 471 1166 554 αὕτη
1230 465 1292 535 δ’
1353 466 1438 554 ἦν
1492 473 1852 557 εὔχρηστος
1910 472 2077 557 αὐτῇ

152 579 322 662 πρός
374 600 443 642 τε
499 579 616 654 τὰς
669 576 743 642 ἐν
802 587 943 654 τοῖς
996 577 1332 660 καύμασιν
1397 576 1779 661 ὁδοιπορίας
1842 580 1938 654 εἰς
2000 579 2075 643 τὸ

155 685 546 768 διατηρῆσαι
597 683 717 747 τὸν
772 691 895 748 τοῦ
951 682 1252 767 σώματος
1305 691 1528 766 χρῶτα
1581 680 1691 747 καὶ
1738 686 1903 769 πρὸς
1957 685 2077 761 τὰς

154 788 229 854 ἐν
273 797 364 878 τῷ
408 790 719 875 πράττειν
766 788 802 853 ὃ
848 790 1161 872 βούλοιτο
1206 790 1462 873 χρείας,
1514 787 1860 871 εὐκίνητος
1905 785 2073 855 οὖσα

97 911 125 953 5
152 893 263 961 καὶ
306 899 599 980 νεανική,
647 894 757 961 καὶ
792 898 867 961 τὸ
906 896 1199 961 σύνολον
1236 888 1526 977 τοσαύτη
1572 917 1672 971 τις
1708 893 1872 978 ἐπῆν
1909 894 2073 979 αὐτῇ

148 1003 338 1090 χάρις
374 997 543 1069 ὥσθ’
576 1002 861 1087 ὕστερον
888 1004 1177 1085 Μήδους
1212 997 1675 1085 ἡγησαμένους
1711 1009 1828 1083 τῆς
1856 998 2075 1077 Ἀσίας

150 1121 389 1195 φορεῖν
446 1110 571 1191 τὴν
633 1109 1090 1194 Σεμιράμιδος
1145 1109 1419 1191 στολήν,
1484 1101 1596 1173 καὶ
1651 1108 1813 1191 μετὰ
1865 1105 2065 1170 ταῦθ’

149 1214 394 1299 ὁμοίως
432 1212 716 1300 Πέρσας.ἶ
788 1210 1294 1300 παραγενομένη
1333 1207 1395 1277 δ’
1438 1215 1533 1291 εἰς
1577 1214 1702 1297 τὴν
1749 1218 2073 1298 Βακτρια-
2115 1239 2141 1285 7

145 1322 276 1403 νὴν
336 1319 450 1385 καὶ
502 1317 1045 1403 κατασκεψαμένη
1109 1320 1191 1383 τὰ
1252 1318 1404 1405 περὶ
1469 1321 1592 1403 τὴν
1655 1321 2070 1405 πολιορκίαν,

62 1444 120 1483 10
147 1424 321 1512 ἑώρα
375 1428 540 1491 κατὰ
594 1422 717 1510 μὲν
769 1428 851 1489 τὰ
902 1425 1100 1489 πεδία
1153 1422 1265 1489 καὶ
1309 1429 1467 1505 τοὺς
1523 1427 1892 1512 εὐεφόδους
1935 1436 2071 1490 τῶν

144 1535 373 1597 τόπων
408 1532 788 1617 προσβολὰς
821 1529 1197 1614 γινομένας,
1233 1534 1400 1615 πρὸς
1438 1528 1511 1597 δὲ
1547 1534 1670 1615 τὴν
1709 1532 2071 1618 ἀκρόπολιν

148 1636 396 1701 οὐδένα
440 1639 804 1722 προσιόντα
850 1638 963 1701 διὰ
1006 1636 1129 1718 τὴν
1175 1635 1566 1723 ὀχυρότητα,
1609 1636 1721 1703 καὶ
1764 1641 1922 1713 τοὺς
1967 1639 2069 1701 ἔν-

150 1743 276 1807 δον
317 1741 830 1819 ἀπολελοιπότας
863 1744 979 1819 τάς
1025 1741 1323 1808 ἐνταῦθα
1359 1743 1664 1826 φυλακὰς
1707 1740 1820 1806 καὶ
1863 1762 2071 1826 παρα-

146 1851 570 1932 βοηθοῦντας
603 1859 745 1926 vocs
771 1847 879 1914 ἐπὶ
913 1859 1049 1914 τῶν
1083 1848 1259 1915 κάτω
1307 1860 1544 1933 τειχῶν
1579 1847 2069 1913 κινδυνεύουσι.

60 1974 116 2015 15
145 1957 377 2043 διόπερ
431 1958 909 2043 παραλαβοῦσα
962 1967 1099 2022 τῶν
1154 1967 1577 2044 στρατιωτῶν
1629 1958 1788 2033 τοὺς
1837 1976 2069 2040 πετρο-
2109 1977 2139 2023 3

141 2066 371 2147 βατεῖν
408 2067 753 2147 εἰωθότας,
780 2062 896 2130 καὶ
933 2066 1096 2148 μετὰ
1121 2065 1381 2129 τούτων
1421 2064 1533 2128 διά
1567 2086 1751 2140 τινος
1785 2067 2071 2147 χαλεπῆς

143 2171 487 2256 φάραγγος
522 2174 1025 2257 προσαναβᾶσα,
1053 2171 1446 2253 κατελάβετο
1487 2168 1703 2255 μέρος,
1719 2177 1836 2251 τῆς
1874 2167 2069 2253 ἀκρο-

140 2279 395 2353 πόλεως
457 2274 568 2341 καὶ
632 2286 771 2353 τοῖς
832 2283 1271 2364 πολιορκοῦσι
1333 2279 1408 2341 τὸ
1472 2277 1638 2340 κατὰ
1691 2276 1766 2339 τὸ
1831 2275 2065 2340 πεδίον

139 2393 353 2467 τεῖχος
388 2382 733 2467 ἐσήμηνεν.
808 2384 880 2449 οἱ
922 2381 982 2448 δ’
1030 2384 1231 2448 ἔνδον
1278 2380 1386 2448 ἐπὶ
1428 2390 1510 2467 τῇ
1555 2383 1917 2464 καταλήψει
1951 2389 2067 2464 τῆς

57 2506 116 2547 20
144 2489 346 2573 ἄκρας
406 2487 927 2571 καταπλαγέντες
991 2488 1291 2567 ἐξέλιπον
1363 2490 1443 2553 τὰ
1506 2491 1686 2572 τείχη
1759 2485 1867 2553 καὶ
1941 2487 2065 2572 τὴν

144 2598 472 2681 σωτηρίαν
520 2593 928 2678 ἀπέγνωσαν.
1003 2605 1247 2661 τοῦτον
1295 2591 1370 2660 δὲ
1406 2595 1526 2660 τὸν
1569 2596 1818 2679 τρόπον
1865 2593 2061 2659 ἁλού-
2105 2620 2131 2664 9

142 2716 261 2784 σης
313 2711 427 2785 τῆς
480 2706 734 2779 πόλεως
780 2701 817 2767 ὁ
871 2705 1183 2785 βασιλεὺς
1234 2701 1590 2786 θαυμάσας
1643 2702 1767 2784 τὴν
1822 2699 2063 2785 ἀρετὴν

136 2815 258 2890 τῆς
324 2810 641 2890 γυναικὸς
713 2808 788 2873 τὸ
861 2804 983 2892 μὲν
1054 2819 1322 2894 πρῶτον
1394 2808 1707 2892 μεγάλαις
1781 2807 2063 2891 δωρεαῖς

140 2913 351 2996 αὐτὴν
406 2913 697 2999 ἐτίμησε,
754 2916 916 2998 μετὰ
970 2911 1045 2979 δὲ
1096 2924 1304 2980 ταῦτα
1362 2916 1473 2979 διὰ
1527 2916 1601 2979 τὸ
1656 2915 1898 2989 κάλλος
1946 2919 2063 2993 τῆς

57 3038 111 3080 25
138 3018 508 3105 ἀνθρώπου
573 3020 753 3104 σχὼν
826 3019 1152 3105 ἐρωτικῶς
1214 3019 1590 3106 ἐπεχείρησε
1653 3021 1772 3084 τὸν
1845 3018 2061 3099 ἄνδρα

135 3128 402 3192 πείθειν
430 3123 747 3202 ἑκουσίως
774 3125 952 3214 αὐτῷ
979 3134 1476 3212 παραχωρῆσαι,
1506 3123 2061 3208 ἐπαγγειλάμενος

281 3361 313 3408 6
350 3350 513 3425 χάρις
540 3357 670 3408 ante
707 3373 792 3416 τις
827 3354 877 3408 D
955 3358 1021 3408 13
1050 3353 1629 3423 παρεπιβοηθοῦντας
1663 3345 1772 3402 OF
1839 3349 1907 3398 14
1942 3349 2059 3404 τοῖς

136 3441 243 3478 om.
291 3424 341 3477 D
490 3428 556 3478 17
612 3423 886 3496 κατέλαβε
935 3421 998 3477 τὸ
1054 3424 1207 3492 vulg.
1355 3427 1424 3474 20
1477 3421 1579 3488 τῆς
1624 3416 1898 3485 σωτηρίας
1958 3411 2063 3466 OF

134 3501 203 3550 24
241 3491 426 3564 αὐτὴν
466 3514 586 3565 μεγ.
626 3497 867 3565 δωρεαῖς
902 3495 1057 3564 vulg.
1202 3497 1270 3547 25
1313 3489 1455 3559 ἔχων
1494 3491 1547 3543 II
1697 3493 1766 3542 26
1802 3484 2055 3550 nsbstsw]

135 3585 288 3630 οπως
325 3565 455 3620 add.
492 3566 559 3620 D.

1633 3646 1740 3699 12*
