2569 4061
412 200 587 256 xmv
922 166 929 177 ⁸
1157 197 1589 259 PRAEFATIO.

406 340 559 430 ‘item
606 364 731 428 ἐπεὶ
776 363 867 429 δέ,
917 369 1022 428 sed
1056 371 1319 445 utroque
1354 371 1485 431 loco
1520 373 1812 447 tanquam
1848 369 2037 429 nihilo
2085 370 2346 455 certiori,

412 469 481 526 ut
537 466 612 526 de
676 466 1009 543 Polybiano
1066 466 1190 526 dixi
1252 467 1631 543 praefatione
1694 468 1822 529 vol.
1868 470 1933 539 1,
1988 486 2049 542 p.
2094 465 2349 544 XLVII,
2425 482 2456 505 ·

412 565 551 624 illos
587 583 706 624 non
742 563 938 641 magis
976 581 1157 640 quam
1182 564 1294 624 hos
1322 564 1445 624 illis
1474 565 1714 624 defendi
1741 565 1918 624 facile
1945 564 2341 641 intellegitur.

411 661 649 737 Duplex
703 657 780 720 ἂν
837 680 869 721 6
922 661 1079 721 libro
1139 660 1365 737 optimo
1411 661 1466 720 D
1524 662 1769 723 restitui
1816 665 1873 738 2,
1904 664 2011 740 40,
2040 665 2101 737 4,
2154 665 2225 721 ut
2278 662 2344 721 in

413 755 689 819 omnibus
737 762 833 819 est
881 761 982 836 13,
1022 759 1124 834 20,
1163 760 1221 818 5.

314 916 323 926 ,
581 849 833 937 Ἀνοὺγω
899 857 1014 916 etsi
1079 856 1264 916 semel
1338 860 1592 932 apparet
1664 875 1799 917 cum
1875 860 2199 934 augmento
2264 856 2344 915 ab

410 952 717 1015 Atticistis
762 954 1101 1030 improbato
1157 950 1460 1032 ἐξήνοιγεν
1510 959 1566 1030 1,
1614 958 1719 1033 33,
1760 959 1793 1015 1
1808 959 1860 1030 1,
1905 957 2114 1033 tamen
2157 974 2342 1031 quum

414 1051 627 1111 ceteris
674 1051 820 1111 locis
867 1051 1140 1111 omnibus
1187 1051 1269 1110 sit
1305 1047 1461 1135 ἄνεῳ
1498 1084 1614 1130 -,
1662 1053 1911 1113 dubium
1957 1057 2163 1112 utrum
2201 1051 2345 1111 libri

412 1148 632 1208 fallant
686 1166 765 1207 an
817 1148 949 1226 ipse
991 1148 1201 1225 lapsus
1257 1147 1339 1206 sit
1393 1148 1720 1226 Diodorus,
1776 1155 1848 1210 ut
1901 1150 2234 1210 Pausanias
2284 1151 2345 1227 2,

397 1245 519 1322 35,
570 1247 606 1303 7
654 1241 1060 1325 ἠνοίχθησαν,
1106 1249 1166 1325 4,
1215 1248 1319 1322 26,
1368 1246 1406 1305 8
1454 1241 1659 1329 ’ἦνονγε
1705 1247 1934 1325 dicens,
1987 1249 2103 1307 etsi
2155 1244 2343 1329 ἀνεῳ-

412 1337 648 1422 γμένων
685 1343 836 1403 dixit
881 1346 943 1423 4,
980 1346 1040 1421 5,
1080 1347 1138 1422 9,
1183 1344 1303 1404 nisi
1348 1345 1482 1421 quis
1528 1350 1703 1423 putet
1748 1346 1930 1407 etiam
1976 1345 2138 1421 apud
2183 1345 2341 1403 huno

412 1439 628 1501 fallere
664 1441 870 1517 libros,
909 1443 1012 1519 qui
1045 1445 1252 1503 tamen
1286 1462 1428 1522 non,
1464 1447 1535 1503 ut
1570 1445 1635 1504 in
1670 1444 1748 1504 N.
1786 1444 1873 1523 Τ.,
1909 1442 2149 1504 variant
2183 1441 2344 1500 inter

413 1540 733 1616 utramque
777 1540 1055 1619 formam,
1110 1560 1366 1618 quarum
1414 1543 1671 1603 alteram
1724 1542 1893 1602 illam
1938 1559 2048 1618 per
2091 1562 2130 1618 η
2178 1542 2241 1599 et
2284 1561 2344 1599 οι

413 1637 792 1714 grammatici
836 1638 1078 1714 quidem
1123 1642 1194 1700 ut
1237 1660 1485 1717 prorsus
1529 1642 1849 1700 barbaram
1903 1638 2188 1714 reiciunt,
2237 1636 2344 1696 sed

411 1734 704 1808 praebent
742 1734 925 1794 etiam
961 1726 1100 1796 libri
1133 1736 1567 1813 Xenophontis,
1615 1736 1689 1795 de
1726 1736 1944 1812 quibus
1994 1735 2117 1793 dixi
2151 1735 2341 1812 praef.

414 1831 492 1889 ad
536 1830 697 1891 Hist.
747 1830 847 1890 Gr.
897 1832 986 1890 ed.
1032 1832 1195 1907 Lips.
1241 1834 1488 1893 tertiam
1534 1854 1591 1908 p.
1619 1832 1748 1891 XX.

576 1921 874 1999 ’Ἀνοπλος
937 1929 1054 1988 etsi
1114 1930 1355 1989 nonnisi
1412 1930 1734 2006 20,·110‚
1783 1931 1817 1988 1
1877 1947 1997 1988 uno
2060 1927 2130 1988 in
2188 1927 2344 1989 libro

416 2024 709 2103 scriptum
770 2019 1026 2106 ἄοπλος,
1097 2030 1306 2090 tamen
1365 2027 1430 2088 id
1491 2027 1693 2105 ipsum
1755 2029 2101 2087 constanter
2160 2026 2346 2087 etiam

413 2117 677 2185 Diodoro
717 2142 850 2185 esse
894 2125 1341 2188 restituendum
1383 2127 1485 2190 vix
1529 2126 1835 2187 dubitabit
1879 2125 1984 2203 qui
2022 2124 2345 2186 contulerit

414 2240 567 2299 quae
616 2220 688 2281 de
727 2225 982 2299 utraque
1016 2225 1214 2284 forma
1249 2225 1374 2285 dixi
1410 2223 1489 2286 ad
1525 2224 1914 2300 Stephanum,
1963 2226 2026 2282 et
2067 2219 2343 2300 ἀοίκητος

411 2337 522 2394 pro
569 2315 882 2396 ἀνοίκητος
930 2323 988 2396 3,
1038 2322 1140 2398 38,
1189 2324 1223 2381 1
1267 2325 1331 2383 et
1367 2324 1404 2382 2
1467 2321 1563 2381 bis
1620 2322 1971 2382 restitutum
2026 2339 2098 2380 ex
2153 2319 2344 2395 libris,

412 2418 482 2475 ut
529 2418 622 2476 est
664 2415 728 2473 in
773 2416 1077 2493 plerisque
1123 2421 1183 2497 4,
1217 2422 1319 2497 17,
1347 2422 1406 2480 4.
1483 2418 1681 2490 Quare
1726 2414 1949 2490 ἄοπλος
1988 2418 2200 2494 scripsi
2243 2420 2345 2494 14,

419 2516 564 2591 115,
614 2516 680 2592 2,
731 2516 832 2590 14,
884 2517 1030 2593 116,
1080 2518 1146 2593 2,
1212 2518 1314 2594 16,
1367 2518 1467 2596 1ο,
1516 2520 1583 2596 3,
1633 2521 1734 2592 17,
1774 2518 1833 2594 8,
1874 2518 1940 2593 5,
1992 2519 2090 2590 17,
2131 2518 2235 2592 42,
2277 2511 2399 2592 2,·

419 2615 520 2691 17,
569 2614 672 2688 64,
722 2616 789 2689 1,
839 2614 940 2690 17,
978 2614 1082 2689 84,
1123 2616 1189 2692 6,
1242 2615 1344 2692 18,
1384 2617 1442 2692 8,
1480 2616 1548 2693 5,
1597 2618 1700 2693 20,
1740 2615 1842 2688 11,
1881 2615 1949 2690 2,
1999 2615 2101 2691 20,
2143 2615 2246 2691 66,
2287 2615 2344 2673 3.

586 2705 927 2790 Ἀντιπέρας
980 2730 1089 2786 pro
1144 2708 1466 2792 ἀντιπέραν
1512 2732 1699 2789 quum
1758 2711 1971 2786 optimi
2014 2711 2349 2787 praebeant

419 2804 494 2888 5,
528 2810 630 2886 23,
679 2810 738 2885 5,
784 2809 948 2878 idem
989 2809 1237 2870 restitui
1287 2814 1344 2884 2,
1390 2811 1493 2887 47,
1544 2812 1610 2887 1,
1658 2811 1718 2885 3,
1765 2809 1870 2884 38,
1916 2810 1986 2885 4,
2034 2811 2092 2886 3,
2131 2810 2235 2886 39,
2275 2809 2345 2885 3,

417 2909 477 2982 3,
523 2908 735 2986 42,1;
792 2908 851 2982 5,
902 2910 1004 2985 60,
1054 2910 1119 2985 1,
1180 2909 1239 2982 5,
1291 2909 1405 2983 82,
1455 2908 1519 2983 1,
1578 2907 1636 2981 5,
1683 2906 1787 2982 83,
1836 2907 1902 2982 2,
1971 2908 2074 2976 18,
2125 2906 2230 2979 65,
2276 2907 2347 2983 4,

420 3007 521 3081 13,
570 3007 674 3083 79,
722 3006 780 3083 6,
835 3008 908 3065 ut
960 3003 1303 3064 faciendum
1357 3002 1625 3061 dixeram
1680 3000 1757 3061 ad
1811 3002 1988 3063 Thes.
2037 3001 2346 3077 Stephani.

588 3097 896 3164 Ἀνωτᾶτω
943 3102 1061 3162 etsi
1112 3122 1183 3162 ex
1220 3101 1465 3178 optimis
1499 3099 1942 3160 restituendum
1985 3099 2105 3158 fuit
2142 3100 2200 3176 2,
2243 3101 2347 3177 10,

418 3202 456 3259 3
505 3219 615 3277 pro
670 3193 711 3276 ἡ
758 3194 814 3260 δ’
874 3197 1144 3277 ἀνωτάτη
1201 3198 1435 3281 σῦριγξ,
1502 3216 1623 3258 non
1688 3197 1961 3273 sequitur
2013 3199 2217 3256 tamen
2272 3216 2346 3256 ex

417 3314 536 3356 uno
595 3296 867 3360 Gemisto
922 3296 1146 3356 ibidem
1198 3293 1310 3374 τὴν
1364 3292 1643 3355 ἀνωτάτω
1705 3313 1816 3371 pro
1871 3290 1980 3371 τὴν
2036 3288 2347 3371 ἀνωτάτην

564 3492 809 3568 civatem
841 3518 944 3573 pro
972 3492 1188 3570 ἀνέδην
1217 3507 1271 3573 2,
1300 3506 1386 3569 23,
1416 3506 1475 3571 2,
1506 3507 1558 3574 2,
1589 3506 1676 3572 58,
1707 3507 1765 3569 1,
1796 3505 1882 3570 16,
1912 3506 1999 3572 87,
2029 3504 2087 3570 2,
2117 3505 2204 3570 87,
2224 3505 2274 3570 3,
2294 3505 2345 3554 3.
