2569 4061
361 278 497 344 214
1030 274 1339 331 DIODORI
1376 274 1607 331 SICULI

362 442 655 517 ἅπαντας
709 441 867 516 τοὺς
919 436 1033 505 ὑπ’
1089 437 1296 504 αὐτὸν
1353 434 1792 521 τεταγμένους
1848 433 2290 521 μετεπέμπετο

360 548 676 631 δυνάμεις
730 545 838 611 καὶ
894 548 976 611 τὰ
1034 546 1200 628 πρὸς
1252 545 1376 628 τὴν
1437 545 1830 629 πολιορκίαν
1881 544 2289 630 παρεσκευά-

288 676 322 723 9
363 656 520 731 ζετο.
611 646 698 735 ἦν
755 646 818 716 δ’
870 652 1049 739 αὐτῷ
1106 653 1340 733 λόγιον
1394 648 1941 737 παραδεδομένον
1997 648 2070 715 ἐκ
2126 670 2289 735 προ-

356 760 583 842 γόνων
630 758 733 823 ὅτι
776 759 900 841 τὴν
945 761 1168 823 Νίνον
1206 754 1431 833 οὐδεὶς
1477 754 1615 822 ἑλεῖ
1653 758 1818 822 κατὰ
1861 757 2123 842 κράτος,
2170 755 2288 822 ἐὰν

360 865 450 949 μὴ
495 866 825 951 πρότερον
862 863 899 930 ὁ
945 865 1236 948 ποταμὸς
1279 872 1361 948 τῇ
1408 866 1596 928 πόλει
1641 861 1911 948 γένηται
1956 862 2286 949 πολέμιος.
2315 876 2347 916 5

361 971 855 1056 ὑπολαμβάνων
893 964 1018 1035 οὖν
1055 979 1252 1048 τοῦτο
1292 968 1619 1053 μηδέποτε
1657 972 1953 1053 ἔσεσθαι,
1998 981 2143 1047 ταῖς
2187 970 2290 1036 ἐλ-

361 1081 508 1143 πίσι
564 1076 850 1159 ἀντεῖχε,
913 1076 1396 1159 διανοούμενος
1448 1074 1809 1160 ὑπομένειν
1854 1077 1977 1159 τὴν
2021 1081 2291 1162 πολιορ-

362 1187 515 1250 κίαν
558 1180 669 1248 καὶ
714 1183 796 1245 τά
839 1183 1018 1267 παρὰ
1061 1191 1197 1246 τῶν
1242 1179 1793 1267 ὑποτεταγμένων
1841 1181 2292 1265 ἀποσταλησό-

254 1293 340 1357 27
364 1314 531 1375 μενα
599 1288 1010 1373 στρατόπεδα
1071 1286 1582 1374 προσδέχεσθαι.
1676 1289 1747 1354 οἰ
1805 1283 1866 1353 δ’
1928 1288 2292 1354 ἀποστάται

362 1406 503 1472 τοῖς
546 1396 1039 1480 προτερήμασιν
1093 1394 1499 1481 ἐπαρθέντες
1553 1393 1978 1481 προσέκειντο
2035 1392 2158 1479 μὲν
2209 1404 2289 1480 τῇ
2320 1407 2377 1447 1⁰

364 1503 736 1589 πολιορκίᾳ,
785 1502 899 1567 διὰ
945 1497 1019 1567 δὲ
1063 1503 1187 1585 τὴν
1225 1502 1593 1588 ὀχυρότητα
1636 1513 1773 1568 τῶν
1803 1513 2045 1586 τειχῶν
2091 1498 2293 1568 οὐδὲν

364 1609 700 1693 ἠδύναντο
747 1609 999 1692 βλάψαι
1041 1611 1200 1685 τοὺς
1238 1609 1313 1674 ἐν
1348 1618 1429 1694 τῇ
1472 1610 1687 1675 πόλει·
1734 1612 2129 1694 πετροβόλοι
2165 1610 2292 1695 γὰρ

365 1715 407 1800 ἢ
454 1720 738 1800 χελῶναι
774 1715 1134 1801 χωστρίδες
1169 1714 1211 1798 ἢ
1248 1713 1430 1801 κριοὶ
1463 1715 1630 1801 πρὸς
1673 1715 2054 1801 ἀνατροπὴν
2091 1738 2294 1799 μεμη-

366 1821 729 1907 χανημένοι
774 1832 1009 1906 τειχῶν
1056 1821 1242 1886 οὔπω
1289 1815 1433 1885 κατ’
1477 1820 1772 1898 ἐκείνους
1816 1824 1974 1899 τοὺς
2019 1825 2294 1908 καιροὺς

368 1928 668 2014 εὕρηντο.
760 1938 896 1993 τῶν
943 1924 1006 1991 δ’
1054 1925 1447 2010 ἐπιτηδείων
1492 1927 1803 1994 ἁπάντων
1850 1929 1920 1994 oc
1960 1930 2125 1994 κατά
2170 1929 2293 2012 τὴν
2323 1938 2378 1978 15

368 2038 566 2101 πόλιν
610 2034 865 2117 πολλὴν
910 2026 1093 2118 εἶχον
1140 2034 1523 2117 δαψίλειαν,
1578 2035 2120 2121 προνενοημένου
2172 2045 2293 2101 τοῦ

370 2140 693 2226 βασιλέως
736 2141 982 2206 τούτου
1027 2148 1148 2205 τοῦ
1196 2138 1457 2225 μέρους.
1552 2142 1657 2207 διὸ
1704 2140 1817 2208 καὶ
1861 2143 2297 2227 χρονιζούσης

370 2258 486 2333 τῆς
530 2249 915 2333 πολιορκίας
960 2243 1060 2311 ἐπ’
1113 2247 1223 2331 ἔτη
1279 2243 1403 2331 μὲν
1451 2247 1574 2312 δύο
1619 2246 2047 2332 προσέκειντο
2092 2265 2297 2334 προσ-

372 2357 576 2439 βολὰς
618 2355 1011 2438 ποιούμενοι
1055 2363 1195 2429 τοῖς
1238 2356 1480 2437 τείχεσι
1538 2351 1650 2418 καὶ
1692 2363 1808 2437 τῆς
1853 2352 1960 2419 ἐπὶ
2003 2355 2127 2438 τὴν
2169 2355 2297 2439 χώ-

375 2486 502 2546 ραν
549 2460 784 2540 ἐξόδου
820 2463 977 2535 τοὺς
1013 2458 1085 2523 ἐκ
1121 2467 1237 2542 τῆς
1273 2461 1528 2534 πόλεως
1564 2464 1924 2544 εἴργοντες·
1969 2469 2061 2547 τῷ
2097 2464 2296 2549 τρίτῳ
2326 2469 2384 2511 2⁰

375 2564 436 2631 δ’
500 2567 629 2631 ἔτει
695 2576 988 2649 συνεχῶς
1055 2566 1327 2649 ὄμβρων
1390 2564 1696 2647 μεγάλων
1750 2565 2301 2653 καταρραγέντων

377 2669 621 2755 συνέβη
667 2672 787 2736 τὸν
825 2671 1194 2755 Εὐφράτην
1240 2668 1451 2754 μέγαν
1487 2673 1853 2756 γενόμενον
1896 2675 2301 2739 κατακλύσαι

373 2802 443 2843 τε
491 2776 690 2861 μέρος
741 2784 858 2858 τῆς
912 2778 1165 2853 πόλεως
1209 2774 1322 2841 καὶ
1367 2780 1761 2860 καταβαλεῖν
1806 2780 1881 2844 τὸ
1939 2789 2154 2863 τεῖχος
2198 2777 2303 2844 ἐπὶ

302 2909 336 2958 2
377 2885 689 2959 σταδίους
716 2888 985 2948 εἴκοσιν.
1060 2882 1357 2948 ἐνταῦθα
1397 2882 1432 2948 ὁ
1469 2887 1783 2983 βασιλεὺς
1817 2889 2097 2970 νομίσας
2130 2909 2302 2951 τετε-

375 2990 615 3058 λέσθαι
651 2992 770 3056 τὸν
815 2990 1115 3076 χρησμὸν
1151 2989 1263 3056 καὶ
1306 2999 1386 3076 τῇ
1432 2995 1623 3057 πόλει
1666 2993 1786 3057 τὸν
1831 2995 2134 3077 ποταμὸν
2178 3017 2283 3078 γε·-
2308 3004 2417 3055 141

375 3097 647 3185 γονέναι
702 3106 1008 3183 φανερῶς
1051 3096 1404 3182 πολέμιον,
1462 3096 1723 3180 ἀπέγνω
1777 3099 1902 3181 τὴν
1948 3103 2301 3187 σωτηρίαν.
2332 3114 2388 3153 26

376 3207 489 3272 ἵνα
537 3202 609 3271 δὲ
654 3206 743 3290 μὴ
803 3215 941 3281 τοῖς
995 3207 1336 3289 πολεμίοις
1388 3204 1769 3290 ὑποχείριος
1822 3203 2122 3290 γένηται,
2181 3226 2304 3272 πυ-

477 3462 490 3480 ,
522 3405 554 3451 6
593 3387 697 3451 οὖν
763 3395 827 3452 δὲ
866 3397 1018 3467 vulg.
1150 3404 1180 3452 7
1218 3391 1510 3467 ἀντείχετο
1548 3395 1601 3451 ΙΙ
1736 3400 1770 3450 8
1809 3392 2307 3521 &notetayps'voeq

380 3462 641 3533 ἐπαρχων
728 3467 856 3521 BD¹
1019 3473 1051 3521 9
1087 3467 1462 3537 προσεδέχετο
1500 3468 1651 3536 vulg.
1809 3472 1874 3521 15
1915 3465 2216 3538 ἐξεύρηντο
2254 3471 2276 3522 1

378 3537 447 3583 23
486 3551 545 3585 τε
585 3551 690 3588 om.
732 3537 842 3604 CD,
881 3557 935 3591 τι
971 3537 1253 3592 Θθωίεὓηε
1417 3543 1485 3593 27
1523 3536 1758 3606 γένηται
1792 3534 2115 3609 ὑποχείριος
2150 3538 2304 3609 vulg.
