<?xml version="1.0" encoding="UTF-8"?>
<!DOCTYPE html PUBLIC "-//W3C//DTD XHTML 1.0 Transitional//EN"
    "http://www.w3.org/TR/xhtml1/DTD/xhtml1-transitional.dtd">
<html xmlns="http://www.w3.org/1999/xhtml" xml:lang="en" lang="en">
 <head>
  <title>
</title>
<meta http-equiv="Content-Type" content="text/html;charset=utf-8" />
  <meta name='ocr-system' content='tesseract 3.04.00' />
  <meta name='ocr-capabilities' content='ocr_page ocr_carea ocr_par ocr_line ocrx_word'/>
</head>
<body>
  <div class='ocr_page' id='page_1' title='image "./diodoribiblioth02dindgoog_0150.png"; bbox 0 0 2569 4061; ppageno 0'>
   <div class='ocr_carea' id='block_1_1' title="bbox 394 180 1642 250">
    <p class='ocr_par' dir='ltr' id='par_1_1' title="bbox 394 180 1642 250">
     <span class='ocr_line' id='line_1_1' title="bbox 394 180 1642 250; baseline -0.012 0"><span class='ocrx_word' id='word_1_1' title='bbox 394 184 484 250; x_wconf 82' lang='grc'><strong><em>50</em></strong></span> <span class='ocrx_word' id='word_1_2' title='bbox 1062 180 1370 239; x_wconf 85' lang='lat' dir='ltr'><strong>DIODORI</strong></span> <span class='ocrx_word' id='word_1_3' title='bbox 1406 181 1642 239; x_wconf 85' lang='lat' dir='ltr'>SICULI</span> 
     </span>
    </p>
   </div>
   <div class='ocr_carea' id='block_1_2' title="bbox 284 345 2397 3304">
    <p class='ocr_par' dir='ltr' id='par_1_2' title="bbox 391 345 2323 750">
     <span class='ocr_line' id='line_1_2' title="bbox 394 345 2323 431; baseline 0.001 -20"><span class='ocrx_word' id='word_1_4' title='bbox 394 349 716 430; x_wconf 76' lang='grc' dir='ltr'><strong><em>βοηθείας</em></strong></span> <span class='ocrx_word' id='word_1_5' title='bbox 786 348 1043 431; x_wconf 84' lang='grc' dir='ltr'><strong><em>ἔχουσι,</em></strong></span> <span class='ocrx_word' id='word_1_6' title='bbox 1110 345 1857 429; x_wconf 79' lang='grc' dir='ltr'><strong><em>συγκατολισθανούσης</em></strong></span> <span class='ocrx_word' id='word_1_7' title='bbox 1918 352 2035 429; x_wconf 83' lang='grc' dir='ltr'><strong><em>τῆς</em></strong></span> <span class='ocrx_word' id='word_1_8' title='bbox 2097 346 2323 431; x_wconf 80' lang='grc' dir='ltr'><strong><em>ἅμμου</em></strong></span> 
     </span>
     <span class='ocr_line' id='line_1_3' title="bbox 391 445 2321 538; baseline 0.001 -21"><span class='ocrx_word' id='word_1_9' title='bbox 391 461 508 535; x_wconf 82' lang='grc' dir='ltr'><strong><em>τῆς</em></strong></span> <span class='ocrx_word' id='word_1_10' title='bbox 551 453 732 538; x_wconf 78' lang='grc' dir='ltr'><strong><em>παρὰ</em></strong></span> <span class='ocrx_word' id='word_1_11' title='bbox 775 454 855 517; x_wconf 76' lang='grc' dir='ltr'><strong><em>τὰ</em></strong></span> <span class='ocrx_word' id='word_1_12' title='bbox 900 455 1101 537; x_wconf 88' lang='grc' dir='ltr'><strong><em>χείλη.</em></strong></span> <span class='ocrx_word' id='word_1_13' title='bbox 1164 454 1246 517; x_wconf 82' lang='grc' dir='ltr'><strong><em>τὰ</em></strong></span> <span class='ocrx_word' id='word_1_14' title='bbox 1292 449 1413 536; x_wconf 73' lang='grc' dir='ltr'><strong><em>μὲν</em></strong></span> <span class='ocrx_word' id='word_1_15' title='bbox 1459 445 1586 517; x_wconf 82' lang='grc' dir='ltr'><strong><em>οὖν</em></strong></span> <span class='ocrx_word' id='word_1_16' title='bbox 1629 450 2078 537; x_wconf 74' lang='grc' dir='ltr'><strong><em>προειρημένα</em></strong></span> <span class='ocrx_word' id='word_1_17' title='bbox 2122 453 2321 518; x_wconf 80' lang='grc' dir='ltr'><strong><em>πεδία</em></strong></span> 
     </span>
     <span class='ocr_line' id='line_1_4' title="bbox 392 557 2320 645; baseline 0 -22"><span class='ocrx_word' id='word_1_18' title='bbox 392 557 709 642; x_wconf 83' lang='grc' dir='ltr'><strong><em>τοιαύτην</em></strong></span> <span class='ocrx_word' id='word_1_19' title='bbox 771 561 1006 643; x_wconf 80' lang='grc' dir='ltr'><strong><em>ἔχοντα</em></strong></span> <span class='ocrx_word' id='word_1_20' title='bbox 1067 559 1192 642; x_wconf 80' lang='grc' dir='ltr'><strong><em>τὴν</em></strong></span> <span class='ocrx_word' id='word_1_21' title='bbox 1256 558 1466 641; x_wconf 84' lang='grc' dir='ltr'><strong><em>φύσιν</em></strong></span> <span class='ocrx_word' id='word_1_22' title='bbox 1530 560 1776 635; x_wconf 77' lang='grc' dir='ltr'><strong><em>οἰκείας</em></strong></span> <span class='ocrx_word' id='word_1_23' title='bbox 1830 560 2019 642; x_wconf 82' lang='grc' dir='ltr'><strong><em>ἔτυχε</em></strong></span> <span class='ocrx_word' id='word_1_24' title='bbox 2073 573 2320 645; x_wconf 86' lang='grc' dir='ltr'><strong><em>προση-</em></strong></span> 
     </span>
     <span class='ocr_line' id='line_1_5' title="bbox 392 664 1543 750; baseline 0 -21"><span class='ocrx_word' id='word_1_25' title='bbox 392 666 640 750; x_wconf 87' lang='grc' dir='ltr'><strong><em>γορίας,</em></strong></span> <span class='ocrx_word' id='word_1_26' title='bbox 687 664 1153 750; x_wconf 80' lang='grc' dir='ltr'><strong><em>ὀνομασθέντα</em></strong></span> <span class='ocrx_word' id='word_1_27' title='bbox 1197 666 1543 749; x_wconf 89' lang='grc' dir='ltr'><strong><em>Βάραθρα.</em></strong></span> 
     </span>
    </p>

    <p class='ocr_par' dir='ltr' id='par_1_3' title="bbox 284 767 2373 1071">
     <span class='ocr_line' id='line_1_6' title="bbox 284 767 2373 858; baseline -0.002 -18"><span class='ocrx_word' id='word_1_28' title='bbox 284 773 365 840; x_wconf 84' lang='grc'><strong><em>31</em></strong></span> <span class='ocrx_word' id='word_1_29' title='bbox 562 767 790 857; x_wconf 77' lang='grc' dir='ltr'><strong><em>Ἡμεῖς</em></strong></span> <span class='ocrx_word' id='word_1_30' title='bbox 844 768 907 838; x_wconf 91' lang='grc' dir='ltr'><strong><em>δ’</em></strong></span> <span class='ocrx_word' id='word_1_31' title='bbox 969 770 1110 838; x_wconf 79' lang='grc' dir='ltr'><strong><em>ἐπεὶ</em></strong></span> <span class='ocrx_word' id='word_1_32' title='bbox 1173 772 1254 837; x_wconf 75' lang='grc' dir='ltr'><strong><em>τὰ</em></strong></span> <span class='ocrx_word' id='word_1_33' title='bbox 1309 768 1461 856; x_wconf 85' lang='grc' dir='ltr'><strong><em>περὶ</em></strong></span> <span class='ocrx_word' id='word_1_34' title='bbox 1523 781 1659 837; x_wconf 84' lang='grc' dir='ltr'><strong><em>τῶν</em></strong></span> <span class='ocrx_word' id='word_1_35' title='bbox 1712 771 1842 837; x_wconf 88' lang='grc' dir='ltr'><strong><em>ἀπὸ</em></strong></span> <span class='ocrx_word' id='word_1_36' title='bbox 1908 780 2022 856; x_wconf 86' lang='grc' dir='ltr'><strong><em>τῆς</em></strong></span> <span class='ocrx_word' id='word_1_37' title='bbox 2074 769 2373 858; x_wconf 83' lang='grc' dir='ltr'><strong><em>χέρσου5</em></strong></span> 
     </span>
     <span class='ocr_line' id='line_1_7' title="bbox 391 878 2320 965; baseline 0.001 -22"><span class='ocrx_word' id='word_1_38' title='bbox 391 888 598 964; x_wconf 80' lang='grc' dir='ltr'><strong><em>τριῶν</em></strong></span> <span class='ocrx_word' id='word_1_39' title='bbox 643 888 865 965; x_wconf 88' lang='grc' dir='ltr'><strong><em>μερῶν</em></strong></span> <span class='ocrx_word' id='word_1_40' title='bbox 909 888 1045 944; x_wconf 87' lang='grc' dir='ltr'><strong><em>τῶν</em></strong></span> <span class='ocrx_word' id='word_1_41' title='bbox 1090 878 1521 963; x_wconf 82' lang='grc' dir='ltr'><strong><em>ὀχυρούντων</em></strong></span> <span class='ocrx_word' id='word_1_42' title='bbox 1572 879 1697 962; x_wconf 85' lang='grc' dir='ltr'><strong><em>τὴν</em></strong></span> <span class='ocrx_word' id='word_1_43' title='bbox 1741 884 2090 961; x_wconf 73' lang='grc' dir='ltr'><strong><em>Αἴγυπτον</em></strong></span> <span class='ocrx_word' id='word_1_44' title='bbox 2137 880 2320 962; x_wconf 83' lang='grc' dir='ltr'><strong><em>διήλ-</em></strong></span> 
     </span>
     <span class='ocr_line' id='line_1_8' title="bbox 390 984 2317 1071; baseline 0.001 -22"><span class='ocrx_word' id='word_1_45' title='bbox 390 990 630 1069; x_wconf 87' lang='grc' dir='ltr'><strong><em>θομεν,</em></strong></span> <span class='ocrx_word' id='word_1_46' title='bbox 676 987 1155 1071; x_wconf 83' lang='grc' dir='ltr'><strong><em>προσθήσομεν</em></strong></span> <span class='ocrx_word' id='word_1_47' title='bbox 1189 995 1332 1061; x_wconf 84' lang='grc' dir='ltr'><strong><em>τοῖς</em></strong></span> <span class='ocrx_word' id='word_1_48' title='bbox 1376 984 1748 1070; x_wconf 81' lang='grc' dir='ltr'><strong><em>εἰρημένοις</em></strong></span> <span class='ocrx_word' id='word_1_49' title='bbox 1790 986 1867 1051; x_wconf 88' lang='grc' dir='ltr'><strong><em>τὸ</em></strong></span> <span class='ocrx_word' id='word_1_50' title='bbox 1904 988 2317 1070; x_wconf 87' lang='grc' dir='ltr'><strong><em>λειπόμενον.</em></strong></span> 
     </span>
    </p>

    <p class='ocr_par' dir='ltr' id='par_1_4' title="bbox 320 1089 2397 1813">
     <span class='ocr_line' id='line_1_9' title="bbox 320 1089 2318 1181; baseline 0.002 -26"><span class='ocrx_word' id='word_1_51' title='bbox 320 1114 351 1161; x_wconf 82' lang='lat'>2</span> <span class='ocrx_word' id='word_1_52' title='bbox 389 1089 431 1173; x_wconf 81' lang='grc' dir='ltr'>ἡ</span> <span class='ocrx_word' id='word_1_53' title='bbox 504 1091 779 1176; x_wconf 88' lang='grc' dir='ltr'><strong><em>τετάρτη</em></strong></span> <span class='ocrx_word' id='word_1_54' title='bbox 843 1092 1077 1155; x_wconf 89' lang='grc' dir='ltr'><strong><em>τοίνυν</em></strong></span> <span class='ocrx_word' id='word_1_55' title='bbox 1150 1091 1404 1176; x_wconf 79' lang='grc' dir='ltr'><strong><em>πλευρὰ</em></strong></span> <span class='ocrx_word' id='word_1_56' title='bbox 1467 1100 1645 1156; x_wconf 85' lang='grc' dir='ltr'><strong><em>πᾶσα</em></strong></span> <span class='ocrx_word' id='word_1_57' title='bbox 1717 1091 1958 1176; x_wconf 84' lang='grc' dir='ltr'><strong><em>σχεδὸν</em></strong></span> <span class='ocrx_word' id='word_1_58' title='bbox 2030 1089 2318 1181; x_wconf 73' lang='grc' dir='ltr'><strong><em>ἀλιμένῳ</em></strong></span> 
     </span>
     <span class='ocr_line' id='line_1_10' title="bbox 387 1194 2318 1282; baseline 0.002 -22"><span class='ocrx_word' id='word_1_59' title='bbox 387 1195 689 1282; x_wconf 76' lang='grc' dir='ltr'><strong><em>θαλάττῃ</em></strong></span> <span class='ocrx_word' id='word_1_60' title='bbox 733 1194 1274 1282; x_wconf 79' lang='grc' dir='ltr'><strong><em>προσκλυζομένη</em></strong></span> <span class='ocrx_word' id='word_1_61' title='bbox 1328 1195 1778 1282; x_wconf 81' lang='grc' dir='ltr'><strong><em>προβέβληται</em></strong></span> <span class='ocrx_word' id='word_1_62' title='bbox 1821 1199 1896 1263; x_wconf 90' lang='grc' dir='ltr'><strong><em>τὸ</em></strong></span> <span class='ocrx_word' id='word_1_63' title='bbox 1944 1199 2318 1280; x_wconf 84' lang='grc' dir='ltr'><strong><em>Αἰγύπτιον</em></strong></span> 
     </span>
     <span class='ocr_line' id='line_1_11' title="bbox 387 1299 2397 1390; baseline 0.001 -24"><span class='ocrx_word' id='word_1_64' title='bbox 387 1300 695 1385; x_wconf 88' lang='grc' dir='ltr'><strong><em>πέλαγος,</em></strong></span> <span class='ocrx_word' id='word_1_65' title='bbox 732 1301 768 1367; x_wconf 84' lang='grc' dir='ltr'><em>ὃ</em></span> <span class='ocrx_word' id='word_1_66' title='bbox 805 1305 925 1368; x_wconf 89' lang='grc' dir='ltr'><strong><em>τὸν</em></strong></span> <span class='ocrx_word' id='word_1_67' title='bbox 961 1299 1084 1386; x_wconf 71' lang='grc' dir='ltr'><strong><em>μὲν</em></strong></span> <span class='ocrx_word' id='word_1_68' title='bbox 1120 1303 1517 1388; x_wconf 77' lang='grc' dir='ltr'><strong><em>παράπλουν</em></strong></span> <span class='ocrx_word' id='word_1_69' title='bbox 1536 1305 1686 1389; x_wconf 80' lang='grc' dir='ltr'><strong><em>,ἔχει</em></strong></span> <span class='ocrx_word' id='word_1_70' title='bbox 1722 1305 2156 1390; x_wconf 82' lang='grc' dir='ltr'><strong><em>μακρότατον,</em></strong></span> <span class='ocrx_word' id='word_1_71' title='bbox 2193 1304 2318 1387; x_wconf 82' lang='grc' dir='ltr'><strong><em>τὴν</em></strong></span> <span class='ocrx_word' id='word_1_72' title='bbox 2345 1324 2397 1364; x_wconf 85' lang='lat'><strong><em>10</em></strong></span> 
     </span>
     <span class='ocr_line' id='line_1_12' title="bbox 389 1405 2317 1497; baseline 0.001 -24"><span class='ocrx_word' id='word_1_73' title='bbox 389 1405 454 1472; x_wconf 88' lang='grc' dir='ltr'><strong><em>δ’</em></strong></span> <span class='ocrx_word' id='word_1_74' title='bbox 510 1407 840 1491; x_wconf 83' lang='grc' dir='ltr'><strong><em>ἀπόβασιν</em></strong></span> <span class='ocrx_word' id='word_1_75' title='bbox 884 1409 1008 1493; x_wconf 87' lang='grc' dir='ltr'><strong><em>τὴν</em></strong></span> <span class='ocrx_word' id='word_1_76' title='bbox 1055 1407 1162 1475; x_wconf 81' lang='grc' dir='ltr'><strong><em>ἐπὶ</em></strong></span> <span class='ocrx_word' id='word_1_77' title='bbox 1206 1410 1332 1494; x_wconf 83' lang='grc' dir='ltr'><strong><em>τὴν</em></strong></span> <span class='ocrx_word' id='word_1_78' title='bbox 1385 1410 1611 1496; x_wconf 78' lang='grc' dir='ltr'><strong><em>χώραν</em></strong></span> <span class='ocrx_word' id='word_1_79' title='bbox 1666 1411 2317 1497; x_wconf 89' lang='grc' dir='ltr'><strong><em>δυσπροσόρμιστον·</em></strong></span> 
     </span>
     <span class='ocr_line' id='line_1_13' title="bbox 387 1512 2319 1601; baseline 0.001 -22"><span class='ocrx_word' id='word_1_80' title='bbox 387 1512 514 1580; x_wconf 89' lang='grc' dir='ltr'><strong><em>ἀπὸ</em></strong></span> <span class='ocrx_word' id='word_1_81' title='bbox 561 1514 689 1599; x_wconf 79' lang='grc' dir='ltr'><strong><em>γὰρ</em></strong></span> <span class='ocrx_word' id='word_1_82' title='bbox 748 1519 1205 1601; x_wconf 89' lang='grc' dir='ltr'><strong><em>Παραιτονίου</em></strong></span> <span class='ocrx_word' id='word_1_83' title='bbox 1272 1524 1390 1600; x_wconf 80' lang='grc' dir='ltr'><strong><em>τῆς</em></strong></span> <span class='ocrx_word' id='word_1_84' title='bbox 1433 1517 1694 1601; x_wconf 86' lang='grc' dir='ltr'><strong><em>Λιβύης</em></strong></span> <span class='ocrx_word' id='word_1_85' title='bbox 1746 1515 1872 1593; x_wconf 80' lang='grc' dir='ltr'><strong><em>ἕως</em></strong></span> <span class='ocrx_word' id='word_1_86' title='bbox 1922 1512 2139 1600; x_wconf 85' lang='grc' dir='ltr'><strong><em>Ἰόπης</em></strong></span> <span class='ocrx_word' id='word_1_87' title='bbox 2200 1524 2319 1600; x_wconf 80' lang='grc' dir='ltr'><strong><em>τῆς</em></strong></span> 
     </span>
     <span class='ocr_line' id='line_1_14' title="bbox 385 1619 2316 1709; baseline 0.002 -24"><span class='ocrx_word' id='word_1_88' title='bbox 385 1619 460 1686; x_wconf 83' lang='grc' dir='ltr'><strong><em>έν</em></strong></span> <span class='ocrx_word' id='word_1_89' title='bbox 515 1629 595 1707; x_wconf 77' lang='grc' dir='ltr'><strong><em>τῇ</em></strong></span> <span class='ocrx_word' id='word_1_90' title='bbox 641 1624 857 1708; x_wconf 80' lang='grc' dir='ltr'><strong><em>Κοίλῃ</em></strong></span> <span class='ocrx_word' id='word_1_91' title='bbox 902 1626 1146 1709; x_wconf 78' lang='grc' dir='ltr'><strong><em>Συρίᾳ,</em></strong></span> <span class='ocrx_word' id='word_1_92' title='bbox 1193 1624 1389 1698; x_wconf 76' lang='grc' dir='ltr'><strong><em>ὄντος</em></strong></span> <span class='ocrx_word' id='word_1_93' title='bbox 1441 1632 1563 1687; x_wconf 85' lang='grc' dir='ltr'><strong><em>τοῦ</em></strong></span> <span class='ocrx_word' id='word_1_94' title='bbox 1617 1623 1970 1709; x_wconf 75' lang='grc' dir='ltr'><strong><em>παράπλου</em></strong></span> <span class='ocrx_word' id='word_1_95' title='bbox 2025 1623 2316 1689; x_wconf 76' lang='grc' dir='ltr'><strong><em>σταδίων</em></strong></span> 
     </span>
     <span class='ocr_line' id='line_1_15' title="bbox 384 1727 2315 1813; baseline 0.002 -22"><span class='ocrx_word' id='word_1_96' title='bbox 384 1728 627 1812; x_wconf 88' lang='grc' dir='ltr'><strong><em>σχεδὸν</em></strong></span> <span class='ocrx_word' id='word_1_97' title='bbox 689 1731 1275 1812; x_wconf 83' lang='grc' dir='ltr'><strong><em>πεντακισχιλίων,</em></strong></span> <span class='ocrx_word' id='word_1_98' title='bbox 1337 1727 1463 1793; x_wconf 88' lang='grc' dir='ltr'><strong><em>οὐκ</em></strong></span> <span class='ocrx_word' id='word_1_99' title='bbox 1516 1730 1699 1793; x_wconf 81' lang='grc' dir='ltr'><strong><em>ἔστιν</em></strong></span> <span class='ocrx_word' id='word_1_100' title='bbox 1761 1727 1985 1812; x_wconf 81' lang='grc' dir='ltr'><strong><em>εὑρεῖν</em></strong></span> <span class='ocrx_word' id='word_1_101' title='bbox 2048 1728 2315 1813; x_wconf 81' lang='grc' dir='ltr'><strong><em>ἀσφαλῆ</em></strong></span> 
     </span>
    </p>

    <p class='ocr_par' dir='ltr' id='par_1_5' title="bbox 313 1829 2394 2027">
     <span class='ocr_line' id='line_1_16' title="bbox 313 1829 2394 1919; baseline 0.001 -22"><span class='ocrx_word' id='word_1_102' title='bbox 313 1857 346 1906; x_wconf 83' lang='grc'><strong>3</strong></span> <span class='ocrx_word' id='word_1_103' title='bbox 385 1831 619 1917; x_wconf 81' lang='grc' dir='ltr'><strong><em>λιμένα</em></strong></span> <span class='ocrx_word' id='word_1_104' title='bbox 678 1835 853 1917; x_wconf 87' lang='grc' dir='ltr'><strong><em>πλὴν</em></strong></span> <span class='ocrx_word' id='word_1_105' title='bbox 905 1842 1027 1899; x_wconf 85' lang='grc' dir='ltr'><strong><em>τοῦ</em></strong></span> <span class='ocrx_word' id='word_1_106' title='bbox 1080 1834 1330 1919; x_wconf 89' lang='grc' dir='ltr'><strong><em>Φάρου.</em></strong></span> <span class='ocrx_word' id='word_1_107' title='bbox 1422 1831 1624 1919; x_wconf 88' lang='grc' dir='ltr'><strong><em>χωρὶς</em></strong></span> <span class='ocrx_word' id='word_1_108' title='bbox 1670 1829 1745 1898; x_wconf 68' lang='grc' dir='ltr'><strong><em>δὲ</em></strong></span> <span class='ocrx_word' id='word_1_109' title='bbox 1789 1834 2048 1899; x_wconf 89' lang='grc' dir='ltr'><strong><em>τούτων</em></strong></span> <span class='ocrx_word' id='word_1_110' title='bbox 2090 1837 2316 1900; x_wconf 89' lang='grc' dir='ltr'><strong><em>ταινία</em></strong></span> <span class='ocrx_word' id='word_1_111' title='bbox 2343 1853 2394 1895; x_wconf 86' lang='lat'><strong><em>15</em></strong></span> 
     </span>
     <span class='ocr_line' id='line_1_17' title="bbox 384 1938 2316 2027; baseline 0.002 -23"><span class='ocrx_word' id='word_1_112' title='bbox 384 1938 541 2026; x_wconf 86' lang='grc' dir='ltr'><strong><em>παρ’</em></strong></span> <span class='ocrx_word' id='word_1_113' title='bbox 588 1940 752 2025; x_wconf 83' lang='grc' dir='ltr'><strong><em>ὅλην</em></strong></span> <span class='ocrx_word' id='word_1_114' title='bbox 798 1941 1040 2025; x_wconf 84' lang='grc' dir='ltr'><strong><em>σχεδὸν</em></strong></span> <span class='ocrx_word' id='word_1_115' title='bbox 1075 1941 1202 2024; x_wconf 80' lang='grc' dir='ltr'><strong><em>τὴν</em></strong></span> <span class='ocrx_word' id='word_1_116' title='bbox 1246 1946 1598 2024; x_wconf 79' lang='grc' dir='ltr'><strong><em>Αἴγυπτον</em></strong></span> <span class='ocrx_word' id='word_1_117' title='bbox 1631 1942 1913 2027; x_wconf 83' lang='grc' dir='ltr'><strong><em>παρήκει</em></strong></span> <span class='ocrx_word' id='word_1_118' title='bbox 1956 1952 2098 2018; x_wconf 77' lang='grc' dir='ltr'><strong><em>τοῖς</em></strong></span> <span class='ocrx_word' id='word_1_119' title='bbox 2134 1941 2316 2008; x_wconf 88' lang='grc' dir='ltr'><strong><em>ἀπεί-</em></strong></span> 
     </span>
    </p>

    <p class='ocr_par' dir='ltr' id='par_1_6' title="bbox 312 2047 2394 2451">
     <span class='ocr_line' id='line_1_18' title="bbox 312 2047 2315 2135; baseline 0 -22"><span class='ocrx_word' id='word_1_120' title='bbox 312 2071 348 2121; x_wconf 84' lang='grc'>4</span> <span class='ocrx_word' id='word_1_121' title='bbox 386 2071 530 2134; x_wconf 91' lang='grc' dir='ltr'><strong><em>ροις</em></strong></span> <span class='ocrx_word' id='word_1_122' title='bbox 575 2059 710 2114; x_wconf 88' lang='grc' dir='ltr'><strong><em>τῶν</em></strong></span> <span class='ocrx_word' id='word_1_123' title='bbox 767 2051 1283 2133; x_wconf 88' lang='grc' dir='ltr'><strong><em>προσπλεόντων</em></strong></span> <span class='ocrx_word' id='word_1_124' title='bbox 1328 2047 1736 2135; x_wconf 81' lang='grc' dir='ltr'><strong><em>ἀθεώρητος·</em></strong></span> <span class='ocrx_word' id='word_1_125' title='bbox 1796 2049 2028 2135; x_wconf 89' lang='grc' dir='ltr'><strong><em>διόπερ</em></strong></span> <span class='ocrx_word' id='word_1_126' title='bbox 2075 2049 2147 2115; x_wconf 75' lang='grc' dir='ltr'><strong><em>οἱ</em></strong></span> <span class='ocrx_word' id='word_1_127' title='bbox 2195 2050 2315 2114; x_wconf 86' lang='grc' dir='ltr'><strong><em>τὸν</em></strong></span> 
     </span>
     <span class='ocr_line' id='line_1_19' title="bbox 384 2153 2313 2242; baseline 0.001 -22"><span class='ocrx_word' id='word_1_128' title='bbox 384 2153 457 2220; x_wconf 81' lang='grc' dir='ltr'><strong><em>ἐκ</em></strong></span> <span class='ocrx_word' id='word_1_129' title='bbox 502 2156 832 2239; x_wconf 78' lang='grc' dir='ltr'><strong><em>πελάγους</em></strong></span> <span class='ocrx_word' id='word_1_130' title='bbox 874 2157 1199 2221; x_wconf 80' lang='grc' dir='ltr'><strong><em>κίνδυνον</em></strong></span> <span class='ocrx_word' id='word_1_131' title='bbox 1236 2154 1713 2240; x_wconf 74' lang='grc' dir='ltr'><strong><em>ἐκπεφευγέναι</em></strong></span> <span class='ocrx_word' id='word_1_132' title='bbox 1757 2159 2157 2242; x_wconf 77' lang='grc' dir='ltr'><strong><em>νομίζοντες,</em></strong></span> <span class='ocrx_word' id='word_1_133' title='bbox 2202 2153 2313 2222; x_wconf 85' lang='grc' dir='ltr'><strong><em>καὶ</em></strong></span> 
     </span>
     <span class='ocr_line' id='line_1_20' title="bbox 383 2261 2311 2346; baseline 0.002 -21"><span class='ocrx_word' id='word_1_134' title='bbox 383 2262 495 2325; x_wconf 77' lang='grc' dir='ltr'><strong><em>διὰ</em></strong></span> <span class='ocrx_word' id='word_1_135' title='bbox 520 2262 644 2344; x_wconf 83' lang='grc' dir='ltr'><strong><em>τὴν</em></strong></span> <span class='ocrx_word' id='word_1_136' title='bbox 680 2263 962 2345; x_wconf 76' lang='grc' dir='ltr'><strong><em>ἄγνοιαν</em></strong></span> <span class='ocrx_word' id='word_1_137' title='bbox 989 2263 1268 2346; x_wconf 74' lang='grc' dir='ltr'><strong><em>ἄσμενοι</em></strong></span> <span class='ocrx_word' id='word_1_138' title='bbox 1302 2263 1470 2346; x_wconf 88' lang='grc' dir='ltr'><strong><em>πρὸς</em></strong></span> <span class='ocrx_word' id='word_1_139' title='bbox 1497 2264 1621 2346; x_wconf 87' lang='grc' dir='ltr'><strong><em>τὴν</em></strong></span> <span class='ocrx_word' id='word_1_140' title='bbox 1659 2261 2311 2346; x_wconf 54' lang='grc' dir='ltr'><strong><em>ψααταπλέοντες,</em></strong></span> 
     </span>
     <span class='ocr_line' id='line_1_21' title="bbox 380 2365 2394 2451; baseline 0.002 -21"><span class='ocrx_word' id='word_1_141' title='bbox 380 2365 698 2449; x_wconf 80' lang='grc' dir='ltr'><strong><em>ἐξαίφνης</em></strong></span> <span class='ocrx_word' id='word_1_142' title='bbox 777 2367 1271 2432; x_wconf 84' lang='grc' dir='ltr'><strong><em>ἐποκελλόντων</em></strong></span> <span class='ocrx_word' id='word_1_143' title='bbox 1342 2377 1478 2432; x_wconf 84' lang='grc' dir='ltr'><strong><em>τῶν</em></strong></span> <span class='ocrx_word' id='word_1_144' title='bbox 1551 2378 1835 2451; x_wconf 79' lang='grc' dir='ltr'><strong><em>σκαφῶν</em></strong></span> <span class='ocrx_word' id='word_1_145' title='bbox 1908 2369 2313 2447; x_wconf 80' lang='grc' dir='ltr'><strong><em>ἀνελπίστως</em></strong></span> <span class='ocrx_word' id='word_1_146' title='bbox 2340 2387 2394 2428; x_wconf 78' lang='lat'><strong><em>2⁰</em></strong></span> 
     </span>
    </p>

    <p class='ocr_par' dir='ltr' id='par_1_7' title="bbox 310 2467 2314 2879">
     <span class='ocr_line' id='line_1_22' title="bbox 310 2467 2314 2558; baseline 0.003 -23"><span class='ocrx_word' id='word_1_147' title='bbox 310 2494 343 2543; x_wconf 82' lang='lat'><strong>5</strong></span> <span class='ocrx_word' id='word_1_148' title='bbox 379 2480 820 2554; x_wconf 85' lang='grc' dir='ltr'><strong><em>ναυαγοῦσιν·</em></strong></span> <span class='ocrx_word' id='word_1_149' title='bbox 903 2473 1071 2536; x_wconf 82' lang='grc' dir='ltr'><strong><em>ἔνιοι</em></strong></span> <span class='ocrx_word' id='word_1_150' title='bbox 1148 2467 1223 2536; x_wconf 75' lang='grc' dir='ltr'><strong><em>δὲ</em></strong></span> <span class='ocrx_word' id='word_1_151' title='bbox 1311 2473 1424 2537; x_wconf 78' lang='grc' dir='ltr'><strong><em>διὰ</em></strong></span> <span class='ocrx_word' id='word_1_152' title='bbox 1494 2472 1618 2556; x_wconf 82' lang='grc' dir='ltr'><strong><em>τὴν</em></strong></span> <span class='ocrx_word' id='word_1_153' title='bbox 1688 2477 2124 2558; x_wconf 89' lang='grc' dir='ltr'><strong><em>ταπεινότητα</em></strong></span> <span class='ocrx_word' id='word_1_154' title='bbox 2195 2483 2314 2558; x_wconf 82' lang='grc' dir='ltr'><strong><em>τῆς</em></strong></span> 
     </span>
     <span class='ocr_line' id='line_1_23' title="bbox 379 2577 2313 2665; baseline 0.002 -23"><span class='ocrx_word' id='word_1_155' title='bbox 379 2577 597 2663; x_wconf 83' lang='grc' dir='ltr'><strong><em>χώρας</em></strong></span> <span class='ocrx_word' id='word_1_156' title='bbox 654 2578 737 2644; x_wconf 86' lang='grc' dir='ltr'><strong><em>οὐ</em></strong></span> <span class='ocrx_word' id='word_1_157' title='bbox 796 2578 1160 2662; x_wconf 88' lang='grc' dir='ltr'><strong><em>δυνάμενοι</em></strong></span> <span class='ocrx_word' id='word_1_158' title='bbox 1223 2577 1626 2665; x_wconf 77' lang='grc' dir='ltr'><strong><em>προϊδέσθαι</em></strong></span> <span class='ocrx_word' id='word_1_159' title='bbox 1688 2580 1814 2663; x_wconf 83' lang='grc' dir='ltr'><strong><em>τὴν</em></strong></span> <span class='ocrx_word' id='word_1_160' title='bbox 1867 2588 1997 2663; x_wconf 79' lang='grc' dir='ltr'><strong><em>γῆν</em></strong></span> <span class='ocrx_word' id='word_1_161' title='bbox 2058 2582 2313 2646; x_wconf 90' lang='grc' dir='ltr'><strong><em>λανθά-</em></strong></span> 
     </span>
     <span class='ocr_line' id='line_1_24' title="bbox 384 2681 2310 2769; baseline 0.001 -20"><span class='ocrx_word' id='word_1_162' title='bbox 384 2700 629 2749; x_wconf 89' lang='grc' dir='ltr'><strong><em>νουσιν</em></strong></span> <span class='ocrx_word' id='word_1_163' title='bbox 673 2682 952 2761; x_wconf 82' lang='grc' dir='ltr'><strong><em>ἑαυτοὺς</em></strong></span> <span class='ocrx_word' id='word_1_164' title='bbox 996 2682 1420 2763; x_wconf 81' lang='grc' dir='ltr'><strong><em>ἐκπίπτοντες</em></strong></span> <span class='ocrx_word' id='word_1_165' title='bbox 1466 2686 1537 2751; x_wconf 78' lang='grc' dir='ltr'><strong><em>οἱ</em></strong></span> <span class='ocrx_word' id='word_1_166' title='bbox 1576 2681 1700 2769; x_wconf 73' lang='grc' dir='ltr'><strong><em>μὲν</em></strong></span> <span class='ocrx_word' id='word_1_167' title='bbox 1745 2687 1841 2762; x_wconf 85' lang='grc' dir='ltr'><strong><em>είς</em></strong></span> <span class='ocrx_word' id='word_1_168' title='bbox 1888 2684 2156 2763; x_wconf 80' lang='grc' dir='ltr'><strong><em>ἑλώδεις</em></strong></span> <span class='ocrx_word' id='word_1_169' title='bbox 2199 2685 2310 2752; x_wconf 85' lang='grc' dir='ltr'><strong><em>καὶ</em></strong></span> 
     </span>
     <span class='ocr_line' id='line_1_25' title="bbox 382 2789 2080 2879; baseline 0.001 -24"><span class='ocrx_word' id='word_1_170' title='bbox 382 2791 816 2875; x_wconf 81' lang='grc' dir='ltr'><strong><em>λιμνάζοντας</em></strong></span> <span class='ocrx_word' id='word_1_171' title='bbox 860 2793 1125 2874; x_wconf 88' lang='grc' dir='ltr'><strong><em>τόπους,</em></strong></span> <span class='ocrx_word' id='word_1_172' title='bbox 1173 2792 1246 2857; x_wconf 81' lang='grc' dir='ltr'><strong><em>οἰ</em></strong></span> <span class='ocrx_word' id='word_1_173' title='bbox 1288 2789 1349 2856; x_wconf 85' lang='grc' dir='ltr'><strong><em>δ’</em></strong></span> <span class='ocrx_word' id='word_1_174' title='bbox 1404 2793 1499 2869; x_wconf 82' lang='grc' dir='ltr'><strong><em>εἰς</em></strong></span> <span class='ocrx_word' id='word_1_175' title='bbox 1543 2792 1769 2878; x_wconf 81' lang='grc' dir='ltr'><strong><em>χώραν</em></strong></span> <span class='ocrx_word' id='word_1_176' title='bbox 1814 2794 2080 2879; x_wconf 82' lang='grc' dir='ltr'><strong><em>ἔρημον.</em></strong></span> 
     </span>
    </p>

    <p class='ocr_par' dir='ltr' id='par_1_8' title="bbox 310 2892 2392 3304">
     <span class='ocr_line' id='line_1_26' title="bbox 310 2892 2392 2983; baseline -0.001 -20"><span class='ocrx_word' id='word_1_177' title='bbox 310 2922 343 2971; x_wconf 83' lang='lat'>6</span> <span class='ocrx_word' id='word_1_178' title='bbox 598 2894 687 2963; x_wconf 80' lang='lat' dir='ltr'><strong><em>‘H</em></strong></span> <span class='ocrx_word' id='word_1_179' title='bbox 745 2895 867 2983; x_wconf 76' lang='grc' dir='ltr'><strong><em>μὲν</em></strong></span> <span class='ocrx_word' id='word_1_180' title='bbox 930 2892 1057 2964; x_wconf 82' lang='grc' dir='ltr'><strong><em>οὖν</em></strong></span> <span class='ocrx_word' id='word_1_181' title='bbox 1121 2904 1463 2981; x_wconf 82' lang='grc' dir='ltr'><strong><em>Αἴγυπτος</em></strong></span> <span class='ocrx_word' id='word_1_182' title='bbox 1523 2901 1946 2983; x_wconf 83' lang='grc' dir='ltr'><strong><em>πανταχόθεν</em></strong></span> <span class='ocrx_word' id='word_1_183' title='bbox 2011 2909 2311 2982; x_wconf 87' lang='grc' dir='ltr'><strong><em>φυσικῶς</em></strong></span> <span class='ocrx_word' id='word_1_184' title='bbox 2337 2917 2392 2960; x_wconf 78' lang='lat'><strong><em>25</em></strong></span> 
     </span>
     <span class='ocr_line' id='line_1_27' title="bbox 380 3001 2306 3093; baseline -0.001 -21"><span class='ocrx_word' id='word_1_185' title='bbox 380 3006 725 3092; x_wconf 82' lang='grc' dir='ltr'><strong><em>ὠχύρωται</em></strong></span> <span class='ocrx_word' id='word_1_186' title='bbox 787 3007 908 3071; x_wconf 88' lang='grc' dir='ltr'><strong><em>τὸν</em></strong></span> <span class='ocrx_word' id='word_1_187' title='bbox 969 3003 1324 3091; x_wconf 82' lang='grc' dir='ltr'><strong><em>εἰρημένον</em></strong></span> <span class='ocrx_word' id='word_1_188' title='bbox 1386 3006 1668 3090; x_wconf 83' lang='grc' dir='ltr'><strong><em>τρόπον,</em></strong></span> <span class='ocrx_word' id='word_1_189' title='bbox 1731 3014 1824 3093; x_wconf 76' lang='grc' dir='ltr'><strong><em>τῷ</em></strong></span> <span class='ocrx_word' id='word_1_190' title='bbox 1891 3001 1967 3071; x_wconf 74' lang='grc' dir='ltr'><strong><em>δὲ</em></strong></span> <span class='ocrx_word' id='word_1_191' title='bbox 2029 3007 2306 3090; x_wconf 88' lang='grc' dir='ltr'><strong><em>σχήματι</em></strong></span> 
     </span>
     <span class='ocr_line' id='line_1_28' title="bbox 378 3107 2310 3200; baseline 0 -22"><span class='ocrx_word' id='word_1_192' title='bbox 378 3115 767 3200; x_wconf 83' lang='grc' dir='ltr'><strong><em>παραμήκης</em></strong></span> <span class='ocrx_word' id='word_1_193' title='bbox 831 3107 1001 3178; x_wconf 82' lang='grc' dir='ltr'><strong><em>οὖσα</em></strong></span> <span class='ocrx_word' id='word_1_194' title='bbox 1061 3113 1411 3196; x_wconf 86' lang='grc' dir='ltr'><strong><em>δισχιλίων</em></strong></span> <span class='ocrx_word' id='word_1_195' title='bbox 1473 3107 1596 3195; x_wconf 73' lang='grc' dir='ltr'><strong><em>μὲν</em></strong></span> <span class='ocrx_word' id='word_1_196' title='bbox 1650 3112 1944 3178; x_wconf 90' lang='grc' dir='ltr'><strong><em>σταδίων</em></strong></span> <span class='ocrx_word' id='word_1_197' title='bbox 1999 3113 2131 3198; x_wconf 81' lang='grc' dir='ltr'><strong><em>ἔχει</em></strong></span> <span class='ocrx_word' id='word_1_198' title='bbox 2184 3113 2310 3197; x_wconf 87' lang='grc' dir='ltr'><strong><em>τὴν</em></strong></span> 
     </span>
     <span class='ocr_line' id='line_1_29' title="bbox 377 3214 2307 3304; baseline 0.001 -21"><span class='ocrx_word' id='word_1_199' title='bbox 377 3219 920 3303; x_wconf 86' lang='grc' dir='ltr'><strong><em>παραθαλάττιον</em></strong></span> <span class='ocrx_word' id='word_1_200' title='bbox 983 3217 1312 3304; x_wconf 89' lang='grc' dir='ltr'><strong><em>πλευράν,</em></strong></span> <span class='ocrx_word' id='word_1_201' title='bbox 1378 3218 1472 3294; x_wconf 80' lang='grc' dir='ltr'><strong><em>εἰς</em></strong></span> <span class='ocrx_word' id='word_1_202' title='bbox 1536 3219 1886 3301; x_wconf 87' lang='grc' dir='ltr'><strong><em>μεσόγειον</em></strong></span> <span class='ocrx_word' id='word_1_203' title='bbox 1953 3214 2012 3282; x_wconf 88' lang='grc' dir='ltr'><strong><em>δ’</em></strong></span> <span class='ocrx_word' id='word_1_204' title='bbox 2077 3218 2307 3303; x_wconf 82' lang='grc' dir='ltr'><strong><em>ἀνήκει</em></strong></span> 
     </span>
    </p>
   </div>
   <div class='ocr_carea' id='block_1_3' title="bbox 523 3446 1690 3518">
    <p class='ocr_par' dir='ltr' id='par_1_9' title="bbox 523 3446 1690 3518">
     <span class='ocr_line' id='line_1_30' title="bbox 523 3446 1690 3518; baseline 0.006 -21"><span class='ocrx_word' id='word_1_205' title='bbox 523 3452 587 3498; x_wconf 82' lang='lat'><strong><em>12</em></strong></span> <span class='ocrx_word' id='word_1_206' title='bbox 627 3449 974 3515; x_wconf 84' lang='grc' dir='ltr'><strong><em>παρατονίου</em></strong></span> <span class='ocrx_word' id='word_1_207' title='bbox 1010 3448 1059 3501; x_wconf 95' lang='lat' dir='ltr'>D</span> <span class='ocrx_word' id='word_1_208' title='bbox 1205 3446 1415 3518; x_wconf 80' lang='grc' dir='ltr'><strong><em>ἰόππης</em></strong></span> <span class='ocrx_word' id='word_1_209' title='bbox 1452 3448 1690 3505; x_wconf 74' lang='lat' dir='ltr'>codices.</span> 
     </span>
    </p>
   </div>
  </div>
 </body>
</html>
