2569 4061
399 262 531 328 306
1069 259 1379 315 DIODORI
1417 259 1650 315 SICULI

396 435 518 492 τοῦ
562 427 717 508 βίον
760 422 949 500 τέλος
993 423 1077 488 ού
1123 425 1335 506 μόνον
1379 421 1761 506 παράδοξον
1807 423 2108 506 ἔχουσιν,
2157 423 2325 489 ἀλλὰ

394 530 504 597 καὶ
565 530 835 594 πάντων
900 529 1365 613 ἀκληρότατον.
1457 528 1618 593 ὅταν
1671 528 1798 612 γὰρ
1863 519 2187 614 πλησιάζῃ
2242 532 2319 596 τὸ

392 644 628 719 γῆρας,
685 634 1056 720 ἐμφύονται
1123 645 1264 711 τοῖς
1328 634 1586 718 σώμασι
1648 633 1971 719 πτερωτοὶ
2035 642 2318 722 φθεῖρες

392 741 475 807 οὐ
548 744 758 826 μόνον
818 742 1135 827 διάφοροι
1207 751 1349 817 τοῖς
1421 740 1697 822 εἴδεσιν,
1763 739 1930 805 ἀλλὰ
1992 739 2105 806 καὶ
2166 752 2310 820 ταῖς

322 870 353 919 6
393 846 601 927 ἰδέαις
663 850 885 934 ἄγριοι
937 847 1048 914 καὶ
1111 852 1449 923 παντελῶς
1503 848 1844 931 εἰδεχθεῖς.
1938 848 2310 933 ἀρξάμενον
2345 868 2374 910 5

391 952 466 1021 δὲ
527 957 602 1021 τὸ
665 957 872 1021 κακὸν
936 955 1063 1020 ἀπὸ
1125 963 1241 1037 τῆς
1302 955 1587 1039 γαστρὸς
1647 952 1761 1019 καὶ
1818 963 1940 1019 τοῦ
2003 955 2317 1041 θώρακος

388 1060 759 1146 ἐπινέμεται
803 1062 1019 1126 πάντα
1061 1062 1181 1126 τὸν
1228 1062 1432 1143 όγκον
1478 1059 1551 1126 ἐν
1597 1060 1800 1148 ὀλίγῳ
1848 1063 2084 1150 χρόνῳ.
2161 1062 2196 1128 ὁ
2237 1059 2311 1128 δὲ

386 1170 658 1252 πάσχων
704 1168 778 1232 τὸ
825 1163 947 1249 μὲν
989 1178 1254 1252 πρῶτον
1293 1167 1383 1244 ῶς
1426 1167 1556 1232 ὑπὸ
1602 1167 1832 1252 ψώρας
1867 1170 2049 1244 τινὸς
2091 1167 2307 1254 ἐρεθι-

388 1277 655 1358 ζόμενος
690 1276 970 1358 μετρίως
996 1273 1367 1353 ὀδαξᾶσθαι
1405 1278 1867 1358 φιλοτιμεῖται,
1905 1274 2311 1360 μεμιγμένην

385 1381 652 1463 ἔχοντος
703 1388 826 1444 τοῦ
870 1380 1137 1456 πάθους
1190 1378 1514 1463 ἀλγηδόσι
1558 1380 1680 1463 τὴν
1733 1380 1973 1464 χαράν·
2028 1383 2191 1465 μετὰ
2235 1378 2311 1447 δὲ
2340 1401 2395 1440 10

382 1493 589 1550 ταῦτα
633 1483 736 1550 ἀεὶ
780 1490 1033 1571 μᾶλλον
1069 1497 1204 1551 τῶν
1250 1484 1705 1570 ἐγγενομένων
1748 1489 2012 1571 θηρίων
2050 1489 2144 1564 είς
2179 1490 2410 1572 τὴνι96

383 1590 775 1676 ἐπιφάνειαν
821 1591 1272 1658 ἐκπιπτόντων
1311 1603 1722 1678 συνεκχεῖται
1766 1596 2029 1677 πλῆθος
2067 1597 2305 1680 ἰχῶρος

380 1702 643 1783 λεπτοῦ,
690 1700 813 1783 τὴν
860 1700 1225 1784 δριμύτητα
1269 1706 1608 1778 παντελῶς
1652 1701 1922 1784 ἔχοντος
1967 1699 2302 1785 ἀνυπομό-

308 1823 339 1874 7
377 1829 600 1891 νητον.
685 1808 915 1891 διόπερ
964 1806 999 1872 ὁ
1049 1808 1491 1890 συνεχόμενος
1534 1815 1626 1894 τῷ
1672 1808 1878 1872 πάθει
1922 1810 2298 1893 βιαιότερον

378 1910 647 1997 ἀμύττει
674 1924 815 1991 τοῖς
840 1912 1050 1996 ὄνυξι,
1081 1915 1490 1997 στεναγμοὺς
1525 1913 1854 1996 μεγάλους
1887 1912 2292 1997 προϊέμενος.
2323 1931 2380 1974 15

388 2021 551 2086 κατὰ
589 2015 663 2085 δὲ
707 2020 824 2097 τὰς
857 2028 992 2085 τῶν
1036 2029 1278 2105 χειρῶν
1315 2018 1692 2098 ἐξελκώσεις
1727 2026 2004 2086 τοσοῦτο
2041 2019 2303 2105 πλῆθος

377 2125 669 2193 ἐκπίπτει
704 2137 839 2192 τῶν
878 2125 1167 2213 ἑρπετῶν
1206 2127 1373 2192 ὥστε
1419 2123 1629 2211 μηδὲν
1668 2126 1901 2192 ἀνύειν
1945 2130 2103 2205 τοὺς
2140 2127 2299 2194 ἀπο-

375 2230 721 2317 λέγοντας,
788 2234 876 2310 ῶς
930 2232 1014 2298 ἂν
1078 2234 1300 2299 ἀλλων
1356 2228 1454 2298 ἐπ’
1508 2234 1734 2309 ἄλλοις
1792 2232 2294 2318 ἐκφαινομένων

372 2341 677 2426 καθάπερ
705 2342 779 2406 ἔκ
813 2364 996 2418 τινος
1030 2340 1304 2423 ἀγγείου
1331 2344 1676 2424 πολλαχῶς
1709 2341 2298 2427 κατατετρημένου.

373 2440 561 2512 οὗτοι
615 2443 738 2531 μὲν
783 2442 908 2513 οὖν
962 2449 1056 2522 εἰς
1100 2447 1418 2531 τοιαύτην
1465 2447 1775 2512 διάλυσιν
1828 2456 1950 2513 τοῦ
1997 2449 2299 2533 σώματος
2325 2464 2383 2508 20

371 2551 900 2636 καταστρέφουσι
963 2553 1081 2617 τὸν
1144 2554 1298 2634 βίον
1363 2553 1734 2638 δυστυχῶς,
1799 2560 1928 2619 εἴτε
1984 2554 2108 2619 -διά
2169 2556 2292 2639 τὴν

372 2656 670 2739 ἰδιότητα
732 2665 847 2740 τῆς
907 2665 1162 2742 τροφῆς
1225 2665 1355 2725 εἴτε
1417 2660 1528 2724 διὰ
1591 2661 1710 2725 τὸν
1765 2658 1925 2745 ἀέρα
1984 2662 2293 2745 τοιαύτης

295 2849 304 2856 ἡ
368 2762 808 2847 τυγχάνοντες
850 2767 1279 2849 περιπετείας.
1954 2791 1960 2796 ·

262 2867 348 2933 30
555 2872 659 2958 Τῷ
727 2866 800 2935 δὲ
864 2873 1051 2937 ἔθνει
1113 2872 1328 2961 τούτω
1392 2873 1576 2958 χώρα
1639 2876 1918 2959 παρήκει
1990 2876 2154 2939 κατά
2215 2876 2291 2940 τὸ

365 2973 653 3062 μέγεθος
705 2979 915 3062 πολλὴ
969 2977 1082 3043 καὶ
1140 2980 1308 3045 κατὰ
1360 2981 1478 3056 τὰς
1528 2989 1644 3063 τῆς
1697 2989 1905 3065 νομῆς
1958 2985 2288 3059 ποικιλίας
2316 2998 2385 3049 25.

366 3084 614 3169 ἀγαθή·
654 3087 894 3171 ἕρημος
931 3083 993 3150 δ’
1029 3083 1166 3150 ἐστὶ
1203 3084 1315 3152 καὶ
1342 3090 1680 3163 παντελῶς
1716 3088 1981 3171 ἄβατος,
2010 3087 2134 3153 οὐκ
2169 3086 2278 3153 ἀπ’

365 3189 567 3275 ἀρχῆς
607 3195 1010 3270 σπανίζουσα
1055 3201 1175 3257 τοῦ
1220 3191 1459 3275 γένους
1494 3202 1630 3258 τῶν
1675 3192 2087 3280 ἀνθρώπων,
2136 3189 2280 3259 ἀλλ’

363 3292 437 3357 έν
481 3305 621 3370 τοῖς
656 3296 941 3381 ὕστερον
976 3299 1244 3381 χρόνοις
1280 3299 1354 3363 ἔκ
1389 3320 1571 3374 τινος
1608 3297 1971 3384 ἐπομβρίας
2007 3298 2286 3385 ἀκαίρου

289 3410 321 3457 2
358 3402 617 3480 πλῆθος
637 3404 1028 3483 φαλαγγίων
1054 3400 1166 3466 καὶ
1186 3406 1524 3488 σκορπίων
1553 3402 1962 3487 ἐξενέγκασα.
2000 3415 2281 3472 τοσοῦτο

500 3520 532 3565 2
569 3515 849 3587 πλησιάσῃ
887 3520 1038 3588 vulg.
1186 3529 1218 3577 9
1257 3519 1574 3589 ὅδάξεσθαι
1613 3522 1781 3580 Dind.
