2569 4061
862 341 961 396 DE
1002 339 1401 399 CODICIBUS.
2017 343 2099 398 IX

148 511 264 571 ubi
308 510 381 569 in
425 508 484 568 A
528 507 785 570 totidem
827 508 1016 569 verba
1067 507 1302 584 desunt,
1347 514 1495 588 quot
1538 511 1603 571 in
1647 510 1701 571 D
1751 530 1870 571 uno
1914 529 2096 572 versu

151 606 754 683 comprehenduntur
768 624 783 666 ε

151 846 253 904 III
310 846 416 921 72,
446 846 484 904 3
512 841 577 904 τὸ
605 839 706 903 καὶ
738 875 813 884 --
849 842 1077 923 χρόνων

155 941 252 1001 IV
306 942 414 1017 37,
445 944 481 1000 2
519 939 959 1021 καταφυγόντες
994 973 1072 982 -

300 1034 510 1115 ἔτυχον

156 1134 252 1194 IV
307 1136 412 1208 76,
442 1136 479 1194 5
526 1134 749 1215 πρίζων
777 1167 850 1178 -
877 1131 1078 1207 ἔδοξεν
1873 1206 1886 1215 1

158 1231 252 1292 IV
304 1232 411 1305 45,
443 1234 479 1290 2
1007 1292 1015 1297 ,
1510 1228 1676 1296 ἔπειτ’
1721 1228 2055 1313 Ἀρτέμιδος
2084 1224 2098 1314 Ι

601 1326 760 1408 ἱερὸν
807 1324 1241 1407 ἱδρυσαμένην,
1296 1328 1396 1389 καὶ
1439 1330 1578 1404 τοὺς
1620 1326 2054 1402 καταπλέοντας
2085 1322 2097 1411 Ι

1138 915 1380 957 versum
1444 899 1746 975 complent
1812 899 1876 959 in
1931 899 2004 974 D,

215 749 254 807 I
305 748 415 824 35,
448 750 481 806 1
531 745 635 807 τόν
670 768 730 806 τε
766 743 848 788 ’-
892 745 1078 807 ἵππον

1092 775 1360 1180 =omissa
1403 995 1468 1055 in
1513 996 1570 1054 A

601 1421 808 1497 ξένους
850 1425 1119 1486 θύεσθαι
1163 1433 1230 1507 τῇ
1277 1430 1406 1512 θεῷ
1449 1428 1506 1486 D

600 1517 766 1582 ἔπειτ’
820 1516 1111 1603 Ἀρτέμιδι
1160 1519 1369 1596 ξένους
1422 1523 1687 1586 θύεσθαι
1731 1526 1812 1608 τῷ
1866 1526 1996 1608 θεῷ
2040 1524 2100 1584 A

350 1670 463 1731 His
528 1672 802 1749 quamvis
864 1671 1074 1748 paucis
1138 1673 1287 1733 locis
1348 1674 1497 1734 satis
1562 1693 1857 1751 superque
1921 1675 2102 1735 credo

169 1768 651 1831 demonstratum
706 1771 801 1828 est
856 1767 1120 1829 codicem
1164 1769 1222 1828 A
1265 1771 1527 1847 pendere
1583 1790 1656 1830 ex
1701 1765 1856 1850 D*)‚
1918 1771 2104 1830 simul

167 1885 315 1929 vero
369 1869 543 1942 patet
594 1885 714 1926 non
769 1886 842 1926 ex
894 1869 1026 1945 ipso
1074 1868 1128 1926 D
1176 1869 1545 1944 descriptum
1603 1885 1753 1929 esse.
1843 1866 2002 1926 Nam
2048 1866 2104 1926 si

153 1958 457 2026 ‚librarius
504 1963 562 2022 A
607 1965 739 2042 ipso
783 1964 840 2023 D
885 1985 994 2043 pro
1042 1966 1370 2044 exemplari
1415 1983 1561 2025 usus
1608 1967 1799 2039 esset,
1853 1965 2102 2023 lacunas

170 2064 342 2124 velut
388 2061 479 2120 IV
516 2064 621 2140 45,
662 2065 698 2121 2
745 2082 866 2124 non
912 2084 1021 2125 suo
1067 2066 1264 2127 Marte
1311 2064 1551 2140 explere
1605 2064 1705 2124 vel
1748 2062 1953 2139 potius
2000 2061 2103 2122 ob·

169 2162 383 2237 tegere
421 2159 771 2221 studuisset.
816 2160 1102 2238 Idemque
1140 2162 1389 2224 docetur
1425 2161 1539 2220 hac
1574 2160 1833 2221 ratione:
1882 2160 2102 2231 Quam·

174 2275 356 2334 quam
404 2257 679 2317 omnibus
724 2257 890 2332 locis,
936 2276 1086 2334 quos
1131 2258 1307 2319 modo
1346 2257 1683 2334 attulimus,
1728 2257 1791 2316 in
1839 2257 2103 2319 editione

171 2353 543 2432 Wesselingi
589 2353 808 2414 codicis
853 2353 905 2411 B
952 2371 1251 2430 nusquam
1296 2353 1521 2413 mentio
1567 2353 1663 2430 fit,
1708 2371 1853 2414 cave
1897 2357 2104 2413 tamen

172 2470 247 2512 ne
295 2470 370 2511 ex
415 2452 528 2510 hoc
574 2450 813 2511 silentio
861 2468 1063 2511 sumas
1125 2449 1390 2513 codicem
1433 2450 1485 2509 B
1531 2449 1619 2509 ibi
1665 2468 1939 2512 servasse
1982 2450 2101 2510 lec·

171 2550 370 2610 tiones
415 2550 705 2627 integrae.
777 2548 1073 2609 Muratori
1119 2550 1277 2610 enim
1324 2549 1583 2627 collatiQ
1628 2550 1700 2607 ut
1744 2547 1869 2608 iam
1916 2566 2107 2624 supra

54 2669 57 2702 ι
174 2647 548 2724 monuimus,
609 2649 736 2706 tam
790 2647 986 2706 multa
1042 2647 1284 2724 reticet,
1349 2650 1421 2705 ut
1475 2647 1531 2706 ei
1582 2644 1699 2705 loci
1762 2643 2105 2721 inquirendi

54 2711 57 2798 fl
177 2745 325 2819 sint,
390 2744 498 2804 ubi
553 2743 793 2805 disertis
847 2743 1051 2804 verbis
1107 2744 1334 2805 dictum
1393 2746 1513 2818 est,
1578 2759 1733 2819 quae
1788 2742 1967 2803 lectio
2025 2742 2109 2801 sit

179 2842 400 2903 codicis
446 2841 519 2900 Β.
608 2840 760 2900 Rem
805 2859 986 2918 quam
1029 2840 1410 2918 paucissimis
1457 2840 1861 2901 absolvemus:

54 2901 57 3062 ἱ
177 2974 270 3034 ΠΙ
317 2977 380 3048 4,
412 2976 450 3035 3
499 2970 804 3050 φυλακήν]
851 2970 1094 3052 κρύφην
1137 2971 1247 3030 ΑΒ

54 3087 55 3090 ’
287 3074 391 3149 16,
421 3073 464 3130 4
510 3067 936 3150 προσεγγίζειν]
983 3068 1408 3150 προσπελάζειν
1450 3068 1560 3128 ΑΒ

54 3277 57 3352 f
323 3303 378 3372 ²¹²)
416 3300 529 3355 Vix
562 3300 877 3356 timendum
917 3302 1018 3369 est,
1055 3316 1127 3354 ne
1166 3299 1291 3370 quis
1329 3297 1460 3352 huic
1498 3297 1811 3354 sententiae
1842 3296 2109 3364 opponat,

182 3381 332 3452 quod
361 3380 540 3436 codex
567 3383 617 3436 A
644 3380 723 3436 IV
751 3387 839 3449 68,
869 3386 902 3434 3
930 3396 1073 3436 unus
1098 3381 1251 3435 recte
1281 3378 1448 3448 (falso
1476 3379 1673 3432 tamen
1699 3376 1847 3443 loco)
1878 3371 2114 3426 exhibet

180 3477 388 3517 nomen
415 3460 642 3530 Νηλεύς
677 3460 849 3518 facile
888 3476 955 3514 ex
983 3475 1151 3514 sensu
1177 3459 1463 3527 repertum
1489 3471 1671 3523 neque
1700 3452 1853 3521 quod
1879 3450 1931 3503 V
1958 3454 2045 3513 66,
2076 3452 2113 3499 6

181 3541 351 3597 valde
388 3540 654 3596 abhorret
681 3540 753 3596 ab
780 3540 849 3609 D,
889 3536 1159 3594 videlicet
1183 3536 1244 3591 in
1270 3536 1525 3593 versibus
1550 3530 1788 3587 Hesiodi
1815 3544 1851 3580 a
1875 3524 2114 3579 librario

181 3623 233 3675 A
268 3619 455 3677 alieno
493 3616 703 3674 auxilio
740 3614 1069 3673 emendatis.
