2569 4061
1000 335 1080 389 1V
1117 340 1202 391 53.
1235 342 1321 392 54.
2019 337 2150 403 481

226 495 340 565 καὶ
395 507 616 564 πᾶσαν
670 496 980 564 ἐπελθεῖν
1038 498 1164 583 τὴν
1218 497 1619 583 οἰκουμένην
1677 500 2155 586 εὐεργετοῦντα

225 607 304 671 τὸ
358 604 555 689 γένος
620 616 755 670 τῶν
820 604 1227 690 ἀνθρώπων·
1291 601 1449 669 ἀνθ’
1512 599 1609 669 ὧν
1664 616 1887 689 τυχεῖν
1947 607 2156 672 αὐτὸν

229 708 805 795 συμφωνουμένης
869 709 1260 787 ἀθανασίας.
1353 711 1511 786 τοὺς
1571 706 1644 774 δὲ
1708 712 1983 793 ποιητὰς
2043 712 2156 776 διὰ

227 818 351 902 τὴν
408 820 674 901 συνήθη
730 818 1203 903 τερατολογίαν
1257 820 1725 899 μυθολογῆσαι
1780 819 1991 900 μόνον
2036 820 2154 883 τὸν

142 940 172 981 5
219 921 548 1011 Ἡρακλέα
592 922 703 989 καὶ
746 924 1009 1007 γυμνὸν
1055 922 1279 988 ὅπλων
1320 919 1581 989 τελέσαι
1625 924 1784 999 τοὺς
1828 927 2155 1007 τεθρυλη-

228 1030 472 1116 μένους
518 1031 790 1106 ἄθλους.

398 1135 596 1202 Ἀλλά
649 1133 801 1217 περὶ
854 1132 979 1219 μὲν
1035 1143 1156 1200 τοῦ
1207 1142 1382 1201 θεοῦ
1434 1135 1680 1201 τούτου
1723 1137 1804 1201 τὰ
1854 1140 2155 1221 μυθολο-
2174 1135 2263 1202 54

226 1244 526 1328 γούμενα
555 1242 770 1307 πάντα
798 1242 1188 1327 διήλθομεν,
1227 1240 1387 1307 νυνὶ
1426 1238 1499 1307 δὲ
1538 1241 1952 1329 προσθετέον
1990 1243 2155 1327 ἡμῖν

226 1347 337 1414 καὶ
384 1345 552 1433 ὑπὲρ
601 1346 893 1424 Ἰάσονος
936 1349 1056 1413 τὸν
1116 1348 1642 1433 ὑπολειπόμενον
1688 1352 1909 1433 λόγον.
1988 1346 2155 1436 φασὶ

146 1471 202 1514 10
228 1457 356 1541 γὰρ
388 1454 595 1520 αὐτὸν
622 1453 696 1519 ἐν
725 1456 1049 1543 Κορίνθῳ
1077 1463 1513 1520 κατοικοῦντα
1540 1454 1651 1520 καὶ
1686 1439 2154 1541 συμβιώσαντα

232 1562 503 1643 δεκαετῆ
550 1562 799 1646 χρόνον
843 1562 1114 1648 Μηδείᾳ
1160 1568 1478 1646 γεννῆσαι
1527 1563 1768 1639 παῖδας
1813 1562 1880 1641 ἐξ
1930 1564 2152 1650 αὐτῆς,

229 1668 387 1743 τοὺς
432 1662 556 1751 μὲν
612 1667 1109 1752 πρεσβυτάτους
1156 1668 1280 1732 δύο
1339 1667 1663 1751 διδύμους
1711 1671 2041 1734 Θετταλόν
2084 1693 2154 1734 τε

229 1770 340 1837 καὶ
381 1767 800 1857 Ἀλκιμένην,
847 1775 967 1838 τὸν
1015 1769 1087 1838 δὲ
1137 1769 1364 1860 τ’ρίτον
1409 1775 1583 1839 πολὺ
1630 1773 1956 1861 νεώτερον
2000 1776 2153 1839 τού-

229 1902 366 1971 των
419 1880 815 1964 Τίσανδρον.
897 1887 1140 1944 τοῦτον
1185 1875 1309 1963 μὲν
1355 1873 1481 1943 οὖν
1523 1880 1642 1944 τὸν
1686 1881 1934 1965 χρόνον
1981 1879 2154 1946 ἰστο-
2192 1900 2223 1949 2

156 1999 208 2042 1⁶
236 1994 474 2073 ροῦσιν
521 1984 856 2070 ἀποδοχῆς
912 1983 1287 2069 ἀξιωθῆναι
1329 1985 1452 2069 τὴν
1497 1985 1810 2070 Μήδειαν
1856 1984 1987 2052 ὑπὸ
2033 1994 2156 2053 τοῦ

234 2090 477 2178 ἀνδρὸς
533 2093 646 2157 διὰ
699 2092 776 2157 τὸ
833 2093 921 2177 μὴ
978 2095 1192 2176 μόνον
1245 2092 1471 2185 κάλλει
1519 2089 1867 2177 διαφέρειν
1921 2089 2153 2178 αὐτήν,

235 2194 402 2260 ἀλλὰ
445 2195 556 2262 καὶ
594 2199 1002 2285 σωφροσύνῃ
1047 2196 1159 2263 καὶ
1201 2208 1347 2275 ταῖς
1391 2200 1620 2275 ἄλλαις
1665 2197 1926 2284 ἀρεταῖς
1969 2223 2154 2266 κεκο-

235 2308 558 2386 σμῆσθαι·
622 2306 782 2388 μετὰ
837 2301 913 2369 δὲ
974 2313 1182 2369 ταῦτα
1237 2301 1339 2369 ἀεὶ
1404 2309 1657 2388 μᾶλλον
1720 2312 1842 2370 τοῦ
1903 2307 2154 2391 χρόνου

231 2408 358 2491 τὴν
397 2411 691 2494 φυσικὴν
735 2408 1135 2497 εὐπρέπειαν
1171 2408 1697 2497 ἀφαιρουμένου,
1744 2408 2000 2495 λέγεται
2035 2413 2155 2478 τὸν

154 2531 207 2571 20
227 2511 490 2579 Ἰάσονα
530 2515 832 2599 Γλαύκης
877 2514 1250 2602 ἐρασθέντα
1293 2525 1408 2601 τῆς
1444 2516 1781 2602 Κρέοντος
1814 2521 2156 2604 θυγατρὸς

231 2629 639 2706 μνηστεῦσαι
683 2622 808 2705 τὴν
842 2621 1207 2708 παρθένον.
1277 2616 1866 2709 συγκαταθεμένου
1912 2621 1987 2690 δὲ
2030 2634 2152 2691 τοῦ
2191 2647 2223 2694 3

229 2729 478 2813 πατρὸς
532 2725 644 2793 καὶ
700 2727 1016 2809 τάξαντος
1069 2726 1324 2817 ἡμέραν
1377 2738 1517 2807 τοῖς
1575 2731 1841 2815 γάμοις,
1895 2733 1970 2796 τὸ
2030 2727 2155 2816 μὲν

230 2843 498 2919 πρῶτον
542 2832 979 2919 ἐπιβαλέσθαι
1027 2833 1235 2918 φασὶν
1283 2834 1490 2902 αὐτὸν
1534 2839 1799 2903 πείθειν
1842 2838 1965 2920 τὴν
2004 2840 2154 2921 Μή·-

232 2940 420 3005 δειαν
456 2938 777 3019 ἑκουσίως
820 2950 1297 3029 παραχωρῆσαι
1332 2952 1447 3026 τῆς
1494 2945 1945 3026 συμβιώσεως·
1992 2943 2152 3025 βού-

154 3061 205 3102 25
232 3050 471 3110 λεσθαι
517 3047 643 3132 γὰρ
690 3047 898 3112 αὐτὸν
941 3058 1179 3132 γαμεῖν
1231 3045 1354 3113 οὐκ
1399 3048 1982 3132 ἀποδοκιμάσαντα
2026 3046 2151 3128 τὴν

232 3149 397 3235 πρὸς
453 3148 663 3233 αὐτὴν
718 3151 1013 3237 ὁμιλίαν,
1072 3152 1238 3217 ἀλλὰ
1282 3162 1424 3230 τοῖς
1475 3150 1730 3228 τέκνοις
1777 3150 2152 3216 σπεύδοντα

409 3366 440 3414 9
479 3360 577 3414 καὶ
615 3377 725 3417 om.
763 3360 915 3431 vulg.
1025 3353 1482 3433 ἀπολειπόμενον
1517 3361 1571 3415 11
1692 3367 1758 3415 21
1799 3355 2149 3428 μνηστεύσα-

233 3435 374 3486 σθαι
409 3432 458 3486 D
485 3499 498 3518 ,
560 3437 628 3487 25
668 3428 849 3514 αὖτρν
889 3432 1115 3522 scripsi,
1153 3429 1334 3519 αὐτὴν
1372 3434 1620 3501 οοάἱοθε,
1672 3428 1845 3519 &unp
1883 3431 2149 3517 {find-or&

229 3506 867 3629 Ξῖλέξιοὲηκηέἀμιανιεῗ
971 3506 1470 3574 αποδοκιμαζοντα
1505 3502 1559 3557 11
1680 3508 1748 3556 26
1787 3504 1929 3556 αλλα
1967 3501 2150 3571 Βιῃὰ,

333 3691 588 3733 Dtonontrs
615 3691 654 3734 1.
1761 3684 1826 3733 31
