2569 4061
375 180 713 238 LXXXVIII
926 179 1454 237 ARGUMENTUM
1491 179 1625 236 LIB.
1663 180 1758 235 III.

370 297 480 348 Gap.

373 365 457 416 63.
501 357 745 425 Quidam
791 359 909 413 tres
944 357 1195 414 Bacchos
1241 359 1525 415 exstitisse
1578 358 1788 413 dicunt.
1859 356 2301 427 Antiquissimus

551 437 717 494 Indus
753 437 1025 494 barbatus
1061 437 1233 494 fuisse
1270 439 1465 495 fertur.

373 523 458 572 64.
497 516 661 572 Alter
704 517 960 574 Bacchus
1009 518 1157 574 Iovis
1209 520 1268 574 et
1315 518 1686 589 Proserpinae
1741 519 1834 574 vel
1880 517 2096 574 Cereris
2149 517 2301 572 filius

552 596 784 667 fingitur
802 600 1085 655 cornutus.
1122 598 1345 653 Tertius
1372 599 1462 653 est
1478 595 1779 652 Thebanus
1798 597 1947 653 Iovis
1975 598 2034 652 et
2053 596 2301 651 Semeles

549 676 717 750 filius,
745 681 820 735 ob
841 679 1069 734 Iunonis
1087 677 1360 734 invidiam
1387 693 1489 747 per
1517 677 1776 733 abortum
1794 678 1959 733 natus
1989 680 2047 731 et
2073 677 2134 732 in
2152 676 2301 731 Iovis

552 758 766 816 femore
803 760 878 816 ad
913 758 1301 815 maturitatem
1326 756 1630 826 perductus
1659 758 1718 814 et
1741 756 1930 827 Nysae
1957 773 1993 812 a
2018 756 2302 827 Nymphis

553 838 840 895 educatus.
869 837 1222 893 Baccharum
1239 834 1473 907 agmina
1490 853 1590 906 per
1616 838 1894 893 terrarum
1914 837 2106 892 orbem
2128 835 2304 891 ducit.

378 923 464 975 65.
502 917 674 988 Impii
710 916 919 974 Bacchi
955 918 1370 986 contemptores
1407 916 1743 986 puniuntur,
1781 915 1930 972 inter
1967 932 2106 985 quos
2145 915 2301 970 nobi-

555 997 759 1052 lissimi
786 996 1084 1064 Pentheus,
1120 997 1471 1066 Myrrhanus,
1510 995 1814 1066 Lycurgus.
1866 993 2113 1065 Charopi
2140 1011 2302 1065 prae·

552 1077 654 1131 mii
689 1076 815 1132 loco
852 1074 1126 1131 Thraciae
1177 1093 1415 1147 regnum
1453 1078 1514 1131 et
1547 1076 1822 1147 mysteria
1856 1076 2096 1144 tradita,
2145 1076 2303 1129 cuius

552 1172 727 1225 nepos
766 1158 853 1211 est
881 1155 1139 1225 Orpheus
1177 1157 1572 1226 mysteriorum
1610 1173 1854 1226 praeses.
1910 1157 2166 1211 Bacchus
2200 1153 2304 1209 tri-

553 1235 833 1305 umphans
870 1251 939 1290 ex
974 1234 1137 1290 India
1171 1233 1393 1291 Thebas
1430 1234 1596 1291 redit.

373 1322 460 1371 66.
499 1314 778 1385 Regiones
829 1317 889 1370 et
941 1316 1108 1370 urbes
1167 1317 1680 1371 commemorantur
1734 1317 1804 1371 de
1849 1314 2061 1371 Bacchi
2114 1315 2306 1385 patria

554 1395 854 1449 certantes.
916 1392 1161 1464 Libycae
1201 1394 1272 1451 de
1313 1395 1533 1451 Baccho
1572 1396 1923 1451 narrationes
1960 1413 1995 1451 a
2030 1393 2304 1464 Dionysio

557 1472 799 1543 aliisque
837 1472 1063 1529 Graecis
1101 1474 1468 1545 scriptoribus
1508 1478 1783 1531 servatae.

375 1563 460 1613 67.
499 1554 675 1611 Linus
704 1553 1018 1611 carminum
1047 1556 1199 1625 apud
1226 1556 1472 1612 Graecos
1500 1557 1778 1611 inventor.
1832 1553 2117 1622 Hercules,
2158 1553 2304 1608 Tha-

554 1653 734 1707 myra,
771 1633 1025 1707 Orpheus
1055 1635 1321 1705 discipuli
1349 1638 1481 1691 sunt
1506 1636 1653 1691 Lini.
1702 1635 2048 1705 Pronapides
2076 1631 2305 1689 Homeri

552 1715 842 1784 magister.

376 1803 460 1853 68.
499 1795 590 1849 Ab
629 1794 711 1848 eis
746 1793 1045 1847 traduntur
1079 1794 1246 1847 haece
1293 1793 1536 1847 Ammon
1587 1807 1687 1846 rex
1723 1792 1933 1861 Libyae
1982 1808 2051 1847 ex
2086 1790 2305 1862 virgine

557 1871 864 1926 Amalthea
901 1887 1034 1925 casu
1071 1870 1266 1925 oblata
1301 1869 1501 1940 genuit
1535 1871 1714 1926 filium
1751 1870 2106 1941 (Bacchum),
2159 1870 2306 1927 clam

555 1951 617 2005 in
652 1951 848 2005 urbem
884 1949 1096 2018 Nysam
1133 1950 1484 2016 translatum,
1521 1952 1587 2005 ut
1621 1952 1779 2006 tutus
1817 1953 1970 2008 esset
2006 1952 2079 2007 ab
2117 1950 2306 2007 uxoris

555 2030 749 2088 Rheae
796 2029 1035 2086 insidiis.
1109 2030 1266 2102 Nysa
1303 2029 1418 2086 sita
1454 2032 1541 2087 est
1575 2032 1636 2086 in
1680 2030 1865 2088 insula
1908 2032 2304 2103 pulcherrima.

376 2120 463 2171 69.
501 2112 744 2170 Antrum
781 2111 1069 2180 Nysaeum
1107 2112 1345 2168 eximiae
1382 2112 1757 2168 amoenitatis.

378 2201 463 2251 70.
502 2194 757 2250 Bacchus
793 2192 856 2247 in
892 2194 1056 2249 antro
1094 2192 1521 2248 custodiebatur
1558 2192 1630 2247 ab
1659 2191 1920 2248 Aristaeo
1951 2194 2010 2247 et
2035 2193 2304 2261 Minerva,

559 2288 701 2342 quae
738 2273 798 2327 in
835 2274 1033 2328 eadem
1069 2271 1259 2327 insula
1296 2272 1370 2326 ad
1408 2287 1631 2326 amnem
1668 2271 1957 2327 Tritonem
1993 2277 2131 2328 nata
2168 2277 2305 2328 erat.

557 2350 754 2407 Obiter
770 2351 1055 2407 Minervae
1083 2352 1337 2406 facinora
1362 2353 1758 2418 memorantur,
1788 2351 2047 2420 inprimis
2072 2352 2306 2422 Aegidis

561 2431 797 2486 monstri
817 2431 1037 2499 caedes,
1068 2432 1140 2486 ob
1161 2447 1334 2499 quam
1352 2429 1749 2486 vindicandam
1770 2428 1893 2484 eius
1912 2432 2095 2486 mater
2113 2431 2306 2486 Tellus

558 2509 832 2580 Gigantes
869 2510 1091 2580 peperit
1107 2553 1121 2580 ,
1161 2511 1393 2565 deorum
1429 2509 1732 2565 acerrimos
1768 2511 1978 2568 hostes.
2050 2511 2306 2568 Bacchus

557 2605 697 2661 puer
733 2589 853 2645 vini
887 2590 1148 2646 inventor
1182 2588 1498 2659 vitiumque
1535 2590 1736 2645 cultor.

379 2677 465 2727 71.
503 2670 666 2727 Rhea
700 2685 944 2726 noverca
980 2671 1053 2727 ad
1088 2670 1319 2726 Titanes
1364 2668 1695 2740 revertitur,
1742 2673 1802 2726 et
1838 2670 2079 2729 Saturno
2115 2674 2310 2728 iuncta

558 2747 774 2805 bellum
819 2748 880 2804 in
925 2752 1261 2806 Ammonem
1308 2753 1513 2807 movet.
1596 2752 1838 2807 Ammon
1895 2754 2191 2822 superatus
2245 2753 2307 2807 in

560 2827 786 2885 Cretam
822 2829 1064 2886 insulam
1101 2829 1265 2900 fugit.
1334 2831 1443 2887 Sed
1471 2830 1725 2888 Bacchus
1762 2832 1990 2888 adiutus
2029 2832 2102 2887 ab
2139 2835 2305 2887 Ama-

558 2910 792 2966 zonibus
833 2911 890 2965 et
925 2910 1180 2967 Minerva
1215 2909 1449 2967 Titanes
1501 2911 1768 2967 debellat.
1839 2909 1892 2965 A
1929 2911 2110 2980 captis
2151 2910 2307 2966 Tita-

558 2990 742 3058 nibus,
781 3006 919 3060 quos
955 2990 1220 3046 libertate
1264 2989 1513 3060 donavit,
1553 2993 1618 3047 ut
1655 2991 1791 3046 deus
1830 2991 2112 3045 adoratur.
2168 2989 2306 3045 Inde

560 3068 853 3127 libationis
892 3069 1068 3141 origo.

388 3158 472 3208 72.
511 3149 660 3208 Belli
696 3149 838 3207 socii
872 3151 1099 3206 Baccho
1137 3150 1312 3206 etiam
1340 3149 1518 3205 Sileni
1556 3153 1731 3206 erant.
1795 3150 1859 3204 In
1896 3149 2035 3204 urbe
2062 3150 2309 3206 Zabirna

561 3228 810 3301 Campen
844 3231 1155 3286 monstrum
1191 3231 1531 3286 horrendum
1569 3229 1792 3299 occidit,
1831 3227 2133 3285 Saturnum
2160 3230 2307 3288 Rhe-

563 3325 768 3379 amque
806 3308 1000 3378 vincit,
1038 3311 1138 3366 sed
1174 3311 1241 3365 ut
1275 3311 1540 3380 parentes
1577 3307 1794 3378 pietate
1830 3309 1985 3373 coh't.

387 3392 471 3441 73.
510 3388 765 3444 Bacchus
812 3389 1006 3445 condit
1038 3389 1306 3445 Ammoni
1349 3389 1500 3459 patri
1545 3389 1851 3447 oraculum.
1927 3387 2037 3445 Cur
2072 3394 2309 3461 uterque

564 3470 829 3522 cornutus
865 3468 1126 3540 fingatur.
1192 3468 1452 3541 Aegypto
1481 3471 1673 3526 Iovem
1708 3487 1901 3542 regem
1937 3471 2193 3542 praeficit
2227 3473 2309 3528 vi-
