<?xml version="1.0" encoding="UTF-8"?>
<!DOCTYPE html PUBLIC "-//W3C//DTD XHTML 1.0 Transitional//EN"
    "http://www.w3.org/TR/xhtml1/DTD/xhtml1-transitional.dtd">
<html xmlns="http://www.w3.org/1999/xhtml" xml:lang="en" lang="en">
 <head>
  <title>
</title>
<meta http-equiv="Content-Type" content="text/html;charset=utf-8" />
  <meta name='ocr-system' content='tesseract 3.04.00' />
  <meta name='ocr-capabilities' content='ocr_page ocr_carea ocr_par ocr_line ocrx_word'/>
</head>
<body>
  <div class='ocr_page' id='page_1' title='image "./diodoribiblioth02dindgoog_0496.png"; bbox 0 0 2569 4061; ppageno 0'>
   <div class='ocr_carea' id='block_1_1' title="bbox 348 296 1595 365">
    <p class='ocr_par' dir='ltr' id='par_1_1' title="bbox 348 296 1595 365">
     <span class='ocr_line' id='line_1_1' title="bbox 348 296 1595 365; baseline -0.014 1"><span class='ocrx_word' id='word_1_1' title='bbox 348 299 480 365; x_wconf 84' lang='grc'><strong><em>396</em></strong></span> <span class='ocrx_word' id='word_1_2' title='bbox 1016 296 1326 353; x_wconf 85' lang='lat' dir='ltr'><strong>DIODORI</strong></span> <span class='ocrx_word' id='word_1_3' title='bbox 1363 296 1595 353; x_wconf 86' lang='lat' dir='ltr'>SICULI</span> 
     </span>
    </p>
   </div>
   <div class='ocr_carea' id='block_1_2' title="bbox 275 457 2401 2462">
    <p class='ocr_par' dir='ltr' id='par_1_2' title="bbox 275 457 2294 867">
     <span class='ocr_line' id='line_1_2' title="bbox 275 457 2293 547; baseline -0.001 -21"><span class='ocrx_word' id='word_1_4' title='bbox 275 477 308 526; x_wconf 78' lang='lat'>2</span> <span class='ocrx_word' id='word_1_5' title='bbox 348 459 423 529; x_wconf 64' lang='grc' dir='ltr'><strong><em>δὲ</em></strong></span> <span class='ocrx_word' id='word_1_6' title='bbox 470 461 906 546; x_wconf 87' lang='grc' dir='ltr'><strong><em>Πολύδωρον.</em></strong></span> <span class='ocrx_word' id='word_1_7' title='bbox 997 470 1077 547; x_wconf 74' lang='grc' dir='ltr'><strong><em>τῇ</em></strong></span> <span class='ocrx_word' id='word_1_8' title='bbox 1125 457 1200 526; x_wconf 76' lang='grc' dir='ltr'><strong><em>δὲ</em></strong></span> <span class='ocrx_word' id='word_1_9' title='bbox 1245 460 1511 545; x_wconf 79' lang='grc' dir='ltr'><em>Σεμέλῃ</em></span> <span class='ocrx_word' id='word_1_10' title='bbox 1560 460 1671 525; x_wconf 80' lang='grc' dir='ltr'><strong><em>διὰ</em></strong></span> <span class='ocrx_word' id='word_1_11' title='bbox 1726 461 1801 525; x_wconf 90' lang='grc' dir='ltr'><strong><em>τὸ</em></strong></span> <span class='ocrx_word' id='word_1_12' title='bbox 1856 460 2100 536; x_wconf 88' lang='grc' dir='ltr'><strong><em>κάλλος</em></strong></span> <span class='ocrx_word' id='word_1_13' title='bbox 2143 462 2293 524; x_wconf 88' lang='grc' dir='ltr'><strong><em>Δία</em></strong></span> 
     </span>
     <span class='ocr_line' id='line_1_3' title="bbox 345 565 2294 655; baseline -0.002 -21"><span class='ocrx_word' id='word_1_14' title='bbox 345 568 617 655; x_wconf 78' lang='grc' dir='ltr'><strong><em>μιγέντα</em></strong></span> <span class='ocrx_word' id='word_1_15' title='bbox 670 565 781 633; x_wconf 86' lang='grc' dir='ltr'><strong><em>καὶ</em></strong></span> <span class='ocrx_word' id='word_1_16' title='bbox 835 565 989 652; x_wconf 89' lang='grc' dir='ltr'><strong><em>μεθ’</em></strong></span> <span class='ocrx_word' id='word_1_17' title='bbox 1043 567 1323 652; x_wconf 78' lang='grc' dir='ltr'><strong><em>ἡσυχίας</em></strong></span> <span class='ocrx_word' id='word_1_18' title='bbox 1377 567 1787 652; x_wconf 80' lang='grc' dir='ltr'><strong><em>ποιούμενον</em></strong></span> <span class='ocrx_word' id='word_1_19' title='bbox 1843 569 1960 644; x_wconf 82' lang='grc' dir='ltr'><strong><em>τὰς</em></strong></span> <span class='ocrx_word' id='word_1_20' title='bbox 2021 566 2294 651; x_wconf 78' lang='grc' dir='ltr'><strong><em>ὁμιλίας</em></strong></span> 
     </span>
     <span class='ocr_line' id='line_1_4' title="bbox 347 668 2292 766; baseline -0.002 -25"><span class='ocrx_word' id='word_1_21' title='bbox 347 673 536 766; x_wconf 68' lang='grc' dir='ltr'><strong><em>δρξαι</em></strong></span> <span class='ocrx_word' id='word_1_22' title='bbox 579 685 1034 760; x_wconf 68' lang='grc' dir='ltr'><strong><em>καταφρονεῖν</em></strong></span> <span class='ocrx_word' id='word_1_23' title='bbox 1081 674 1308 758; x_wconf 67' lang='grc' dir='ltr'><strong><em>αὐτῆς*</em></strong></span> <span class='ocrx_word' id='word_1_24' title='bbox 1366 675 1600 759; x_wconf 80' lang='grc' dir='ltr'><strong><em>διόπερ</em></strong></span> <span class='ocrx_word' id='word_1_25' title='bbox 1655 668 1771 739; x_wconf 84' lang='grc' dir='ltr'><strong><em>ὑπ’</em></strong></span> <span class='ocrx_word' id='word_1_26' title='bbox 1824 674 2030 758; x_wconf 82' lang='grc' dir='ltr'><strong><em>αὐτῆς</em></strong></span> <span class='ocrx_word' id='word_1_27' title='bbox 2073 694 2292 758; x_wconf 88' lang='grc' dir='ltr'><strong><em>παρα-</em></strong></span> 
     </span>
     <span class='ocr_line' id='line_1_5' title="bbox 346 780 2293 867; baseline -0.002 -19"><span class='ocrx_word' id='word_1_28' title='bbox 346 786 682 867; x_wconf 83' lang='grc' dir='ltr'><strong><em>κληθῆναι</em></strong></span> <span class='ocrx_word' id='word_1_29' title='bbox 726 783 845 860; x_wconf 81' lang='grc' dir='ltr'><strong><em>τὰς</em></strong></span> <span class='ocrx_word' id='word_1_30' title='bbox 890 781 1245 858; x_wconf 76' lang='grc' dir='ltr'><strong><em>ἐπιπλοκὰς</em></strong></span> <span class='ocrx_word' id='word_1_31' title='bbox 1280 780 1517 864; x_wconf 88' lang='grc' dir='ltr'><strong><em>ὁμοίας</em></strong></span> <span class='ocrx_word' id='word_1_32' title='bbox 1551 786 1899 846; x_wconf 70' lang='grc' dir='ltr'><strong><em>ποιεῖσθαι</em></strong></span> <span class='ocrx_word' id='word_1_33' title='bbox 1934 791 2084 857; x_wconf 77' lang='grc' dir='ltr'><strong><em>ταῖς</em></strong></span> <span class='ocrx_word' id='word_1_34' title='bbox 2118 781 2293 865; x_wconf 90' lang='grc' dir='ltr'><strong><em>πρὸς</em></strong></span> 
     </span>
    </p>

    <p class='ocr_par' dir='ltr' id='par_1_3' title="bbox 276 881 2401 2037">
     <span class='ocr_line' id='line_1_6' title="bbox 276 881 2353 975; baseline -0.001 -22"><span class='ocrx_word' id='word_1_35' title='bbox 276 901 309 950; x_wconf 79' lang='grc'><strong>3</strong></span> <span class='ocrx_word' id='word_1_36' title='bbox 346 889 472 972; x_wconf 83' lang='grc' dir='ltr'><strong><em>τὴν</em></strong></span> <span class='ocrx_word' id='word_1_37' title='bbox 503 887 722 975; x_wconf 78' lang='grc' dir='ltr'><strong><em>Ι’Ἠραν</em></strong></span> <span class='ocrx_word' id='word_1_38' title='bbox 768 896 1317 974; x_wconf 76' lang='grc' dir='ltr'><strong><em>συμπεριφοραῖς.</em></strong></span> <span class='ocrx_word' id='word_1_39' title='bbox 1390 887 1510 952; x_wconf 89' lang='grc' dir='ltr'><strong><em>τὸν</em></strong></span> <span class='ocrx_word' id='word_1_40' title='bbox 1555 883 1679 971; x_wconf 76' lang='grc' dir='ltr'><strong><em>μὲν</em></strong></span> <span class='ocrx_word' id='word_1_41' title='bbox 1725 881 1851 952; x_wconf 82' lang='grc' dir='ltr'><strong><em>οὖν</em></strong></span> <span class='ocrx_word' id='word_1_42' title='bbox 1888 887 2025 951; x_wconf 90' lang='grc' dir='ltr'><strong><em>Δία</em></strong></span> <span class='ocrx_word' id='word_1_43' title='bbox 2071 907 2292 969; x_wconf 74' lang='grc' dir='ltr'><strong><em>παρα-</em></strong></span> <span class='ocrx_word' id='word_1_44' title='bbox 2323 903 2353 943; x_wconf 82' lang='grc'><strong>5</strong></span> 
     </span>
     <span class='ocr_line' id='line_1_7' title="bbox 350 991 2290 1080; baseline -0.003 -19"><span class='ocrx_word' id='word_1_45' title='bbox 350 999 718 1080; x_wconf 90' lang='grc' dir='ltr'><strong><em>γενόμενον</em></strong></span> <span class='ocrx_word' id='word_1_46' title='bbox 761 1001 1156 1079; x_wconf 80' lang='grc' dir='ltr'><strong><em>θεοπρεπῶς</em></strong></span> <span class='ocrx_word' id='word_1_47' title='bbox 1199 995 1363 1078; x_wconf 80' lang='grc' dir='ltr'><strong><em>μετὰ</em></strong></span> <span class='ocrx_word' id='word_1_48' title='bbox 1416 997 1725 1077; x_wconf 79' lang='grc' dir='ltr'><strong><em>βροντῶν</em></strong></span> <span class='ocrx_word' id='word_1_49' title='bbox 1769 991 1880 1059; x_wconf 88' lang='grc' dir='ltr'><strong><em>καὶ</em></strong></span> <span class='ocrx_word' id='word_1_50' title='bbox 1928 992 2290 1078; x_wconf 80' lang='grc' dir='ltr'><strong><em>ἀστραπῶν</em></strong></span> 
     </span>
     <span class='ocr_line' id='line_1_8' title="bbox 352 1089 2290 1186; baseline -0.002 -19"><span class='ocrx_word' id='word_1_51' title='bbox 352 1103 691 1186; x_wconf 83' lang='grc' dir='ltr'><strong><em>ἐπιφανῶς</em></strong></span> <span class='ocrx_word' id='word_1_52' title='bbox 725 1107 1071 1165; x_wconf 86' lang='grc' dir='ltr'><strong><em>ποιεῖσθαι</em></strong></span> <span class='ocrx_word' id='word_1_53' title='bbox 1105 1101 1231 1183; x_wconf 78' lang='grc' dir='ltr'><strong><em>τὴν</em></strong></span> <span class='ocrx_word' id='word_1_54' title='bbox 1268 1102 1665 1166; x_wconf 83' lang='grc' dir='ltr'><strong><em>συνουσίαν·</em></strong></span> <span class='ocrx_word' id='word_1_55' title='bbox 1704 1100 1829 1183; x_wconf 83' lang='grc' dir='ltr'><strong><em>τὴν</em></strong></span> <span class='ocrx_word' id='word_1_56' title='bbox 1867 1096 1943 1165; x_wconf 72' lang='grc' dir='ltr'><strong><em>δὲ</em></strong></span> <span class='ocrx_word' id='word_1_57' title='bbox 1979 1089 2290 1184; x_wconf 81' lang='grc' dir='ltr'><strong><em>Σεμέλην</em></strong></span> 
     </span>
     <span class='ocr_line' id='line_1_9' title="bbox 351 1200 2401 1291; baseline 0.001 -19"><span class='ocrx_word' id='word_1_58' title='bbox 351 1211 591 1291; x_wconf 81' lang='grc' dir='ltr'><strong><em>ἔγκυον</em></strong></span> <span class='ocrx_word' id='word_1_59' title='bbox 638 1200 850 1270; x_wconf 82' lang='grc' dir='ltr'><strong><em>οὖσαν</em></strong></span> <span class='ocrx_word' id='word_1_60' title='bbox 894 1203 1008 1270; x_wconf 86' lang='grc' dir='ltr'><strong><em>καὶ</em></strong></span> <span class='ocrx_word' id='word_1_61' title='bbox 1051 1207 1127 1270; x_wconf 89' lang='grc' dir='ltr'><strong><em>τὸ</em></strong></span> <span class='ocrx_word' id='word_1_62' title='bbox 1173 1205 1462 1290; x_wconf 89' lang='grc' dir='ltr'><strong><em>μέγεθος</em></strong></span> <span class='ocrx_word' id='word_1_63' title='bbox 1496 1215 1613 1289; x_wconf 81' lang='grc' dir='ltr'><strong><em>τῆς</em></strong></span> <span class='ocrx_word' id='word_1_64' title='bbox 1648 1206 2094 1289; x_wconf 78' lang='grc' dir='ltr'><strong><em>περιστάσεως</em></strong></span> <span class='ocrx_word' id='word_1_65' title='bbox 2140 1204 2264 1269; x_wconf 85' lang='grc' dir='ltr'><strong><em>οὐκ</em></strong></span> <span class='ocrx_word' id='word_1_66' title='bbox 2288 1226 2401 1275; x_wconf 80' lang='lat'><strong><em>248</em></strong></span> 
     </span>
     <span class='ocr_line' id='line_1_10' title="bbox 352 1308 2290 1398; baseline -0.002 -20"><span class='ocrx_word' id='word_1_67' title='bbox 352 1312 716 1394; x_wconf 81' lang='grc' dir='ltr'><strong><em>ἐνέγκασαν</em></strong></span> <span class='ocrx_word' id='word_1_68' title='bbox 778 1313 854 1377; x_wconf 90' lang='grc' dir='ltr'><strong><em>τὸ</em></strong></span> <span class='ocrx_word' id='word_1_69' title='bbox 920 1308 1044 1396; x_wconf 76' lang='grc' dir='ltr'><strong><em>μὲν</em></strong></span> <span class='ocrx_word' id='word_1_70' title='bbox 1108 1312 1361 1398; x_wconf 82' lang='grc' dir='ltr'><strong><em>βρέφος</em></strong></span> <span class='ocrx_word' id='word_1_71' title='bbox 1422 1312 1775 1398; x_wconf 80' lang='grc' dir='ltr'><strong><em>ἐκτρῶσαι,</em></strong></span> <span class='ocrx_word' id='word_1_72' title='bbox 1838 1312 1969 1377; x_wconf 82' lang='grc' dir='ltr'><strong><em>ὑπὸ</em></strong></span> <span class='ocrx_word' id='word_1_73' title='bbox 2031 1308 2106 1376; x_wconf 74' lang='grc' dir='ltr'><strong><em>δὲ</em></strong></span> <span class='ocrx_word' id='word_1_74' title='bbox 2163 1319 2290 1376; x_wconf 83' lang='grc' dir='ltr'><strong><em>τοῦ</em></strong></span> 
     </span>
     <span class='ocr_line' id='line_1_11' title="bbox 348 1417 2378 1503; baseline -0 -20"><span class='ocrx_word' id='word_1_75' title='bbox 348 1419 561 1501; x_wconf 89' lang='grc' dir='ltr'><strong><em>πυρὸς</em></strong></span> <span class='ocrx_word' id='word_1_76' title='bbox 615 1417 828 1501; x_wconf 80' lang='grc' dir='ltr'><strong><em>αὐτὴν</em></strong></span> <span class='ocrx_word' id='word_1_77' title='bbox 881 1424 1286 1503; x_wconf 81' lang='grc' dir='ltr'><strong><em>τελευτῆσαι.</em></strong></span> <span class='ocrx_word' id='word_1_78' title='bbox 1380 1421 1603 1485; x_wconf 80' lang='grc' dir='ltr'><strong><em>ἔπειτα</em></strong></span> <span class='ocrx_word' id='word_1_79' title='bbox 1656 1421 1732 1484; x_wconf 90' lang='grc' dir='ltr'><strong><em>τὸ</em></strong></span> <span class='ocrx_word' id='word_1_80' title='bbox 1794 1420 2068 1484; x_wconf 81' lang='grc' dir='ltr'><strong><em>παιδίον</em></strong></span> <span class='ocrx_word' id='word_1_81' title='bbox 2128 1417 2291 1483; x_wconf 88' lang='grc' dir='ltr'><strong><em>ἀνα-</em></strong></span> <span class='ocrx_word' id='word_1_82' title='bbox 2323 1438 2378 1476; x_wconf 86' lang='lat'><strong><em>10</em></strong></span> 
     </span>
     <span class='ocr_line' id='line_1_12' title="bbox 351 1523 2291 1614; baseline -0.001 -24"><span class='ocrx_word' id='word_1_83' title='bbox 351 1526 643 1608; x_wconf 85' lang='grc' dir='ltr'><strong><em>λαβόντα</em></strong></span> <span class='ocrx_word' id='word_1_84' title='bbox 687 1526 809 1591; x_wconf 88' lang='grc' dir='ltr'><strong><em>τὸν</em></strong></span> <span class='ocrx_word' id='word_1_85' title='bbox 856 1528 995 1591; x_wconf 90' lang='grc' dir='ltr'><strong><em>Δία</em></strong></span> <span class='ocrx_word' id='word_1_86' title='bbox 1039 1527 1462 1612; x_wconf 88' lang='grc' dir='ltr'><strong><em>παραδοῦναι</em></strong></span> <span class='ocrx_word' id='word_1_87' title='bbox 1506 1533 1598 1614; x_wconf 74' lang='grc' dir='ltr'><strong><em>τῷ</em></strong></span> <span class='ocrx_word' id='word_1_88' title='bbox 1647 1525 1880 1611; x_wconf 77' lang='grc' dir='ltr'><strong><em>Ἑρμῇ,</em></strong></span> <span class='ocrx_word' id='word_1_89' title='bbox 1926 1523 2039 1589; x_wconf 85' lang='grc' dir='ltr'><strong><em>καὶ</em></strong></span> <span class='ocrx_word' id='word_1_90' title='bbox 2083 1540 2291 1609; x_wconf 90' lang='grc' dir='ltr'><strong><em>προσ-</em></strong></span> 
     </span>
     <span class='ocr_line' id='line_1_13' title="bbox 349 1628 2290 1718; baseline -0.001 -22"><span class='ocrx_word' id='word_1_91' title='bbox 349 1629 537 1709; x_wconf 82' lang='grc' dir='ltr'><strong><em>τάξαι</em></strong></span> <span class='ocrx_word' id='word_1_92' title='bbox 597 1640 798 1697; x_wconf 86' lang='grc' dir='ltr'><strong><em>τοῦτο</em></strong></span> <span class='ocrx_word' id='word_1_93' title='bbox 854 1628 978 1717; x_wconf 76' lang='grc' dir='ltr'><strong><em>μὲν</em></strong></span> <span class='ocrx_word' id='word_1_94' title='bbox 1052 1632 1453 1717; x_wconf 84' lang='grc' dir='ltr'><strong><em>ἀποκομίσαι</em></strong></span> <span class='ocrx_word' id='word_1_95' title='bbox 1522 1633 1689 1718; x_wconf 91' lang='grc' dir='ltr'><strong><em>πρὸς</em></strong></span> <span class='ocrx_word' id='word_1_96' title='bbox 1755 1633 1833 1696; x_wconf 89' lang='grc' dir='ltr'><strong><em>τὸ</em></strong></span> <span class='ocrx_word' id='word_1_97' title='bbox 1900 1633 2149 1717; x_wconf 77' lang='grc' dir='ltr'><strong><em>ἄντρον</em></strong></span> <span class='ocrx_word' id='word_1_98' title='bbox 2211 1632 2290 1694; x_wconf 89' lang='grc' dir='ltr'><strong><em>τὸ</em></strong></span> 
     </span>
     <span class='ocr_line' id='line_1_14' title="bbox 359 1736 2290 1824; baseline -0.001 -21"><span class='ocrx_word' id='word_1_99' title='bbox 359 1738 433 1803; x_wconf 93' lang='grc' dir='ltr'><strong><em>ἐν</em></strong></span> <span class='ocrx_word' id='word_1_100' title='bbox 469 1747 550 1823; x_wconf 76' lang='grc' dir='ltr'><strong><em>τῇ</em></strong></span> <span class='ocrx_word' id='word_1_101' title='bbox 586 1739 811 1824; x_wconf 83' lang='grc' dir='ltr'><strong><em>Νύσῃ,</em></strong></span> <span class='ocrx_word' id='word_1_102' title='bbox 858 1741 1167 1824; x_wconf 88' lang='grc' dir='ltr'><strong><em>κείμενον</em></strong></span> <span class='ocrx_word' id='word_1_103' title='bbox 1213 1738 1455 1823; x_wconf 84' lang='grc' dir='ltr'><strong><em>μεταξὺ</em></strong></span> <span class='ocrx_word' id='word_1_104' title='bbox 1499 1741 1819 1823; x_wconf 84' lang='grc' dir='ltr'><strong><em>Φοινίκης</em></strong></span> <span class='ocrx_word' id='word_1_105' title='bbox 1862 1736 1974 1803; x_wconf 86' lang='grc' dir='ltr'><strong><em>καὶ</em></strong></span> <span class='ocrx_word' id='word_1_106' title='bbox 2011 1739 2290 1820; x_wconf 87' lang='grc' dir='ltr'><strong><em>Νείλου,</em></strong></span> 
     </span>
     <span class='ocr_line' id='line_1_15' title="bbox 357 1842 2292 1931; baseline -0.002 -22"><span class='ocrx_word' id='word_1_107' title='bbox 357 1856 502 1922; x_wconf 82' lang='grc' dir='ltr'><strong><em>ταῖς</em></strong></span> <span class='ocrx_word' id='word_1_108' title='bbox 530 1842 605 1910; x_wconf 74' lang='grc' dir='ltr'><strong><em>δὲ</em></strong></span> <span class='ocrx_word' id='word_1_109' title='bbox 631 1845 928 1930; x_wconf 85' lang='grc' dir='ltr'><strong><em>νύμφαις</em></strong></span> <span class='ocrx_word' id='word_1_110' title='bbox 953 1845 1375 1931; x_wconf 87' lang='grc' dir='ltr'><strong><em>παραδοῦναι</em></strong></span> <span class='ocrx_word' id='word_1_111' title='bbox 1403 1843 1676 1930; x_wconf 79' lang='grc' dir='ltr'><strong><em>τρέφειν</em></strong></span> <span class='ocrx_word' id='word_1_112' title='bbox 1702 1842 1814 1909; x_wconf 88' lang='grc' dir='ltr'><strong><em>καὶ</em></strong></span> <span class='ocrx_word' id='word_1_113' title='bbox 1842 1845 2003 1929; x_wconf 80' lang='grc' dir='ltr'><strong><em>μετὰ</em></strong></span> <span class='ocrx_word' id='word_1_114' title='bbox 2038 1847 2292 1924; x_wconf 84' lang='grc' dir='ltr'><strong><em>πολλῆς</em></strong></span> 
     </span>
     <span class='ocr_line' id='line_1_16' title="bbox 358 1951 2377 2037; baseline -0.002 -21"><span class='ocrx_word' id='word_1_115' title='bbox 358 1952 655 2036; x_wconf 76' lang='grc' dir='ltr'><strong><em>σπουδῆς</em></strong></span> <span class='ocrx_word' id='word_1_116' title='bbox 710 1951 1083 2037; x_wconf 89' lang='grc' dir='ltr'><strong><em>ἐπιμέλειαν</em></strong></span> <span class='ocrx_word' id='word_1_117' title='bbox 1138 1952 1347 2016; x_wconf 83' lang='grc' dir='ltr'><strong><em>αὐτοῦ</em></strong></span> <span class='ocrx_word' id='word_1_118' title='bbox 1405 1958 1750 2017; x_wconf 77' lang='grc' dir='ltr'><strong><em>ποιεῖσθαι</em></strong></span> <span class='ocrx_word' id='word_1_119' title='bbox 1808 1953 1934 2036; x_wconf 80' lang='grc' dir='ltr'><strong><em>τὴν</em></strong></span> <span class='ocrx_word' id='word_1_120' title='bbox 1991 1951 2287 2037; x_wconf 88' lang='grc' dir='ltr'><strong><em>ἀρίστην.</em></strong></span> <span class='ocrx_word' id='word_1_121' title='bbox 2322 1972 2377 2012; x_wconf 88' lang='lat'><strong><em>15</em></strong></span> 
     </span>
    </p>

    <p class='ocr_par' dir='ltr' id='par_1_4' title="bbox 285 2057 2295 2462">
     <span class='ocr_line' id='line_1_17' title="bbox 285 2057 2292 2145; baseline 0.001 -27"><span class='ocrx_word' id='word_1_122' title='bbox 285 2072 318 2118; x_wconf 79' lang='lat'><strong>4</strong></span> <span class='ocrx_word' id='word_1_123' title='bbox 358 2059 465 2124; x_wconf 86' lang='grc' dir='ltr'><strong><em>διὸ</em></strong></span> <span class='ocrx_word' id='word_1_124' title='bbox 510 2057 622 2123; x_wconf 88' lang='grc' dir='ltr'><strong><em>καὶ</em></strong></span> <span class='ocrx_word' id='word_1_125' title='bbox 666 2058 1003 2145; x_wconf 88' lang='grc' dir='ltr'><strong><em>τραφέντα</em></strong></span> <span class='ocrx_word' id='word_1_126' title='bbox 1038 2060 1158 2125; x_wconf 86' lang='grc' dir='ltr'><strong><em>τὸν</em></strong></span> <span class='ocrx_word' id='word_1_127' title='bbox 1195 2062 1543 2125; x_wconf 89' lang='grc' dir='ltr'><strong><em>Διόνυσον</em></strong></span> <span class='ocrx_word' id='word_1_128' title='bbox 1589 2059 1663 2124; x_wconf 93' lang='grc' dir='ltr'><strong><em>ἐν</em></strong></span> <span class='ocrx_word' id='word_1_129' title='bbox 1708 2068 1788 2143; x_wconf 73' lang='grc' dir='ltr'><strong><em>τῇ</em></strong></span> <span class='ocrx_word' id='word_1_130' title='bbox 1827 2060 2027 2143; x_wconf 84' lang='grc' dir='ltr'><strong><em>Νύσῃ</em></strong></span> <span class='ocrx_word' id='word_1_131' title='bbox 2061 2067 2292 2141; x_wconf 82' lang='grc' dir='ltr'><strong><em>τυχεῖν</em></strong></span> 
     </span>
     <span class='ocr_line' id='line_1_18' title="bbox 354 2161 2294 2251; baseline -0.001 -22"><span class='ocrx_word' id='word_1_132' title='bbox 354 2172 470 2247; x_wconf 82' lang='grc' dir='ltr'><strong><em>τῆς</em></strong></span> <span class='ocrx_word' id='word_1_133' title='bbox 514 2168 966 2251; x_wconf 82' lang='grc' dir='ltr'><strong><em>προσηγορίας</em></strong></span> <span class='ocrx_word' id='word_1_134' title='bbox 1009 2166 1254 2250; x_wconf 82' lang='grc' dir='ltr'><strong><em>ταύτης</em></strong></span> <span class='ocrx_word' id='word_1_135' title='bbox 1300 2165 1428 2232; x_wconf 88' lang='grc' dir='ltr'><strong><em>ἀπὸ</em></strong></span> <span class='ocrx_word' id='word_1_136' title='bbox 1476 2168 1644 2241; x_wconf 89' lang='grc' dir='ltr'><strong><em>Διὸς</em></strong></span> <span class='ocrx_word' id='word_1_137' title='bbox 1688 2163 1800 2231; x_wconf 86' lang='grc' dir='ltr'><strong><em>καὶ</em></strong></span> <span class='ocrx_word' id='word_1_138' title='bbox 1845 2166 2098 2249; x_wconf 83' lang='grc' dir='ltr'><strong><em>Νύσης.</em></strong></span> <span class='ocrx_word' id='word_1_139' title='bbox 2178 2161 2294 2228; x_wconf 84' lang='grc' dir='ltr'><strong><em>καὶ</em></strong></span> 
     </span>
     <span class='ocr_line' id='line_1_19' title="bbox 354 2263 2295 2358; baseline -0.001 -22"><span class='ocrx_word' id='word_1_140' title='bbox 354 2272 475 2336; x_wconf 88' lang='grc' dir='ltr'><strong><em>τὸν</em></strong></span> <span class='ocrx_word' id='word_1_141' title='bbox 514 2269 810 2358; x_wconf 87' lang='grc' dir='ltr'><strong><em>Ὅμηρον</em></strong></span> <span class='ocrx_word' id='word_1_142' title='bbox 859 2268 932 2338; x_wconf 64' lang='grc' dir='ltr'><strong><em>δὲ</em></strong></span> <span class='ocrx_word' id='word_1_143' title='bbox 977 2274 1242 2350; x_wconf 88' lang='grc' dir='ltr'><strong><em>τούτοις</em></strong></span> <span class='ocrx_word' id='word_1_144' title='bbox 1287 2263 1704 2358; x_wconf 84' lang='grc' dir='ltr'><strong><em>μαρτυρῆσαι</em></strong></span> <span class='ocrx_word' id='word_1_145' title='bbox 1750 2270 1824 2336; x_wconf 94' lang='grc' dir='ltr'><strong><em>ἐν</em></strong></span> <span class='ocrx_word' id='word_1_146' title='bbox 1868 2282 2008 2348; x_wconf 85' lang='grc' dir='ltr'><strong><em>τοῖς</em></strong></span> <span class='ocrx_word' id='word_1_147' title='bbox 2052 2270 2295 2355; x_wconf 67' lang='grc' dir='ltr'><strong><em>’ὕμνοις</em></strong></span> 
     </span>
     <span class='ocr_line' id='line_1_20' title="bbox 363 2371 806 2462; baseline -0.002 -18"><span class='ocrx_word' id='word_1_148' title='bbox 363 2378 438 2444; x_wconf 90' lang='grc' dir='ltr'><strong><em>ἐν</em></strong></span> <span class='ocrx_word' id='word_1_149' title='bbox 485 2371 586 2455; x_wconf 82' lang='grc' dir='ltr'><strong><em>οἷς</em></strong></span> <span class='ocrx_word' id='word_1_150' title='bbox 630 2378 806 2462; x_wconf 83' lang='grc' dir='ltr'><strong><em>λέγει</em></strong></span> 
     </span>
    </p>
   </div>
   <div class='ocr_carea' id='block_1_3' title="bbox 446 2516 2377 2710">
    <p class='ocr_par' dir='ltr' id='par_1_5' title="bbox 446 2516 2377 2710">
     <span class='ocr_line' id='line_1_21' title="bbox 448 2516 2377 2605; baseline -0.002 -20"><span class='ocrx_word' id='word_1_151' title='bbox 448 2524 588 2585; x_wconf 80' lang='grc' dir='ltr'><strong><em>ἔστι</em></strong></span> <span class='ocrx_word' id='word_1_152' title='bbox 636 2520 715 2585; x_wconf 89' lang='grc' dir='ltr'><strong><em>δέ</em></strong></span> <span class='ocrx_word' id='word_1_153' title='bbox 753 2544 853 2596; x_wconf 89' lang='grc' dir='ltr'><strong><em>τις</em></strong></span> <span class='ocrx_word' id='word_1_154' title='bbox 898 2520 1121 2604; x_wconf 86' lang='grc' dir='ltr'><strong><em>Νύση,</em></strong></span> <span class='ocrx_word' id='word_1_155' title='bbox 1167 2519 1426 2585; x_wconf 78' lang='grc' dir='ltr'><strong><em>ὕπατον</em></strong></span> <span class='ocrx_word' id='word_1_156' title='bbox 1472 2521 1658 2605; x_wconf 80' lang='grc' dir='ltr'><strong><em>ὄρος,</em></strong></span> <span class='ocrx_word' id='word_1_157' title='bbox 1706 2516 1960 2584; x_wconf 82' lang='grc' dir='ltr'><strong><em>ἀνθέον</em></strong></span> <span class='ocrx_word' id='word_1_158' title='bbox 2004 2517 2156 2601; x_wconf 78' lang='grc' dir='ltr'><strong><em>ὕλη,</em></strong></span> <span class='ocrx_word' id='word_1_159' title='bbox 2323 2542 2377 2582; x_wconf 82' lang='lat'><strong><em>20</em></strong></span> 
     </span>
     <span class='ocr_line' id='line_1_22' title="bbox 446 2623 2053 2710; baseline -0.001 -20"><span class='ocrx_word' id='word_1_160' title='bbox 446 2630 656 2709; x_wconf 84' lang='grc' dir='ltr'><strong><em>τηλοῦ</em></strong></span> <span class='ocrx_word' id='word_1_161' title='bbox 708 2628 1057 2707; x_wconf 86' lang='grc' dir='ltr'><strong><em>Φοινίκης,</em></strong></span> <span class='ocrx_word' id='word_1_162' title='bbox 1106 2626 1347 2709; x_wconf 86' lang='grc' dir='ltr'><strong><em>σχεδὸν</em></strong></span> <span class='ocrx_word' id='word_1_163' title='bbox 1392 2626 1765 2707; x_wconf 85' lang='grc' dir='ltr'><strong><em>Αἰγύπτοιο</em></strong></span> <span class='ocrx_word' id='word_1_164' title='bbox 1814 2623 2053 2710; x_wconf 78' lang='grc' dir='ltr'><strong><em>ῥοάων.</em></strong></span> 
     </span>
    </p>
   </div>
   <div class='ocr_carea' id='block_1_4' title="bbox 292 2761 2378 3279">
    <p class='ocr_par' dir='ltr' id='par_1_6' title="bbox 292 2761 2378 3279">
     <span class='ocr_line' id='line_1_23' title="bbox 292 2761 2294 2853; baseline 0 -24"><span class='ocrx_word' id='word_1_165' title='bbox 292 2780 323 2829; x_wconf 82' lang='grc'><strong>5</strong></span> <span class='ocrx_word' id='word_1_166' title='bbox 360 2763 696 2853; x_wconf 87' lang='grc' dir='ltr'><strong><em>τραφέντα</em></strong></span> <span class='ocrx_word' id='word_1_167' title='bbox 753 2761 815 2829; x_wconf 86' lang='grc' dir='ltr'><strong><em>δ’</em></strong></span> <span class='ocrx_word' id='word_1_168' title='bbox 871 2764 1078 2829; x_wconf 87' lang='grc' dir='ltr'><strong><em>αὐτὸν</em></strong></span> <span class='ocrx_word' id='word_1_169' title='bbox 1131 2764 1262 2830; x_wconf 85' lang='grc' dir='ltr'><strong><em>ὑπὸ</em></strong></span> <span class='ocrx_word' id='word_1_170' title='bbox 1318 2776 1453 2831; x_wconf 88' lang='grc' dir='ltr'><strong><em>τῶν</em></strong></span> <span class='ocrx_word' id='word_1_171' title='bbox 1507 2775 1796 2849; x_wconf 86' lang='grc' dir='ltr'><strong><em>νυμφῶν</em></strong></span> <span class='ocrx_word' id='word_1_172' title='bbox 1843 2762 1917 2829; x_wconf 92' lang='grc' dir='ltr'><strong><em>ἐν</em></strong></span> <span class='ocrx_word' id='word_1_173' title='bbox 1962 2774 2042 2850; x_wconf 73' lang='grc' dir='ltr'><strong><em>τῇ</em></strong></span> <span class='ocrx_word' id='word_1_174' title='bbox 2091 2765 2294 2851; x_wconf 76' lang='grc' dir='ltr'><strong><em>Νύσῃ</em></strong></span> 
     </span>
     <span class='ocr_line' id='line_1_24' title="bbox 362 2870 2294 2959; baseline -0.001 -22"><span class='ocrx_word' id='word_1_175' title='bbox 362 2872 574 2958; x_wconf 87' lang='grc' dir='ltr'><strong><em>φασὶν</em></strong></span> <span class='ocrx_word' id='word_1_176' title='bbox 628 2871 905 2959; x_wconf 77' lang='grc' dir='ltr'><strong><em>εὑρετήν</em></strong></span> <span class='ocrx_word' id='word_1_177' title='bbox 948 2894 1019 2936; x_wconf 88' lang='grc' dir='ltr'><strong><em>τε</em></strong></span> <span class='ocrx_word' id='word_1_178' title='bbox 1063 2881 1186 2937; x_wconf 83' lang='grc' dir='ltr'><strong><em>τοῦ</em></strong></span> <span class='ocrx_word' id='word_1_179' title='bbox 1233 2878 1426 2938; x_wconf 80' lang='grc' dir='ltr'><strong><em>οἴνου</em></strong></span> <span class='ocrx_word' id='word_1_180' title='bbox 1471 2870 1791 2955; x_wconf 88' lang='grc' dir='ltr'><strong><em>γενέσθαι</em></strong></span> <span class='ocrx_word' id='word_1_181' title='bbox 1835 2870 1949 2936; x_wconf 85' lang='grc' dir='ltr'><strong><em>καὶ</em></strong></span> <span class='ocrx_word' id='word_1_182' title='bbox 1993 2872 2118 2955; x_wconf 83' lang='grc' dir='ltr'><strong><em>τὴν</em></strong></span> <span class='ocrx_word' id='word_1_183' title='bbox 2164 2896 2294 2956; x_wconf 86' lang='grc' dir='ltr'><strong><em>φυ-</em></strong></span> 
     </span>
     <span class='ocr_line' id='line_1_25' title="bbox 362 2976 2294 3064; baseline -0.002 -18"><span class='ocrx_word' id='word_1_184' title='bbox 362 2984 546 3046; x_wconf 88' lang='grc' dir='ltr'><strong><em>τειάν</em></strong></span> <span class='ocrx_word' id='word_1_185' title='bbox 603 2976 866 3057; x_wconf 79' lang='grc' dir='ltr'><strong><em>διδάξαι</em></strong></span> <span class='ocrx_word' id='word_1_186' title='bbox 923 2987 1038 3062; x_wconf 85' lang='grc' dir='ltr'><strong><em>τῆς</em></strong></span> <span class='ocrx_word' id='word_1_187' title='bbox 1093 2977 1391 3062; x_wconf 84' lang='grc' dir='ltr'><strong><em>ἀμπέλου</em></strong></span> <span class='ocrx_word' id='word_1_188' title='bbox 1448 2980 1607 3054; x_wconf 86' lang='grc' dir='ltr'><strong><em>τοὺς</em></strong></span> <span class='ocrx_word' id='word_1_189' title='bbox 1667 2978 2087 3064; x_wconf 81' lang='grc' dir='ltr'><strong><em>ἀνθρώπους.</em></strong></span> <span class='ocrx_word' id='word_1_190' title='bbox 2182 2979 2294 3043; x_wconf 89' lang='grc' dir='ltr'><strong><em>ἐπ-</em></strong></span> 
     </span>
     <span class='ocr_line' id='line_1_26' title="bbox 365 3082 2378 3171; baseline -0.001 -19"><span class='ocrx_word' id='word_1_191' title='bbox 365 3090 551 3152; x_wconf 91' lang='grc' dir='ltr'><strong><em>ιόντα</em></strong></span> <span class='ocrx_word' id='word_1_192' title='bbox 591 3082 664 3151; x_wconf 70' lang='grc' dir='ltr'><strong><em>δὲ</em></strong></span> <span class='ocrx_word' id='word_1_193' title='bbox 694 3086 935 3170; x_wconf 86' lang='grc' dir='ltr'><strong><em>σχεδὸν</em></strong></span> <span class='ocrx_word' id='word_1_194' title='bbox 973 3084 1138 3167; x_wconf 79' lang='grc' dir='ltr'><strong><em>ὅλην</em></strong></span> <span class='ocrx_word' id='word_1_195' title='bbox 1172 3086 1300 3168; x_wconf 85' lang='grc' dir='ltr'><strong><em>τὴν</em></strong></span> <span class='ocrx_word' id='word_1_196' title='bbox 1339 3082 1737 3168; x_wconf 83' lang='grc' dir='ltr'><strong><em>οἰκουμένην</em></strong></span> <span class='ocrx_word' id='word_1_197' title='bbox 1774 3086 2032 3168; x_wconf 80' lang='grc' dir='ltr'><strong><em>πολλὴν</em></strong></span> <span class='ocrx_word' id='word_1_198' title='bbox 2067 3085 2295 3171; x_wconf 82' lang='grc' dir='ltr'><strong><em>χώραν</em></strong></span> <span class='ocrx_word' id='word_1_199' title='bbox 2326 3109 2378 3149; x_wconf 80' lang='lat'><strong><em>25</em></strong></span> 
     </span>
     <span class='ocr_line' id='line_1_27' title="bbox 363 3188 2295 3279; baseline 0 -24"><span class='ocrx_word' id='word_1_200' title='bbox 363 3192 793 3279; x_wconf 84' lang='grc' dir='ltr'><strong><em>ἐξημερῶσαι,</em></strong></span> <span class='ocrx_word' id='word_1_201' title='bbox 810 3188 921 3256; x_wconf 85' lang='grc' dir='ltr'><strong><em>καὶ</em></strong></span> <span class='ocrx_word' id='word_1_202' title='bbox 951 3192 1063 3256; x_wconf 81' lang='grc' dir='ltr'><strong><em>διὰ</em></strong></span> <span class='ocrx_word' id='word_1_203' title='bbox 1090 3200 1288 3255; x_wconf 83' lang='grc' dir='ltr'><strong><em>τοῦτο</em></strong></span> <span class='ocrx_word' id='word_1_204' title='bbox 1317 3201 1542 3273; x_wconf 78' lang='grc' dir='ltr'><strong><em>τυχεῖν</em></strong></span> <span class='ocrx_word' id='word_1_205' title='bbox 1568 3191 1748 3276; x_wconf 78' lang='grc' dir='ltr'><strong><em>παρὰ</em></strong></span> <span class='ocrx_word' id='word_1_206' title='bbox 1775 3200 1937 3256; x_wconf 82' lang='grc' dir='ltr'><strong><em>πᾶσι</em></strong></span> <span class='ocrx_word' id='word_1_207' title='bbox 1965 3194 2295 3275; x_wconf 82' lang='grc' dir='ltr'><strong><em>μεγίστων</em></strong></span> 
     </span>
    </p>
   </div>
   <div class='ocr_carea' id='block_1_5' title="bbox 504 3408 2292 3484">
    <p class='ocr_par' dir='ltr' id='par_1_7' title="bbox 504 3408 2292 3484">
     <span class='ocr_line' id='line_1_28' title="bbox 504 3408 2292 3484; baseline 0.003 -20"><span class='ocrx_word' id='word_1_208' title='bbox 504 3418 539 3464; x_wconf 83' lang='grc'>4</span> <span class='ocrx_word' id='word_1_209' title='bbox 567 3408 735 3482; x_wconf 87' lang='grc' dir='ltr'><strong><em>πρὸς]</em></strong></span> <span class='ocrx_word' id='word_1_210' title='bbox 763 3413 892 3480; x_wconf 80' lang='grc' dir='ltr'><strong><em>περὶ</em></strong></span> <span class='ocrx_word' id='word_1_211' title='bbox 913 3414 961 3465; x_wconf 94' lang='lat' dir='ltr'>D</span> <span class='ocrx_word' id='word_1_212' title='bbox 992 3414 1083 3482; x_wconf 78' lang='lat' dir='ltr'><strong>(cf.</strong></span> <span class='ocrx_word' id='word_1_213' title='bbox 1102 3414 1359 3483; x_wconf 81' lang='lat'>11164‚4)</span> <span class='ocrx_word' id='word_1_214' title='bbox 1436 3421 1466 3469; x_wconf 81' lang='grc'><strong>7</strong></span> <span class='ocrx_word' id='word_1_215' title='bbox 1494 3421 1728 3482; x_wconf 86' lang='grc' dir='ltr'><strong><em>ποιῆσαι</em></strong></span> <span class='ocrx_word' id='word_1_216' title='bbox 1760 3416 1868 3470; x_wconf 79' lang='lat' dir='ltr'><strong><em>OF</em></strong></span> <span class='ocrx_word' id='word_1_217' title='bbox 1954 3423 2019 3472; x_wconf 81' lang='lat'><strong><em>15</em></strong></span> <span class='ocrx_word' id='word_1_218' title='bbox 2050 3418 2292 3484; x_wconf 83' lang='grc' dir='ltr'><strong><em>ποιήσα-</em></strong></span> 
     </span>
    </p>
   </div>
   <div class='ocr_carea' id='block_1_6' title="bbox 361 3480 2284 3602">
    <p class='ocr_par' dir='ltr' id='par_1_8' title="bbox 361 3480 2284 3602">
     <span class='ocr_line' id='line_1_29' title="bbox 362 3480 2284 3559; baseline 0.007 -32"><span class='ocrx_word' id='word_1_219' title='bbox 362 3481 502 3555; x_wconf 58' lang='grc' dir='ltr'><strong><em>σθαι</em></strong></span> <span class='ocrx_word' id='word_1_220' title='bbox 538 3480 591 3530; x_wconf 87' lang='lat'><strong><em>11</em></strong></span> <span class='ocrx_word' id='word_1_221' title='bbox 774 3488 840 3535; x_wconf 87' lang='lat'><strong><em>18</em></strong></span> <span class='ocrx_word' id='word_1_222' title='bbox 876 3484 1045 3537; x_wconf 76' lang='grc' dir='ltr'><strong><em>τοῦτο</em></strong></span> <span class='ocrx_word' id='word_1_223' title='bbox 1083 3484 1132 3536; x_wconf 94' lang='lat' dir='ltr'>D</span> <span class='ocrx_word' id='word_1_224' title='bbox 1316 3491 1382 3538; x_wconf 83' lang='lat'><strong><em>23</em></strong></span> <span class='ocrx_word' id='word_1_225' title='bbox 1429 3504 1488 3539; x_wconf 88' lang='grc' dir='ltr'><strong><em>τε</em></strong></span> <span class='ocrx_word' id='word_1_226' title='bbox 1529 3502 1637 3538; x_wconf 90' lang='lat' dir='ltr'><strong><em>om.</em></strong></span> <span class='ocrx_word' id='word_1_227' title='bbox 1675 3486 1827 3555; x_wconf 85' lang='lat' dir='ltr'><strong>vulg.</strong></span> <span class='ocrx_word' id='word_1_228' title='bbox 2011 3494 2079 3543; x_wconf 80' lang='lat'><strong><em>25</em></strong></span> <span class='ocrx_word' id='word_1_229' title='bbox 2119 3482 2284 3559; x_wconf 78' lang='grc' dir='ltr'><strong><em>ὅλην]</em></strong></span> 
     </span>
     <span class='ocr_line' id='line_1_30' title="bbox 361 3548 712 3602; baseline 0.031 -11"><span class='ocrx_word' id='word_1_230' title='bbox 361 3561 551 3595; x_wconf 87' lang='grc' dir='ltr'><strong><em>πασαν</em></strong></span> <span class='ocrx_word' id='word_1_231' title='bbox 593 3548 712 3602; x_wconf 80' lang='lat' dir='ltr'><strong><em>CF.</em></strong></span> 
     </span>
    </p>
   </div>
  </div>
 </body>
</html>
