<?xml version="1.0" encoding="UTF-8"?>
<!DOCTYPE html PUBLIC "-//W3C//DTD XHTML 1.0 Transitional//EN"
    "http://www.w3.org/TR/xhtml1/DTD/xhtml1-transitional.dtd">
<html xmlns="http://www.w3.org/1999/xhtml" xml:lang="en" lang="en">
 <head>
  <title>
</title>
<meta http-equiv="Content-Type" content="text/html;charset=utf-8" />
  <meta name='ocr-system' content='tesseract 3.04.00' />
  <meta name='ocr-capabilities' content='ocr_page ocr_carea ocr_par ocr_line ocrx_word'/>
</head>
<body>
  <div class='ocr_page' id='page_1' title='image "./diodoribiblioth02dindgoog_0474.png"; bbox 0 0 2569 4061; ppageno 0'>
   <div class='ocr_carea' id='block_1_1' title="bbox 395 333 1645 402">
    <p class='ocr_par' dir='ltr' id='par_1_1' title="bbox 395 333 1645 402">
     <span class='ocr_line' id='line_1_1' title="bbox 395 333 1645 402; baseline -0.01 -1"><span class='ocrx_word' id='word_1_1' title='bbox 395 335 528 402; x_wconf 78' lang='grc'><em>374</em></span> <span class='ocrx_word' id='word_1_2' title='bbox 1062 333 1373 390; x_wconf 85' lang='lat' dir='ltr'>DIODORI</span> <span class='ocrx_word' id='word_1_3' title='bbox 1410 333 1645 390; x_wconf 84' lang='lat' dir='ltr'>SICULI</span> 
     </span>
    </p>
   </div>
   <div class='ocr_carea' id='block_1_2' title="bbox 287 494 2437 3449">
    <p class='ocr_par' dir='ltr' id='par_1_2' title="bbox 287 494 2437 3449">
     <span class='ocr_line' id='line_1_2' title="bbox 399 494 2339 580; baseline -0.003 -16"><span class='ocrx_word' id='word_1_4' title='bbox 399 522 470 564; x_wconf 91' lang='grc' dir='ltr'><em>τε</em></span> <span class='ocrx_word' id='word_1_5' title='bbox 514 494 625 563; x_wconf 90' lang='grc' dir='ltr'><em>καὶ</em></span> <span class='ocrx_word' id='word_1_6' title='bbox 669 506 890 561; x_wconf 83' lang='grc' dir='ltr'><em>πᾶσαν</em></span> <span class='ocrx_word' id='word_1_7' title='bbox 936 499 1158 562; x_wconf 82' lang='grc' dir='ltr'><strong><em>αἰκίαν</em></strong></span> <span class='ocrx_word' id='word_1_8' title='bbox 1204 497 1750 580; x_wconf 80' lang='grc' dir='ltr'><em>εἰσενεγκάμενον</em></span> <span class='ocrx_word' id='word_1_9' title='bbox 1795 495 2339 580; x_wconf 78' lang='grc' dir='ltr'><em>ἀνασταυρῶσαι.</em></span> 
     </span>
     <span class='ocr_line' id='line_1_3' title="bbox 329 599 2340 691; baseline -0.001 -22"><span class='ocrx_word' id='word_1_10' title='bbox 329 629 359 676; x_wconf 83' lang='lat'>6</span> <span class='ocrx_word' id='word_1_11' title='bbox 399 605 560 689; x_wconf 81' lang='grc' dir='ltr'><em>μετὰ</em></span> <span class='ocrx_word' id='word_1_12' title='bbox 622 600 696 669; x_wconf 72' lang='grc' dir='ltr'><em>δὲ</em></span> <span class='ocrx_word' id='word_1_13' title='bbox 754 613 962 670; x_wconf 84' lang='grc' dir='ltr'><em>ταῦτα</em></span> <span class='ocrx_word' id='word_1_14' title='bbox 1020 612 1112 691; x_wconf 73' lang='grc' dir='ltr'><em>τῷ</em></span> <span class='ocrx_word' id='word_1_15' title='bbox 1171 599 1295 688; x_wconf 75' lang='grc' dir='ltr'><em>μὲν</em></span> <span class='ocrx_word' id='word_1_16' title='bbox 1340 603 1603 687; x_wconf 86' lang='grc' dir='ltr'><em>Χάροπι</em></span> <span class='ocrx_word' id='word_1_17' title='bbox 1660 602 1857 687; x_wconf 87' lang='grc' dir='ltr'><em>χάριν</em></span> <span class='ocrx_word' id='word_1_18' title='bbox 1915 600 2340 667; x_wconf 76' lang='grc' dir='ltr'><em>ἀποδιδόντα</em></span> 
     </span>
     <span class='ocr_line' id='line_1_4' title="bbox 391 710 2337 796; baseline -0.001 -23"><span class='ocrx_word' id='word_1_19' title='bbox 391 718 508 793; x_wconf 81' lang='grc' dir='ltr'><em>τῆς</em></span> <span class='ocrx_word' id='word_1_20' title='bbox 564 710 943 796; x_wconf 78' lang='grc' dir='ltr'><em>εὐεργεσίας</em></span> <span class='ocrx_word' id='word_1_21' title='bbox 994 710 1416 795; x_wconf 87' lang='grc' dir='ltr'><em>παραδοῦναι</em></span> <span class='ocrx_word' id='word_1_22' title='bbox 1459 711 1586 793; x_wconf 81' lang='grc' dir='ltr'><em>τὴν</em></span> <span class='ocrx_word' id='word_1_23' title='bbox 1627 719 1764 774; x_wconf 81' lang='grc' dir='ltr'><em>τῶν</em></span> <span class='ocrx_word' id='word_1_24' title='bbox 1810 712 2092 794; x_wconf 78' lang='grc' dir='ltr'><em>Θρακῶν</em></span> <span class='ocrx_word' id='word_1_25' title='bbox 2137 710 2337 790; x_wconf 91' lang='grc' dir='ltr'><em>βασι-</em></span> 
     </span>
     <span class='ocr_line' id='line_1_5' title="bbox 394 814 2333 901; baseline -0.001 -20"><span class='ocrx_word' id='word_1_26' title='bbox 394 818 583 882; x_wconf 89' lang='grc' dir='ltr'><em>λείαν</em></span> <span class='ocrx_word' id='word_1_27' title='bbox 619 816 732 883; x_wconf 85' lang='grc' dir='ltr'><em>καὶ</em></span> <span class='ocrx_word' id='word_1_28' title='bbox 770 817 1030 897; x_wconf 76' lang='grc' dir='ltr'><em>διδάξαι</em></span> <span class='ocrx_word' id='word_1_29' title='bbox 1067 818 1149 883; x_wconf 81' lang='grc' dir='ltr'><em>τὰ</em></span> <span class='ocrx_word' id='word_1_30' title='bbox 1184 817 1350 881; x_wconf 76' lang='grc' dir='ltr'><em>κατὰ</em></span> <span class='ocrx_word' id='word_1_31' title='bbox 1386 817 1503 892; x_wconf 82' lang='grc' dir='ltr'><em>τὰς</em></span> <span class='ocrx_word' id='word_1_32' title='bbox 1536 815 1802 892; x_wconf 80' lang='grc' dir='ltr'><em>τελετὰς</em></span> <span class='ocrx_word' id='word_1_33' title='bbox 1840 815 2060 901; x_wconf 78' lang='grc' dir='ltr'><em>ὄργια·</em></span> <span class='ocrx_word' id='word_1_34' title='bbox 2108 814 2333 899; x_wconf 87' lang='grc' dir='ltr'><em>Χάρο-</em></span> 
     </span>
     <span class='ocr_line' id='line_1_6' title="bbox 390 921 2390 1009; baseline -0.004 -19"><span class='ocrx_word' id='word_1_35' title='bbox 390 944 515 1001; x_wconf 88' lang='grc' dir='ltr'><em>πος</em></span> <span class='ocrx_word' id='word_1_36' title='bbox 561 921 627 989; x_wconf 87' lang='grc' dir='ltr'><em>δ’</em></span> <span class='ocrx_word' id='word_1_37' title='bbox 676 925 830 991; x_wconf 75' lang='grc' dir='ltr'><em>υἱὸν</em></span> <span class='ocrx_word' id='word_1_38' title='bbox 873 927 1240 1009; x_wconf 89' lang='grc' dir='ltr'><em>γενόμενον</em></span> <span class='ocrx_word' id='word_1_39' title='bbox 1293 927 1588 1008; x_wconf 80' lang='grc' dir='ltr'><em>Οἴαγρον</em></span> <span class='ocrx_word' id='word_1_40' title='bbox 1632 925 2041 1007; x_wconf 82' lang='grc' dir='ltr'><em>παραλαβεῖν</em></span> <span class='ocrx_word' id='word_1_41' title='bbox 2084 924 2208 1004; x_wconf 84' lang='grc' dir='ltr'><em>τήν</em></span> <span class='ocrx_word' id='word_1_42' title='bbox 2256 945 2331 986; x_wconf 85' lang='grc' dir='ltr'><em>τε</em></span> <span class='ocrx_word' id='word_1_43' title='bbox 2361 940 2390 980; x_wconf 82' lang='grc'><strong>5</strong></span> 
     </span>
     <span class='ocr_line' id='line_1_7' title="bbox 392 1027 2332 1114; baseline -0.002 -18"><span class='ocrx_word' id='word_1_44' title='bbox 392 1033 741 1113; x_wconf 89' lang='grc' dir='ltr'><em>βασιλείαν</em></span> <span class='ocrx_word' id='word_1_45' title='bbox 776 1028 887 1096; x_wconf 86' lang='grc' dir='ltr'><em>καὶ</em></span> <span class='ocrx_word' id='word_1_46' title='bbox 921 1032 1038 1106; x_wconf 81' lang='grc' dir='ltr'><em>τὰς</em></span> <span class='ocrx_word' id='word_1_47' title='bbox 1075 1028 1149 1095; x_wconf 79' lang='grc' dir='ltr'><em>ἐν</em></span> <span class='ocrx_word' id='word_1_48' title='bbox 1186 1040 1328 1106; x_wconf 85' lang='grc' dir='ltr'><em>τοῖς</em></span> <span class='ocrx_word' id='word_1_49' title='bbox 1363 1031 1753 1114; x_wconf 82' lang='grc' dir='ltr'><em>μυστηρίοις</em></span> <span class='ocrx_word' id='word_1_50' title='bbox 1779 1027 2332 1114; x_wconf 78' lang='grc' dir='ltr'><em>παραδεδομένας</em></span> 
     </span>
     <span class='ocr_line' id='line_1_8' title="bbox 394 1130 2329 1221; baseline -0.001 -21"><span class='ocrx_word' id='word_1_51' title='bbox 394 1138 686 1220; x_wconf 87' lang='grc' dir='ltr'><em>τελετάς,</em></span> <span class='ocrx_word' id='word_1_52' title='bbox 743 1136 821 1213; x_wconf 83' lang='grc' dir='ltr'><em>ἃς</em></span> <span class='ocrx_word' id='word_1_53' title='bbox 872 1136 1162 1221; x_wconf 80' lang='grc' dir='ltr'><em>ὕστερον</em></span> <span class='ocrx_word' id='word_1_54' title='bbox 1213 1130 1459 1221; x_wconf 88' lang='grc' dir='ltr'><em>Ὀρφέα</em></span> <span class='ocrx_word' id='word_1_55' title='bbox 1503 1137 1623 1200; x_wconf 90' lang='grc' dir='ltr'><em>τὸν</em></span> <span class='ocrx_word' id='word_1_56' title='bbox 1674 1134 1972 1217; x_wconf 83' lang='grc' dir='ltr'><em>Οἰάγρου</em></span> <span class='ocrx_word' id='word_1_57' title='bbox 2018 1137 2329 1219; x_wconf 80' lang='grc' dir='ltr'><em>μαθόντα</em></span> 
     </span>
     <span class='ocr_line' id='line_1_9' title="bbox 392 1238 2328 1327; baseline -0.001 -21"><span class='ocrx_word' id='word_1_58' title='bbox 392 1242 571 1326; x_wconf 79' lang='grc' dir='ltr'><em>παρὰ</em></span> <span class='ocrx_word' id='word_1_59' title='bbox 615 1250 737 1306; x_wconf 87' lang='grc' dir='ltr'><em>τοῦ</em></span> <span class='ocrx_word' id='word_1_60' title='bbox 781 1244 1050 1326; x_wconf 88' lang='grc' dir='ltr'><em>πατρός,</em></span> <span class='ocrx_word' id='word_1_61' title='bbox 1097 1239 1210 1306; x_wconf 84' lang='grc' dir='ltr'><em>καὶ</em></span> <span class='ocrx_word' id='word_1_62' title='bbox 1256 1242 1461 1325; x_wconf 90' lang='grc' dir='ltr'><em>φύσει</em></span> <span class='ocrx_word' id='word_1_63' title='bbox 1495 1238 1607 1306; x_wconf 86' lang='grc' dir='ltr'><em>καὶ</em></span> <span class='ocrx_word' id='word_1_64' title='bbox 1641 1241 1910 1327; x_wconf 76' lang='grc' dir='ltr'><em>παιδεία</em></span> <span class='ocrx_word' id='word_1_65' title='bbox 1945 1251 2082 1305; x_wconf 81' lang='grc' dir='ltr'><em>τῶν</em></span> <span class='ocrx_word' id='word_1_66' title='bbox 2119 1239 2328 1305; x_wconf 84' lang='grc' dir='ltr'><em>ἁπάν-</em></span> 
     </span>
     <span class='ocr_line' id='line_1_10' title="bbox 392 1346 2328 1432; baseline 0 -21"><span class='ocrx_word' id='word_1_67' title='bbox 392 1369 527 1411; x_wconf 90' lang='grc' dir='ltr'><em>των</em></span> <span class='ocrx_word' id='word_1_68' title='bbox 594 1348 1049 1430; x_wconf 82' lang='grc' dir='ltr'><em>διενεγκόντα,</em></span> <span class='ocrx_word' id='word_1_69' title='bbox 1131 1349 1347 1413; x_wconf 78' lang='grc' dir='ltr'><em>πολλὰ</em></span> <span class='ocrx_word' id='word_1_70' title='bbox 1402 1353 1790 1432; x_wconf 74' lang='grc' dir='ltr'><em>μεταθεῖναι</em></span> <span class='ocrx_word' id='word_1_71' title='bbox 1851 1357 1988 1412; x_wconf 80' lang='grc' dir='ltr'><em>τῶν</em></span> <span class='ocrx_word' id='word_1_72' title='bbox 2052 1346 2126 1413; x_wconf 78' lang='grc' dir='ltr'><em>ἐν</em></span> <span class='ocrx_word' id='word_1_73' title='bbox 2186 1356 2328 1423; x_wconf 86' lang='grc' dir='ltr'><em>τοῖς</em></span> 
     </span>
     <span class='ocr_line' id='line_1_11' title="bbox 397 1452 2413 1538; baseline 0 -20"><span class='ocrx_word' id='word_1_74' title='bbox 397 1452 677 1537; x_wconf 81' lang='grc' dir='ltr'><em>ὀργίοις·</em></span> <span class='ocrx_word' id='word_1_75' title='bbox 736 1454 842 1519; x_wconf 90' lang='grc' dir='ltr'><em>διὸ</em></span> <span class='ocrx_word' id='word_1_76' title='bbox 897 1452 1009 1519; x_wconf 80' lang='grc' dir='ltr'><em>καὶ</em></span> <span class='ocrx_word' id='word_1_77' title='bbox 1053 1455 1171 1531; x_wconf 80' lang='grc' dir='ltr'><em>τὰς</em></span> <span class='ocrx_word' id='word_1_78' title='bbox 1217 1454 1349 1520; x_wconf 81' lang='grc' dir='ltr'><em>ὑπὸ</em></span> <span class='ocrx_word' id='word_1_79' title='bbox 1395 1463 1518 1519; x_wconf 82' lang='grc' dir='ltr'><em>τοῦ</em></span> <span class='ocrx_word' id='word_1_80' title='bbox 1568 1454 1919 1519; x_wconf 86' lang='grc' dir='ltr'><em>Διονύσου</em></span> <span class='ocrx_word' id='word_1_81' title='bbox 1963 1452 2328 1538; x_wconf 85' lang='grc' dir='ltr'><em>γενομένας</em></span> <span class='ocrx_word' id='word_1_82' title='bbox 2358 1474 2413 1513; x_wconf 85' lang='lat'><em>10</em></span> 
     </span>
     <span class='ocr_line' id='line_1_12' title="bbox 389 1556 2326 1648; baseline 0.001 -25"><span class='ocrx_word' id='word_1_83' title='bbox 389 1561 651 1637; x_wconf 84' lang='grc' dir='ltr'><em>τελετὰς</em></span> <span class='ocrx_word' id='word_1_84' title='bbox 698 1557 1010 1647; x_wconf 80' lang='grc' dir='ltr'><em>Ὀρφικὰς</em></span> <span class='ocrx_word' id='word_1_85' title='bbox 1063 1566 1716 1648; x_wconf 79' lang='grc' dir='ltr'><em>προσαγορευθῆναι.</em></span> <span class='ocrx_word' id='word_1_86' title='bbox 1805 1571 1942 1625; x_wconf 82' lang='grc' dir='ltr'><em>τῶν</em></span> <span class='ocrx_word' id='word_1_87' title='bbox 2003 1556 2078 1624; x_wconf 75' lang='grc' dir='ltr'><em>δὲ</em></span> <span class='ocrx_word' id='word_1_88' title='bbox 2137 1581 2326 1642; x_wconf 91' lang='grc' dir='ltr'><em>ποιη-</em></span> 
     </span>
     <span class='ocr_line' id='line_1_13' title="bbox 389 1662 2327 1751; baseline 0 -19"><span class='ocrx_word' id='word_1_89' title='bbox 389 1677 524 1732; x_wconf 83' lang='grc' dir='ltr'><em>τῶν</em></span> <span class='ocrx_word' id='word_1_90' title='bbox 579 1691 784 1751; x_wconf 90' lang='grc' dir='ltr'><em>τινες,</em></span> <span class='ocrx_word' id='word_1_91' title='bbox 846 1663 942 1734; x_wconf 82' lang='grc' dir='ltr'><em>ὧν</em></span> <span class='ocrx_word' id='word_1_92' title='bbox 998 1667 1137 1733; x_wconf 80' lang='grc' dir='ltr'><em>ἐστι</em></span> <span class='ocrx_word' id='word_1_93' title='bbox 1194 1666 1307 1733; x_wconf 87' lang='grc' dir='ltr'><em>καὶ</em></span> <span class='ocrx_word' id='word_1_94' title='bbox 1359 1662 1774 1751; x_wconf 78' lang='grc' dir='ltr'><em>Ἀντίμαχος,</em></span> <span class='ocrx_word' id='word_1_95' title='bbox 1836 1666 2327 1751; x_wconf 81' lang='grc' dir='ltr'><em>ἀποφαίνονται</em></span> 
     </span>
     <span class='ocr_line' id='line_1_14' title="bbox 388 1770 2325 1861; baseline 0.001 -24"><span class='ocrx_word' id='word_1_96' title='bbox 388 1774 508 1839; x_wconf 87' lang='grc' dir='ltr'><em>τὸν</em></span> <span class='ocrx_word' id='word_1_97' title='bbox 552 1777 957 1859; x_wconf 87' lang='grc' dir='ltr'><em>Λυκοῦργον</em></span> <span class='ocrx_word' id='word_1_98' title='bbox 996 1772 1078 1839; x_wconf 87' lang='grc' dir='ltr'><em>οὐ</em></span> <span class='ocrx_word' id='word_1_99' title='bbox 1128 1771 1424 1861; x_wconf 79' lang='grc' dir='ltr'><em>Θρᾴκης,</em></span> <span class='ocrx_word' id='word_1_100' title='bbox 1475 1773 1642 1838; x_wconf 77' lang='grc' dir='ltr'><em>ἄλλα</em></span> <span class='ocrx_word' id='word_1_101' title='bbox 1695 1781 1811 1857; x_wconf 80' lang='grc' dir='ltr'><em>τῆς</em></span> <span class='ocrx_word' id='word_1_102' title='bbox 1858 1770 2166 1859; x_wconf 88' lang='grc' dir='ltr'><em>Ἀραβίας</em></span> <span class='ocrx_word' id='word_1_103' title='bbox 2216 1798 2325 1856; x_wconf 88' lang='grc' dir='ltr'><em>γε-</em></span> 
     </span>
     <span class='ocr_line' id='line_1_15' title="bbox 388 1876 2321 1969; baseline 0 -24"><span class='ocrx_word' id='word_1_104' title='bbox 388 1877 664 1964; x_wconf 88' lang='grc' dir='ltr'><em>γονέναι</em></span> <span class='ocrx_word' id='word_1_105' title='bbox 709 1879 1006 1963; x_wconf 81' lang='grc' dir='ltr'><em>βασιλέα,</em></span> <span class='ocrx_word' id='word_1_106' title='bbox 1055 1876 1166 1944; x_wconf 86' lang='grc' dir='ltr'><em>καὶ</em></span> <span class='ocrx_word' id='word_1_107' title='bbox 1210 1886 1304 1967; x_wconf 73' lang='grc' dir='ltr'><em>τῷ</em></span> <span class='ocrx_word' id='word_1_108' title='bbox 1350 1903 1421 1944; x_wconf 90' lang='grc' dir='ltr'><em>τε</em></span> <span class='ocrx_word' id='word_1_109' title='bbox 1458 1881 1778 1969; x_wconf 72' lang='grc' dir='ltr'><em>Διονύσῳ</em></span> <span class='ocrx_word' id='word_1_110' title='bbox 1824 1878 1936 1946; x_wconf 86' lang='grc' dir='ltr'><em>καὶ</em></span> <span class='ocrx_word' id='word_1_111' title='bbox 1980 1890 2120 1956; x_wconf 90' lang='grc' dir='ltr'><em>ταῖς</em></span> <span class='ocrx_word' id='word_1_112' title='bbox 2160 1881 2321 1962; x_wconf 87' lang='grc' dir='ltr'><em>βάκ-</em></span> 
     </span>
     <span class='ocr_line' id='line_1_16' title="bbox 391 1980 2437 2073; baseline 0.002 -20"><span class='ocrx_word' id='word_1_113' title='bbox 391 2011 539 2072; x_wconf 84' lang='grc' dir='ltr'><em>χαις</em></span> <span class='ocrx_word' id='word_1_114' title='bbox 581 1987 705 2071; x_wconf 83' lang='grc' dir='ltr'><em>τὴν</em></span> <span class='ocrx_word' id='word_1_115' title='bbox 750 1985 1056 2052; x_wconf 73' lang='grc' dir='ltr'><em>ἐπίθεσιν</em></span> <span class='ocrx_word' id='word_1_116' title='bbox 1102 1984 1177 2052; x_wconf 82' lang='grc' dir='ltr'><em>ἐν</em></span> <span class='ocrx_word' id='word_1_117' title='bbox 1233 1993 1314 2071; x_wconf 78' lang='grc' dir='ltr'><em>τῇ</em></span> <span class='ocrx_word' id='word_1_118' title='bbox 1360 1987 1525 2051; x_wconf 80' lang='grc' dir='ltr'><em>κατὰ</em></span> <span class='ocrx_word' id='word_1_119' title='bbox 1573 1986 1696 2070; x_wconf 89' lang='grc' dir='ltr'><em>τὴν</em></span> <span class='ocrx_word' id='word_1_120' title='bbox 1743 1980 2056 2072; x_wconf 85' lang='grc' dir='ltr'><em>Ἀραβίαν</em></span> <span class='ocrx_word' id='word_1_121' title='bbox 2101 1985 2300 2073; x_wconf 77' lang='grc' dir='ltr'><em>Νύσῃ</em></span> <span class='ocrx_word' id='word_1_122' title='bbox 2321 2006 2437 2058; x_wconf 79' lang='lat'><em>235</em></span> 
     </span>
     <span class='ocr_line' id='line_1_17' title="bbox 388 2086 2407 2177; baseline 0.001 -19"><span class='ocrx_word' id='word_1_123' title='bbox 388 2099 815 2177; x_wconf 82' lang='grc' dir='ltr'><em>πεποιῆσθαι.</em></span> <span class='ocrx_word' id='word_1_124' title='bbox 896 2094 1016 2158; x_wconf 89' lang='grc' dir='ltr'><em>τὸν</em></span> <span class='ocrx_word' id='word_1_125' title='bbox 1064 2090 1126 2157; x_wconf 86' lang='grc' dir='ltr'><em>δ’</em></span> <span class='ocrx_word' id='word_1_126' title='bbox 1175 2086 1301 2158; x_wconf 85' lang='grc' dir='ltr'><em>οὖν</em></span> <span class='ocrx_word' id='word_1_127' title='bbox 1340 2096 1689 2159; x_wconf 89' lang='grc' dir='ltr'><em>Διόνυσόν</em></span> <span class='ocrx_word' id='word_1_128' title='bbox 1737 2110 1905 2177; x_wconf 89' lang='grc' dir='ltr'><em>φασι</em></span> <span class='ocrx_word' id='word_1_129' title='bbox 1949 2095 2322 2160; x_wconf 80' lang='grc' dir='ltr'><em>κολάσαντα</em></span> <span class='ocrx_word' id='word_1_130' title='bbox 2352 2111 2407 2152; x_wconf 80' lang='grc'><em>16</em></span> 
     </span>
     <span class='ocr_line' id='line_1_18' title="bbox 388 2196 2323 2286; baseline 0.001 -22"><span class='ocrx_word' id='word_1_131' title='bbox 388 2196 512 2284; x_wconf 74' lang='grc' dir='ltr'><em>μὲν</em></span> <span class='ocrx_word' id='word_1_132' title='bbox 566 2204 725 2278; x_wconf 85' lang='grc' dir='ltr'><em>τοὺς</em></span> <span class='ocrx_word' id='word_1_133' title='bbox 778 2200 1070 2284; x_wconf 79' lang='grc' dir='ltr'><em>ἀσεβεῖς,</em></span> <span class='ocrx_word' id='word_1_134' title='bbox 1130 2199 1429 2277; x_wconf 81' lang='grc' dir='ltr'><em>ἐπιεικῶς</em></span> <span class='ocrx_word' id='word_1_135' title='bbox 1486 2196 1559 2265; x_wconf 72' lang='grc' dir='ltr'><em>δὲ</em></span> <span class='ocrx_word' id='word_1_136' title='bbox 1603 2198 2140 2286; x_wconf 83' lang='grc' dir='ltr'><em>προσενεχθέντα</em></span> <span class='ocrx_word' id='word_1_137' title='bbox 2184 2212 2323 2279; x_wconf 90' lang='grc' dir='ltr'><em>τοῖς</em></span> 
     </span>
     <span class='ocr_line' id='line_1_19' title="bbox 390 2304 2323 2393; baseline 0.001 -22"><span class='ocrx_word' id='word_1_138' title='bbox 390 2307 619 2384; x_wconf 75' lang='grc' dir='ltr'><em>ἄλλοις</em></span> <span class='ocrx_word' id='word_1_139' title='bbox 680 2307 1099 2393; x_wconf 78' lang='grc' dir='ltr'><em>ἀνθρώποις,</em></span> <span class='ocrx_word' id='word_1_140' title='bbox 1167 2305 1239 2372; x_wconf 81' lang='grc' dir='ltr'><em>ἐκ</em></span> <span class='ocrx_word' id='word_1_141' title='bbox 1295 2315 1413 2389; x_wconf 80' lang='grc' dir='ltr'><em>τῆς</em></span> <span class='ocrx_word' id='word_1_142' title='bbox 1468 2304 1752 2390; x_wconf 86' lang='grc' dir='ltr'><em>Ἰνδικῆς</em></span> <span class='ocrx_word' id='word_1_143' title='bbox 1809 2305 1908 2372; x_wconf 79' lang='grc' dir='ltr'><em>ἐπ’</em></span> <span class='ocrx_word' id='word_1_144' title='bbox 1963 2304 2323 2392; x_wconf 81' lang='grc' dir='ltr'><em>ἐλέφαντος</em></span> 
     </span>
     <span class='ocr_line' id='line_1_20' title="bbox 318 2410 2322 2498; baseline -0.001 -17"><span class='ocrx_word' id='word_1_145' title='bbox 318 2432 350 2481; x_wconf 86' lang='grc'>8</span> <span class='ocrx_word' id='word_1_146' title='bbox 390 2413 516 2496; x_wconf 85' lang='grc' dir='ltr'><em>τὴν</em></span> <span class='ocrx_word' id='word_1_147' title='bbox 563 2415 658 2490; x_wconf 91' lang='grc' dir='ltr'><em>εἰς</em></span> <span class='ocrx_word' id='word_1_148' title='bbox 706 2415 930 2497; x_wconf 84' lang='grc' dir='ltr'><em>Θήβας</em></span> <span class='ocrx_word' id='word_1_149' title='bbox 984 2412 1320 2478; x_wconf 81' lang='grc' dir='ltr'><em>ἐπάνοδον</em></span> <span class='ocrx_word' id='word_1_150' title='bbox 1373 2416 1802 2495; x_wconf 84' lang='grc' dir='ltr'><em>ποιήσασθαι.</em></span> <span class='ocrx_word' id='word_1_151' title='bbox 1893 2422 2194 2498; x_wconf 86' lang='grc' dir='ltr'><em>τριετοῦς</em></span> <span class='ocrx_word' id='word_1_152' title='bbox 2251 2410 2322 2479; x_wconf 75' lang='grc' dir='ltr'><em>δὲ</em></span> 
     </span>
     <span class='ocr_line' id='line_1_21' title="bbox 392 2517 2404 2603; baseline 0.002 -21"><span class='ocrx_word' id='word_1_153' title='bbox 392 2517 954 2602; x_wconf 80' lang='grc' dir='ltr'><em>διαγεγενημένου</em></span> <span class='ocrx_word' id='word_1_154' title='bbox 999 2526 1119 2583; x_wconf 86' lang='grc' dir='ltr'><em>τοῦ</em></span> <span class='ocrx_word' id='word_1_155' title='bbox 1168 2519 1552 2603; x_wconf 84' lang='grc' dir='ltr'><em>σύμπαντος</em></span> <span class='ocrx_word' id='word_1_156' title='bbox 1605 2521 1887 2603; x_wconf 89' lang='grc' dir='ltr'><em>χρόνου,</em></span> <span class='ocrx_word' id='word_1_157' title='bbox 1944 2517 2114 2603; x_wconf 87' lang='grc' dir='ltr'><em>φασὶ</em></span> <span class='ocrx_word' id='word_1_158' title='bbox 2167 2522 2322 2597; x_wconf 86' lang='grc' dir='ltr'><em>τοὺς</em></span> <span class='ocrx_word' id='word_1_159' title='bbox 2350 2536 2404 2576; x_wconf 76' lang='lat'><em>2⁰</em></span> 
     </span>
     <span class='ocr_line' id='line_1_22' title="bbox 372 2621 2322 2712; baseline 0.002 -25"><span class='ocrx_word' id='word_1_160' title='bbox 372 2621 699 2706; x_wconf 86' lang='grc' dir='ltr'><em>Ἕλληνας</em></span> <span class='ocrx_word' id='word_1_161' title='bbox 744 2623 872 2688; x_wconf 81' lang='grc' dir='ltr'><em>ἀπὸ</em></span> <span class='ocrx_word' id='word_1_162' title='bbox 918 2624 1160 2707; x_wconf 85' lang='grc' dir='ltr'><em>ταύτης</em></span> <span class='ocrx_word' id='word_1_163' title='bbox 1204 2633 1322 2706; x_wconf 81' lang='grc' dir='ltr'><em>τῆς</em></span> <span class='ocrx_word' id='word_1_164' title='bbox 1367 2626 1582 2701; x_wconf 82' lang='grc' dir='ltr'><em>αἰτίας</em></span> <span class='ocrx_word' id='word_1_165' title='bbox 1626 2626 1815 2708; x_wconf 79' lang='grc' dir='ltr'><em>ἄγειν</em></span> <span class='ocrx_word' id='word_1_166' title='bbox 1848 2628 1965 2703; x_wconf 78' lang='grc' dir='ltr'><em>τὰς</em></span> <span class='ocrx_word' id='word_1_167' title='bbox 1997 2629 2322 2712; x_wconf 88' lang='grc' dir='ltr'><em>τριετηρί-</em></span> 
     </span>
     <span class='ocr_line' id='line_1_23' title="bbox 390 2724 2321 2818; baseline 0.002 -25"><span class='ocrx_word' id='word_1_168' title='bbox 390 2728 525 2803; x_wconf 89' lang='grc' dir='ltr'><em>δας.</em></span> <span class='ocrx_word' id='word_1_169' title='bbox 619 2731 1084 2811; x_wconf 83' lang='grc' dir='ltr'><em>μυθολογοῦσι</em></span> <span class='ocrx_word' id='word_1_170' title='bbox 1143 2724 1204 2793; x_wconf 88' lang='grc' dir='ltr'><em>δ’</em></span> <span class='ocrx_word' id='word_1_171' title='bbox 1259 2728 1466 2795; x_wconf 82' lang='grc' dir='ltr'><em>αὐτὸν</em></span> <span class='ocrx_word' id='word_1_172' title='bbox 1528 2727 1640 2795; x_wconf 90' lang='grc' dir='ltr'><em>καὶ</em></span> <span class='ocrx_word' id='word_1_173' title='bbox 1704 2731 2027 2817; x_wconf 84' lang='grc' dir='ltr'><em>λαφύρων</em></span> <span class='ocrx_word' id='word_1_174' title='bbox 2085 2731 2321 2818; x_wconf 82' lang='grc' dir='ltr'><em>ἠθροι-</em></span> 
     </span>
     <span class='ocr_line' id='line_1_24' title="bbox 388 2832 2321 2922; baseline 0.003 -25"><span class='ocrx_word' id='word_1_175' title='bbox 388 2835 548 2898; x_wconf 90' lang='grc' dir='ltr'><em>κότα</em></span> <span class='ocrx_word' id='word_1_176' title='bbox 593 2837 853 2916; x_wconf 80' lang='grc' dir='ltr'><em>πλῆθος</em></span> <span class='ocrx_word' id='word_1_177' title='bbox 889 2834 978 2910; x_wconf 79' lang='grc' dir='ltr'><em>ὡς</em></span> <span class='ocrx_word' id='word_1_178' title='bbox 1016 2832 1099 2899; x_wconf 75' lang='grc' dir='ltr'><em>ἂν</em></span> <span class='ocrx_word' id='word_1_179' title='bbox 1137 2833 1264 2899; x_wconf 82' lang='grc' dir='ltr'><em>ἀπὸ</em></span> <span class='ocrx_word' id='word_1_180' title='bbox 1302 2836 1699 2920; x_wconf 85' lang='grc' dir='ltr'><em>τηλικαύτης</em></span> <span class='ocrx_word' id='word_1_181' title='bbox 1735 2838 2099 2922; x_wconf 88' lang='grc' dir='ltr'><em>στρατείας,</em></span> <span class='ocrx_word' id='word_1_182' title='bbox 2145 2848 2321 2922; x_wconf 79' lang='grc' dir='ltr'><em>πρῶ-</em></span> 
     </span>
     <span class='ocr_line' id='line_1_25' title="bbox 387 2939 2320 3029; baseline 0.002 -24"><span class='ocrx_word' id='word_1_183' title='bbox 387 2964 509 3007; x_wconf 90' lang='grc' dir='ltr'><em>τον</em></span> <span class='ocrx_word' id='word_1_184' title='bbox 571 2951 708 3006; x_wconf 79' lang='grc' dir='ltr'><em>τῶν</em></span> <span class='ocrx_word' id='word_1_185' title='bbox 771 2939 1085 3006; x_wconf 79' lang='grc' dir='ltr'><em>ἁπάντων</em></span> <span class='ocrx_word' id='word_1_186' title='bbox 1155 2953 1557 3025; x_wconf 80' lang='grc' dir='ltr'><em>καταγαγεῖν</em></span> <span class='ocrx_word' id='word_1_187' title='bbox 1628 2946 1971 3028; x_wconf 88' lang='grc' dir='ltr'><em>θρίαμβον</em></span> <span class='ocrx_word' id='word_1_188' title='bbox 2033 2945 2129 3021; x_wconf 90' lang='grc' dir='ltr'><em>εἰς</em></span> <span class='ocrx_word' id='word_1_189' title='bbox 2197 2945 2320 3029; x_wconf 83' lang='grc' dir='ltr'><em>τὴν</em></span> 
     </span>
     <span class='ocr_line' id='line_1_26' title="bbox 390 3048 2398 3135; baseline -0.002 -22"><span class='ocrx_word' id='word_1_190' title='bbox 390 3048 694 3135; x_wconf 91' lang='grc' dir='ltr'><em>πατρίδα.</em></span> <span class='ocrx_word' id='word_1_191' title='bbox 2346 3069 2398 3109; x_wconf 78' lang='lat'><em>25</em></span> 
     </span>
     <span class='ocr_line' id='line_1_27' title="bbox 287 3149 2322 3239; baseline 0 -20"><span class='ocrx_word' id='word_1_192' title='bbox 287 3156 373 3219; x_wconf 83' lang='lat'><em>66</em></span> <span class='ocrx_word' id='word_1_193' title='bbox 572 3149 792 3219; x_wconf 83' lang='grc' dir='ltr'><em>Αὗται</em></span> <span class='ocrx_word' id='word_1_194' title='bbox 837 3150 961 3238; x_wconf 74' lang='grc' dir='ltr'><em>μὲν</em></span> <span class='ocrx_word' id='word_1_195' title='bbox 1009 3149 1133 3220; x_wconf 78' lang='grc' dir='ltr'><em>οὖν</em></span> <span class='ocrx_word' id='word_1_196' title='bbox 1180 3155 1255 3220; x_wconf 81' lang='grc' dir='ltr'><em>αἰ</em></span> <span class='ocrx_word' id='word_1_197' title='bbox 1295 3153 1587 3238; x_wconf 84' lang='grc' dir='ltr'><em>γενέσεις</em></span> <span class='ocrx_word' id='word_1_198' title='bbox 1631 3164 2156 3239; x_wconf 83' lang='grc' dir='ltr'><em>συμφωνοῦνται</em></span> <span class='ocrx_word' id='word_1_199' title='bbox 2202 3156 2322 3239; x_wconf 87' lang='grc' dir='ltr'><em>μά-</em></span> 
     </span>
     <span class='ocr_line' id='line_1_28' title="bbox 388 3257 2321 3344; baseline 0.003 -22"><span class='ocrx_word' id='word_1_200' title='bbox 388 3263 579 3323; x_wconf 85' lang='grc' dir='ltr'><em>λιστα</em></span> <span class='ocrx_word' id='word_1_201' title='bbox 624 3262 803 3344; x_wconf 85' lang='grc' dir='ltr'><em>παρὰ</em></span> <span class='ocrx_word' id='word_1_202' title='bbox 847 3271 988 3337; x_wconf 89' lang='grc' dir='ltr'><em>τοῖς</em></span> <span class='ocrx_word' id='word_1_203' title='bbox 1031 3266 1365 3338; x_wconf 89' lang='grc' dir='ltr'><em>παλαιοῖς·</em></span> <span class='ocrx_word' id='word_1_204' title='bbox 1413 3260 1906 3344; x_wconf 82' lang='grc' dir='ltr'><em>ἀμφισβητοῦσι</em></span> <span class='ocrx_word' id='word_1_205' title='bbox 1945 3257 2020 3327; x_wconf 78' lang='grc' dir='ltr'><em>δὲ</em></span> <span class='ocrx_word' id='word_1_206' title='bbox 2055 3258 2168 3327; x_wconf 85' lang='grc' dir='ltr'><em>καὶ</em></span> <span class='ocrx_word' id='word_1_207' title='bbox 2204 3265 2321 3328; x_wconf 84' lang='grc' dir='ltr'><em>πό-</em></span> 
     </span>
     <span class='ocr_line' id='line_1_29' title="bbox 389 3364 2318 3449; baseline 0.005 -25"><span class='ocrx_word' id='word_1_208' title='bbox 389 3366 525 3437; x_wconf 90' lang='grc' dir='ltr'><em>λεις</em></span> <span class='ocrx_word' id='word_1_209' title='bbox 580 3364 704 3428; x_wconf 80' lang='grc' dir='ltr'><em>οὐκ</em></span> <span class='ocrx_word' id='word_1_210' title='bbox 762 3364 981 3448; x_wconf 88' lang='grc' dir='ltr'><em>ὀλίγαι</em></span> <span class='ocrx_word' id='word_1_211' title='bbox 1026 3364 1411 3449; x_wconf 87' lang='grc' dir='ltr'><em>Ἑλληνίδες</em></span> <span class='ocrx_word' id='word_1_212' title='bbox 1462 3374 1579 3448; x_wconf 83' lang='grc' dir='ltr'><em>τῆς</em></span> <span class='ocrx_word' id='word_1_213' title='bbox 1623 3367 1869 3432; x_wconf 91' lang='grc' dir='ltr'><em>τούτου</em></span> <span class='ocrx_word' id='word_1_214' title='bbox 1913 3368 2318 3446; x_wconf 78' lang='grc' dir='ltr'><em>τεκνώσεως·</em></span> 
     </span>
    </p>
   </div>
   <div class='ocr_carea' id='block_1_3' title="bbox 392 3516 2318 3665">
    <p class='ocr_par' dir='ltr' id='par_1_3' title="bbox 392 3516 2318 3665">
     <span class='ocr_line' id='line_1_30' title="bbox 539 3516 2318 3587; baseline 0.008 -22"><span class='ocrx_word' id='word_1_215' title='bbox 539 3521 566 3565; x_wconf 84' lang='grc'>1</span> <span class='ocrx_word' id='word_1_216' title='bbox 590 3533 919 3586; x_wconf 78' lang='grc' dir='ltr'><em>προσενεγκ.</em></span> <span class='ocrx_word' id='word_1_217' title='bbox 938 3518 1193 3575; x_wconf 73' lang='lat' dir='ltr'>Hertlein</span> <span class='ocrx_word' id='word_1_218' title='bbox 1258 3528 1290 3575; x_wconf 84' lang='lat'>2</span> <span class='ocrx_word' id='word_1_219' title='bbox 1315 3516 1538 3587; x_wconf 81' lang='grc' dir='ltr'><em>Θάροπι</em></span> <span class='ocrx_word' id='word_1_220' title='bbox 1560 3518 1612 3573; x_wconf 96' lang='lat' dir='ltr'><em>II</em></span> <span class='ocrx_word' id='word_1_221' title='bbox 1693 3516 1993 3577; x_wconf 71' lang='grc' dir='ltr'><em>ἀποδόντα</em></span> <span class='ocrx_word' id='word_1_222' title='bbox 2012 3523 2065 3576; x_wconf 93' lang='grc' dir='ltr'><em>ΙΙ</em></span> <span class='ocrx_word' id='word_1_223' title='bbox 2140 3530 2174 3577; x_wconf 84' lang='grc'>4</span> <span class='ocrx_word' id='word_1_224' title='bbox 2207 3519 2318 3579; x_wconf 81' lang='grc' dir='ltr'><em>Θά-</em></span> 
     </span>
     <span class='ocr_line' id='line_1_31' title="bbox 392 3582 2316 3665; baseline 0.006 -27"><span class='ocrx_word' id='word_1_225' title='bbox 392 3594 562 3639; x_wconf 70' lang='lat' dir='ltr'>oonog</span> <span class='ocrx_word' id='word_1_226' title='bbox 581 3582 633 3633; x_wconf 90' lang='grc' dir='ltr'>Π</span> <span class='ocrx_word' id='word_1_227' title='bbox 674 3644 683 3652; x_wconf 28' lang='grc' dir='ltr'>ι</span> <span class='ocrx_word' id='word_1_228' title='bbox 727 3591 758 3637; x_wconf 80' lang='grc' dir='ltr'>ὅ</span> <span class='ocrx_word' id='word_1_229' title='bbox 779 3604 837 3638; x_wconf 88' lang='grc' dir='ltr'><em>τε</em></span> <span class='ocrx_word' id='word_1_230' title='bbox 860 3601 968 3639; x_wconf 89' lang='lat' dir='ltr'><em>om.</em></span> <span class='ocrx_word' id='word_1_231' title='bbox 982 3588 1030 3639; x_wconf 93' lang='lat' dir='ltr'><strong>D</strong></span> <span class='ocrx_word' id='word_1_232' title='bbox 1127 3595 1160 3642; x_wconf 81' lang='lat'><strong>6</strong></span> <span class='ocrx_word' id='word_1_233' title='bbox 1179 3586 1409 3652; x_wconf 77' lang='grc' dir='ltr'><em>τελετὰς</em></span> <span class='ocrx_word' id='word_1_234' title='bbox 1426 3590 1726 3661; x_wconf 60' lang='grc' dir='ltr'><em>παρΝῐιΙΒ.</em></span> <span class='ocrx_word' id='word_1_235' title='bbox 1801 3597 1872 3645; x_wconf 80' lang='grc'><em>24</em></span> <span class='ocrx_word' id='word_1_236' title='bbox 1892 3593 2029 3664; x_wconf 78' lang='grc' dir='ltr'><em>τῶν]</em></span> <span class='ocrx_word' id='word_1_237' title='bbox 2044 3590 2146 3648; x_wconf 77' lang='grc' dir='ltr'><em>τὸν</em></span> <span class='ocrx_word' id='word_1_238' title='bbox 2164 3596 2316 3665; x_wconf 85' lang='lat' dir='ltr'>vulg.</span> 
     </span>
    </p>
   </div>
   <div class='ocr_carea' id='block_1_4' title="bbox 2530 3603 2535 3840">
    <p class='ocr_par' dir='ltr' id='par_1_4' title="bbox 2530 3603 2535 3840">
     <span class='ocr_line' id='line_1_32' title="bbox 2534 3603 2535 3688; baseline 0 0"><span class='ocrx_word' id='word_1_239' title='bbox 2534 3603 2535 3688; x_wconf 57' lang='grc' dir='ltr'><strong><em>Ν</em></strong></span> 
     </span>
     <span class='ocr_line' id='line_1_33' title="bbox 2530 3759 2533 3840; baseline 0 0"><span class='ocrx_word' id='word_1_240' title='bbox 2530 3759 2533 3840; x_wconf 50' lang='lat' dir='ltr'>f</span> 
     </span>
    </p>
   </div>
  </div>
 </body>
</html>
