2569 4061
444 312 579 382 496
924 368 931 375 .
1107 311 1418 369 DIODORI
1455 310 1691 367 SICULI

450 474 766 559 ἱδρύσατο
834 473 1017 560 ἱερὸν
1083 468 1482 562 Ἀφροδίτης
1542 475 1721 561 παρὰ
1791 474 1916 558 τὴν
1988 472 2432 562 ἀκρόπολιν,

448 581 615 645 ὅθεν
668 574 754 664 ἦν
810 586 1119 666 καθορᾶν
1171 581 1296 663 τὴν
1353 583 1700 666 Τροιζῆνα,
1746 579 2031 664 ὕστερον
2078 575 2156 644 δὲ
2205 585 2434 668 παρὰ

446 695 537 773 τῷ
578 690 832 754 Πιτθεῖ
873 689 1037 773 μετὰ
1080 696 1203 754 τοῦ
1241 684 1514 771 Θησέως
1559 687 1984 752 καταλύσασα
2029 684 2235 769 ἠξίου
2282 690 2431 755 τὸν

436 788 836 861 Ἱππόλυτον
897 802 1169 878 μιγῆναι
1230 791 1417 878 αὐτῇ.
1510 792 1939 868 ἀντειπόντος
2001 786 2065 856 δ’
2118 790 2428 861 ἐκείνου

450 899 616 986 φασὶ
661 902 786 986 τὴν
838 901 1144 986 Φαίδραν
1190 899 1666 983 ἀγανακτῆσαι,
1711 897 1823 965 καὶ
1869 897 2426 967 ἐπανελθοῦσαν
2452 920 2476 962 5

451 1008 547 1085 εἰς
600 1009 716 1085 τὰς
764 1001 1052 1089 Ἀθήνας
1106 1007 1319 1072 εἰπεῖν
1372 1014 1464 1094 τῷ
1523 1010 1737 1091 Θησεῖ
1791 1005 1963 1070 διότι
2023 1002 2417 1088 ἐπεβάλετο

381 1129 414 1179 3
443 1109 834 1190 Ἱππόλυτος
887 1113 1055 1198 αὐτῇ
1112 1121 1406 1197 μιγῆναι.
1498 1109 1768 1197 Θησέως
1824 1107 1897 1177 δὲ
1957 1111 2419 1191 διστάζοντος

451 1217 604 1305 περὶ
648 1229 765 1303 τῆς
810 1220 1158 1301 διαβολῆς,
1214 1214 1327 1283 καὶ
1372 1219 1492 1283 τὸν
1529 1214 1923 1283 Ἱππόλυτον
1969 1238 2413 1302 μεταπεμπο-

450 1322 660 1409 μένου
712 1326 879 1409 πρὸς
933 1325 1054 1390 τὸν
1109 1326 1415 1410 ἔλεγχον,
1480 1325 1744 1410 Φαίδρα
1807 1320 1931 1408 μὲν
1997 1327 2412 1408 φοβηθεῖσα

448 1432 568 1495 τὸν
624 1428 981 1516 ἐξετασμὸν
1036 1430 1485 1518 ἀνεκρέμασεν
1550 1429 1815 1515 ἑαυτήν,
1863 1428 2262 1509 Ἱππόλυτος
2329 1431 2397 1497 δ’
2435 1454 2482 1494 ιο

450 1537 961 1624 ἁρματηλατῶν,
1043 1539 1134 1616 ὡς
1193 1539 1441 1622 ἤκουσε
1502 1539 1585 1603 τὰ
1645 1535 1797 1625 περὶ
1859 1545 1977 1621 τῆς
2040 1540 2399 1623 διαβολῆς,

451 1646 794 1731 συνεχύθη
857 1646 982 1730 τὴν
1039 1647 1286 1729 ψυχήν,
1350 1642 1461 1710 καὶ
1523 1645 1636 1710 διὰ
1696 1653 1895 1710 τοῦτο
1957 1654 2095 1708 τῶν
2159 1645 2397 1711 ἳππων

449 1750 924 1840 ταραχθέντων
970 1750 1083 1817 καὶ
1129 1748 1681 1836 ἐπισπασαμένων
1717 1750 1924 1816 αὐτὸν
1958 1760 2103 1827 ταῖς
2135 1749 2392 1835 ἡνίαις,

452 1857 701 1943 συνέβη
747 1860 870 1924 τὸν
916 1855 1040 1942 μὲν
1087 1859 1336 1944 δίφρον
1381 1860 1856 1943 συντριβῆναι,
1909 1859 1986 1923 τὸ
2033 1852 2105 1921 δὲ
2145 1859 2396 1942 μειρά-

449 1989 600 2032 κιον
655 1961 986 2052 ἐμπλακὲν
1039 1973 1180 2042 τοῖς
1235 1965 1464 2050 ἱμᾶσιν
1521 1962 1932 2048 ἑλκυσθῆναι
1988 1959 2090 2028 καὶ
2145 1964 2390 2027 τελευ-
2424 1985 2469 2027 15

379 2085 415 2134 4
450 2082 662 2157 τῆσαι.
742 2070 1129 2149 Ἱππόλυτος
1186 2068 1313 2157 μὲν
1376 2065 1502 2138 οὖν
1568 2072 1680 2137 διὰ
1743 2070 2192 2157 σωφροσύνην
2258 2071 2391 2137 τὸν

450 2180 604 2261 βίον
647 2178 1102 2266 καταστρέψας
1144 2180 1323 2265 παρὰ
1369 2180 1779 2265 Τροιζηνίοις
1815 2180 2046 2263 ἔτυχεν
2084 2174 2388 2244 ἰσοθέων

449 2295 683 2371 τιμῶν,
732 2289 992 2370 Θησεὺς
1050 2282 1124 2350 δὲ
1170 2287 1334 2370 μετὰ
1377 2294 1583 2351 ταῦτα
1628 2281 2226 2361 καταστασιασθεὶς
2269 2281 2385 2349 καὶ

453 2395 693 2478 φυγὼν
738 2392 811 2460 ἐκ
855 2400 972 2476 τῆς
1018 2394 1340 2479 πατρίδος
1386 2390 1493 2458 ἐπὶ
1536 2400 1652 2476 τῆς
1697 2389 1887 2475 ξένης
1938 2389 2381 2476 ἐτελεύτησεν.

453 2499 525 2563 οἱ
550 2496 614 2563 δ’
643 2496 991 2583 Ἀθηναῖοι
1020 2495 1587 2584 μεταμεληθέντες
1603 2498 1684 2563 τά
1700 2521 1770 2562 τε
1791 2497 1951 2563 ὀστᾶ
1970 2500 2381 2581 μετήνεγκαν
2405 2518 2452 2558 20

450 2602 562 2667 καὶ
621 2614 841 2687 τιμαῖς
903 2602 1202 2681 ἰσοθέοις
1261 2603 1580 2690 ἐτίμησαν
1621 2603 1876 2689 αὐτόν,
1937 2601 2047 2669 καὶ
2107 2601 2379 2688 τέμενος

450 2708 705 2772 ἄσυλον
742 2708 1073 2791 ἐποίησαν
1109 2707 1183 2773 έν
1217 2720 1363 2786 ταῖς
1401 2708 1718 2795 Ἀθήναις
1761 2711 1836 2775 τὸ
1883 2714 2377 2797 προσαγορευό-

451 2835 657 2898 μενον
704 2809 812 2878 ἀπ’
867 2812 1131 2880 ἐκείνου
1178 2818 1483 2898 Θησεῖον.

346 2913 431 2979 63
623 2917 850 3005 Ἡμεῖς
911 2914 974 2987 δ’
1039 2919 1180 2988 ἐπεὶ
1237 2923 1357 2988 τὸν
1415 2921 1567 3009 περὶ
1620 2921 1889 3008 Θησέως
1948 2926 2153 3006 λόγον
2216 2921 2372 2988 ἀπο-

455 3029 863 3114 δεδώκαμεν,
909 3027 984 3095 έν
1027 3027 1211 3116 μέρει
1249 3027 1538 3114 διέξιμεν
1573 3031 1732 3116 περί
1769 3053 1837 3096 τε
1883 3038 2000 3114 τῆς
2043 3029 2210 3095 κατὰ
2252 3030 2468 3112 τὴν3οτ

443 3132 719 3220 Ἑλένην
793 3134 1090 3221 ἁρπαγῆς
1162 3132 1273 3200 καὶ
1345 3145 1461 3220 τῆς
1524 3137 1875 3222 μνηστείας
1944 3138 2367 3222 Φερσεφόνης
2392 3175 2442 3217 23

451 3241 581 3308 ὑπὸ
630 3245 994 3328 Πειρίθου·
1042 3236 1237 3308 αὗται
1280 3243 1420 3328 γὰρ,
1458 3242 1534 3307 αἱ
1571 3242 1838 3330 πράξεις
1884 3240 2367 3327 συμπεπλεγμέ-

450 3372 563 3413 ναι
620 3357 765 3426 ταῖς
812 3347 1082 3432 Θησέως
1140 3351 1286 3414 εἰσί.
1379 3351 1752 3435 Πειρίθους
1806 3349 1934 3435 γὰρ
1991 3347 2027 3414 ὁ
2083 3346 2360 3430 Ἰξίονος,

597 3508 624 3555 1
666 3499 824 3571 ἱερὸν
861 3499 1127 3573 ἱδρύσατο
1165 3505 1214 3557 D
1326 3512 1358 3560 3
1397 3505 1498 3561 τοῦ
1537 3522 1643 3560 om.
1685 3504 1791 3561 OF
1896 3510 1960 3559 17
2002 3501 2183 3576 παρὰ]
2216 3502 2354 3575 παρὰ

448 3576 566 3630 τοῖς
605 3570 710 3625 OF
813 3578 884 3626 24
919 3573 1050 3642 περὶ
1086 3570 1187 3629 τὸν
1224 3575 1273 3627 D
1385 3569 1767 3645 ἀπεδώκαμεν
1801 3573 1871 3631 D.
