2569 4061
365 305 497 370 314
1031 303 1339 360 DIODORI
1376 303 1610 360 SICULI

363 471 630 550 [ὄντων]
680 472 946 552 θηρίων
999 479 1136 533 τῶν
1189 468 1357 533 κατὰ
1410 469 1525 545 τὰς
1579 465 2015 550 ὑποκειμένας
2069 467 2294 551 χώρας

288 594 320 642 2
360 576 432 642 ἐν
485 574 670 660 μέρει
727 572 1033 660 διέξιμεν.
1127 575 1269 639 ἔστι
1324 576 1451 659 γὰρ
1511 577 1678 662 ζῷον
1735 573 1769 638 ὃ
1825 577 2120 638 καλεῖται
2167 568 2291 657 μὲν

356 681 482 746 ἀπὸ
528 690 651 746 τοῦ
698 683 1191 766 συμβεβηκότος
1237 681 1627 766 ῥινόκερως,
1676 678 1841 764 ἀλκῇ
1889 675 1963 743 δὲ
2007 677 2118 744 καὶ
2173 682 2289 765 βίᾳ

358 789 823 873 παραπλήσιον
867 790 941 853 ὃν
988 785 1318 871 ἐλέφαντι,
1355 796 1447 875 τῷ
1487 784 1563 851 δὲ
1598 786 1755 864 ὕψει
1797 789 2285 871 ταπεινότερον,

354 895 478 977 τὴν
504 884 628 979 μὲν
658 897 868 981 δορὰν
898 895 1341 980 ἰσχυροτάτην
1369 896 1523 978 ἔχει,
1569 895 1694 977 τὴν
1732 891 1807 959 δὲ
1842 893 2049 979 χρόαν
2086 893 2284 972 πυξο-
2315 906 2342 949 5

355 1002 521 1085 ειδῆ.
623 999 731 1067 ἐπὶ
797 998 857 1065 δ’
919 1001 1145 1086 ἄκρων
1212 1010 1348 1065 τῶν
1410 1002 1768 1086 μυκτήρων
1837 996 2026 1085 φέρει
2091 997 2285 1084 κέρας

350 1117 441 1196 τῷ
496 1108 681 1196 τύπῳ
738 1109 965 1189 σιμόν,
1030 1114 1110 1191 τῇ
1169 1103 1244 1171 δὲ
1301 1107 1687 1191 στερεότητι
1730 1107 1984 1194 σιδήρῳ
2039 1126 2285 1191 παρεμ-

277 1239 309 1286 3
350 1211 564 1299 φερές.
634 1222 830 1278 τοῦτο
869 1210 1024 1297 περὶ
1058 1219 1174 1295 τῆς
1216 1221 1430 1296 νομῆς
1476 1210 1576 1277 ἀεὶ
1624 1214 2111 1297 διαφερόμενον
2150 1211 2285 1277 ἐλέ-

355 1341 558 1403 φαντι
611 1320 687 1384 τὸ
742 1315 864 1402 μὲν
919 1316 1116 1404 κέρας
1173 1321 1340 1404 πρός
1383 1341 1532 1383 τινα
1577 1327 1713 1383 τῶν
1757 1328 2018 1405 πετρῶν
2062 1321 2282 1403 θήγει,

235 1414 238 1423 ’
352 1425 690 1507 συμπεσὸν
745 1421 805 1489 δ’
860 1426 954 1501 εἰς
1000 1425 1217 1509 μάχην
1261 1433 1354 1514 τῷ
1401 1422 1857 1512 προειρημένῳ
1902 1428 2125 1514 θηρίῳ
2171 1423 2284 1491 καὶ
2314 1441 2366 1482 10

349 1529 694 1595 ὑποδῦνον
757 1529 888 1595 ὑπὸ
947 1531 1071 1614 τὴν
1129 1535 1394 1597 κοιλίαν
1455 1530 1849 1616 ἀναρρήττει
1905 1538 1996 1618 τῷ
2058 1529 2282 1617 κέρατι

346 1640 651 1723 καθάπερ
709 1636 886 1723 ξίφει
938 1638 1063 1721 τὴν
1122 1639 1352 1724 σάρκα.
1444 1647 1534 1725 τῷ
1594 1634 1666 1703 δὲ
1723 1638 2002 1726 τοιούτῳ
2057 1640 2280 1728 τρόπῳ

352 1753 467 1828 τῆς
527 1746 738 1829 μάχης
795 1745 1140 1831 χρώμενον
1208 1743 1441 1829 ἔξαιμα
1511 1754 1693 1809 ποιεῖ
1746 1745 1827 1808 τὰ
1887 1747 2097 1829 θηρία
2165 1743 2278 1810 καὶ

351 1853 564 1916 πολλὰ
621 1853 1016 1936 διαφθείρει.
1110 1850 1272 1915 ὅταν
1330 1847 1404 1915 δὲ
1459 1849 1494 1915 ὁ
1556 1848 1796 1934 ἐλέφας
1841 1850 2108 1934 φθάσας
2152 1852 2278 1933 τὴν

350 1958 480 2023 ὑπὸ
525 1959 651 2043 τὴν
694 1959 956 2023 κοιλίαν
1000 1957 1337 2021 ὑπόδυσιν
1382 1965 1460 2042 τῇ
1506 1959 1904 2043 προβοσκίδι
1948 1976 2272 2042 προκατα-
2306 1971 2359 2013 15

345 2068 623 2150 λάβηται
658 2066 778 2130 τὸν
824 2065 1208 2150 ῥινόκερων,
1265 2067 1674 2150 περιγίνεται
1720 2063 1967 2150 ῥᾳδίως
2009 2064 2278 2128 τύπτων

274 2197 309 2246 4
346 2184 487 2250 τοῖς
524 2173 760 2238 ὀδοῦσι
797 2169 906 2237 καὶ
943 2180 1021 2257 τῇ
1060 2173 1176 2258 βίᾳ
1213 2169 1418 2236 πλέον
1457 2171 1725 2255 ἰσχύων.
1763 2172 1857 2246 ,αἰ
1888 2168 1962 2235 δὲ
1999 2174 2278 2255 σφίγγες

344 2283 646 2363 γίνονται
707 2273 828 2362 μὲν
882 2280 1040 2363 περί
1087 2300 1157 2342 τε
1211 2278 1336 2360 τὴν
1389 2277 1942 2362 Τρωγλοδυτικὴν
1996 2274 2108 2341 καὶ
2151 2277 2276 2360 τὴν

346 2387 751 2466 Αἰθιοπίαν,
806 2394 949 2460 ταῖς
1006 2380 1080 2448 δὲ
1135 2394 1427 2469 μορφαῖς
1479 2382 1895 2468 ὑπάρχουσιν
1951 2382 2074 2446 οὐκ
2122 2382 2275 2449 ἀνό-

345 2517 527 2577 μοιοι
584 2501 727 2566 ταῖς
783 2488 1268 2576 γραφομέναις,
1335 2492 1546 2575 μόνον
1606 2486 1681 2554 δὲ
1740 2498 1883 2566 ταῖς
1949 2489 2273 2573 δασύτησι
2301 2505 2356 2545 20

351 2597 844 2678 διαλλάττουσι,
904 2597 1019 2671 τὰς
1080 2591 1153 2659 δὲ
1212 2597 1429 2679 ψυχὰς
1487 2594 1775 2682 ἡμέρους
1834 2596 2104 2679 ἔχουσαι
2160 2593 2274 2660 καὶ

344 2702 767 2786 πανούργους
823 2698 929 2766 ἐπὶ
983 2699 1187 2765 πλέον
1241 2699 1354 2766 καὶ
1410 2703 1846 2767 διδασκαλίαν
1902 2701 2271 2786 μεθοδικὴν

272 2833 305 2883 5
344 2806 771 2893 ἐπιδέχονται.
867 2807 936 2872 oc
987 2804 1047 2871 δ’
1102 2807 1577 2894 ὀνομαζόμενοι
1630 2806 2078 2893 κυνοκέφαλοι
2132 2818 2272 2884 τοῖς

344 2913 468 3001 μὲν
505 2916 806 2999 σώμασιν
843 2912 1226 2999 ἀνθρώποις
1265 2913 1602 2980 δυσειδέσι
1637 2925 2081 3000 παρεμφερεῖς
2118 2916 2267 2996 εἰσι,

340 3034 483 3102 ταῖς
548 3019 622 3087 δὲ
687 3031 942 3107 φωναῖς
1006 3024 1310 3106 μυγμοὺς
1374 3020 1848 3106 ἀνθρωπίνους
1906 3023 2267 3107 προΐενται.
2297 3038 2351 3081 25

339 3130 711 3217 ἀγριώτατα
769 3124 844 3193 δὲ
895 3136 1104 3192 ταῦτα
1156 3129 1237 3192 τὰ
1296 3131 1424 3216 ζῷα
1479 3125 1588 3192 καὶ
1643 3131 1982 3205 παντελῶς
2036 3126 2269 3191 ἀτιθάε

519 3361 548 3408 1
587 3351 769 3408 ὄντων
807 3354 915 3410 del.
955 3352 1114 3409 Eich.
1270 3356 1383 3408 τῶν
1419 3370 1526 3408 om.
1557 3353 1608 3406 A
1753 3361 1788 3410 4
1825 3350 1892 3410 ὂν
1930 3354 2057 3409 add..
2097 3352 2262 3408 Dind.

338 3428 369 3473 9
410 3420 550 3488 πρός
585 3443 746 3486 τινας
780 3425 894 3478 τῶν
925 3422 1199 3510 μειζόνων
1254 3425 1476 3493 πετρῶν
1533 3424 1586 3476 II
1770 3432 1838 3480 22
1905 3422 2001 3481 ἐπὶ
2063 3428 2262 3479 πλεῖον

338 3492 582 3607 affinga,
660 3489 753 3546 ἐπὶ
803 3511 984 3548 ποσον
1053 3493 1260 3561 Agath.
1326 3500 1393 3548 73
1665 3500 1734 3549 26
1800 3495 1866 3551 δὲ
1924 3496 2105 3550 ταῦτα
2169 3490 2255 3549 τοί
