2569 4061
1100 351 1151 407 Π
1191 360 1274 409 18.
1307 360 1390 409 19.
2070 355 2196 420 201

280 515 388 582 ἐπὶ
431 518 555 600 τὴν
601 525 729 601 γῆν
765 518 1063 600 ἔπιπτον,
1112 518 1182 582 οἰ
1215 512 1291 581 δὲ
1334 527 1470 581 τῶν
1509 517 1688 605 ζῴων
1734 520 2206 585 ἀπειθούντων

280 635 422 700 τοῖς
465 629 762 708 χαλινοῖς
816 625 905 700 ὡς
950 623 1311 708 ἐτύγχανεν
1356 625 1451 699 εἰς
1502 627 1661 700 τοὺς
1704 631 2059 711 πολεμίους
2105 625 2203 705 ἐξ-

176 758 283 806 133
307 729 578 795 ε’πιπτον
613 731 774 814 μετὰ
818 740 954 794 τῶν
998 732 1406 814 κομιζόντων
1444 728 1688 806 αὐτοὺς
1723 730 1958 795 ἳππων.
2040 733 2081 816 ἡ
2123 729 2196 798 δὲ
2232 752 2268 801 4

283 839 648 922 Σεμίραμις
716 837 876 921 μετὰ
942 847 1361 920 στρατιωτῶν
1436 834 1793 900 ἐπιλέκτων
1866 838 2200 921 μαχομένη

229 965 257 1007 5
284 940 395 1008 καὶ
439 951 528 1031 τῷ
574 946 1017 1030 προτερήματι
1057 943 1287 1021 δεξιῶς
1331 939 1709 1028 χρησαμένη
1755 944 1914 1017 τοὺς
1951 939 2205 1020 Ἰνδοὺς

281 1049 614 1136 ἐτρέψατο.
709 1044 805 1115 ὧν
851 1051 1211 1134 φυγόντων
1265 1049 1432 1134 πρὸς
1484 1049 1609 1131 τὴν
1663 1048 1973 1132 φάλαγγα
2031 1052 2204 1112 Στα-

278 1158 611 1244 βροβάτης
666 1156 703 1222 ὁ
759 1158 1072 1239 βασιλεὺς
1127 1155 1210 1220 οὐ
1263 1153 1699 1240 καταπλαγεὶς
1749 1155 2037 1240 ἐπήγαγε
2089 1156 2206 1231 τάς

276 1275 413 1330 τῶν
467 1267 682 1341 πεζῶν
735 1262 976 1345 τάξεις,
1031 1260 1555 1346 προηγουμένων
1606 1273 1744 1327 τῶν
1799 1261 2204 1346 ἐλεφάντων,

279 1370 479 1445 αὐτὸς
517 1366 578 1433 δ’
625 1366 731 1434 ἐπὶ
767 1377 888 1433 τοῦ
928 1367 1150 1445 δεξιοῦ
1185 1366 1459 1454 κέρατος
1492 1366 1889 1453 τεταγμένος
1932 1366 2044 1434 καὶ
2078 1369 2203 1451 τὴν

194 1498 251 1538 10
279 1476 499 1559 μάχην
553 1473 660 1540 ἐπὶ
715 1484 835 1539 τοῦ
888 1476 1245 1559 κρατίστου
1297 1476 1547 1560 θηρίου
1599 1475 2001 1559 ποιούμενος
2050 1474 2205 1559 ἐπή-

279 1603 444 1663 γαγε
489 1584 1023 1662 καταπληκτικῶς
1060 1577 1164 1643 ἐπὶ
1208 1580 1334 1663 τὴν
1368 1582 1767 1662 βασίλισσαν
1810 1576 1953 1647 κατ’
1995 1582 2203 1647 αὐτὸν

280 1696 564 1769 τυχικῶς
620 1683 1042 1770 τεταγμένην.
1141 1687 1216 1751 τὸ
1279 1684 1342 1751 δ’
1395 1686 1556 1752 αὐτὸ
1615 1687 1725 1753 καὶ
1782 1698 1919 1754 τῶν
1979 1690 2202 1754 ἄλλων
2240 1709 2275 1758 5

282 1792 666 1877 ἐλεφάντων
727 1793 1148 1876 ποιησάντων
1218 1793 1260 1876 ἡ
1333 1795 1495 1878 μετὰ
1566 1802 1681 1879 τῆς
1751 1795 2203 1881 Σεμιράμιδος

282 1898 565 1983 δύναμις
627 1901 885 1984 βραχὺν
942 1897 1188 1983 ὑπέστη
1252 1902 1502 1986 χρόνον
1560 1901 1684 1983 τὴν
1743 1911 1877 1966 τῶν
1936 1903 2203 1986 θηρίων

194 2026 249 2068 15
279 2005 558 2090 ἔφοδον·
603 2005 685 2070 τὰ
729 2006 856 2092 γὰρ
906 2007 1034 2094 ζῷα
1082 2006 1375 2092 διάφορα
1420 2016 1565 2084 ταῖς
1610 2006 1839 2084 ἀλκαῖς
1885 2008 2046 2072 ὄντα
2091 2003 2203 2072 καὶ

277 2123 422 2189 ταῖς
453 2114 653 2189 ἰδίαις
680 2113 932 2198 ῥώμαις
956 2115 1326 2178 πεπονθότα
1357 2115 1573 2178 πάντα
1599 2115 1719 2179 τὸν
1745 2113 2202 2197 ὑφιστάμενον

282 2218 526 2306 ῥᾳδίως
572 2216 822 2305 ἀνῄρει.
904 2220 1135 2305 διόπερ
1180 2222 1392 2296 πολὺς
1434 2221 1543 2284 καὶ
1587 2229 1902 2294 παντοῖος
1948 2218 2201 2301 ἐγίνετο
2240 2240 2276 2288 6

282 2327 526 2409 φόνος,
589 2335 726 2390 τῶν
790 2319 912 2408 μὲν
974 2323 1104 2388 ὑπὸ
1169 2327 1328 2400 τοὺς
1397 2324 1610 2399 πόδας
1672 2323 2203 2406 ὑποπιπτόντων,

279 2442 415 2496 τῶν
462 2427 533 2497 δὲ
579 2442 720 2508 τοῖς
767 2430 1046 2496 ὀδοῦσιν
1093 2428 1650 2514 ἀνασχιζομένων,
1699 2429 1898 2496 ἐνίων
1942 2426 2016 2495 δὲ
2060 2440 2204 2508 ταῖς

198 2558 255 2598 20
282 2540 717 2621 προβοσκίσιν
763 2535 1418 2623 ἀναρριπτουμένων..
1489 2544 1741 2621 συχνοῦ
1790 2533 1863 2603 δὲ
1898 2541 2203 2622 πλήθους

282 2655 539 2730 νεκρῶν
586 2643 1051 2729 σωρευομένου
1106 2641 1219 2709 καὶ
1261 2652 1385 2708 τοῦ
1429 2644 1756 2709 κινδύνου
1811 2655 1949 2722 τοῖς
1995 2644 2202 2732 ὁρῶσι

282 2751 511 2834 δεινὴν
558 2751 868 2835 ἔκπληξιν
913 2748 1025 2816 καὶ
1071 2753 1291 2834 φόβον
1326 2751 1787 2837 παριστάντος,
1836 2752 2058 2831 οὐδεὶς
2104 2755 2198 2818 ἔτι

278 2856 505 2941 μένειν
552 2856 659 2924 ἐπὶ
702 2866 820 2940 τῆς
863 2856 1106 2935 τάξεως
1151 2857 1407 2942 ἐτόλμα.
1497 2857 1860 2944 τραπέντος
1907 2854 2032 2925 οὖν
2076 2869 2198 2925 τοῦ
2239 2877 2269 2925 7

278 2968 584 3049 πλήθους
628 2965 875 3039 παντὸς
929 2963 966 3029 ὁ
1021 2966 1332 3046 βασιλεὺς
1383 2974 1519 3029 τῶν
1558 2959 1790 3030 Ἰνδῶν
1835 2963 1937 3029 ἐπ’
1990 2966 2199 3048 αὐτὴν

195 3088 250 3130 25
279 3070 568 3154 ἐβιάζετο
630 3071 754 3153 τὴν
809 3072 1198 3155 Σεμίραμιν.
1290 3067 1402 3135 καὶ
1453 3072 1529 3134 τὸ
1593 3066 1715 3153 μὲν
1765 3083 2034 3156 πρῶτον
2093 3068 2192 3136 ἐπ’

278 3177 542 3260 ἐκείνην
586 3176 900 3255 τοξεύσας
944 3177 1131 3260 ἔτυχε
1167 3184 1291 3241 τοῦ
1336 3178 1713 3261 βραχίονος,
1762 3175 1958 3243 ἔπειτ’
2005 3176 2199 3240 ἀκον-

277 3285 462 3359 τίσας
511 3283 784 3365 διήλασε
832 3282 943 3345 διὰ
987 3289 1109 3346 τοῦ
1155 3281 1375 3346 νώτου
1420 3289 1536 3364 τῆς
1581 3283 1991 3363 βασιλίσσης,
2036 3283 2200 3343 πλα-

276 3393 427 3485 γίας
464 3388 848 3473 ἐνεχθείσης
891 3396 1007 3471 τῆς
1042 3393 1323 3472 πληγῆς·
1372 3389 1603 3471 διόπερ
1642 3383 1843 3452 οὐδὲν
1883 3390 2200 3449 παθοῦσα

343 3570 372 3586 .-
420 3551 453 3600 2
495 3542 808 3628 ἐτύγχανον
846 3544 994 3599 ABG
1068 3551 1099 3598 6
1136 3539 1266 3632 τὴν]
1304 3543 1418 3598 τῶν
1455 3539 1645 3596 Ἰνδῶν
1684 3542 1818 3627 add&
1849 3540 1899 3593 D
1975 3546 2041 3595 10
2082 3535 2199 3665 ἔτίὲ]

275 3611 404 3690 ἀπὸ·
441 3615 698 3672 Hertlem
841 3621 907 3670 21
965 3633 1371 3686 σωρευομενων
1421 3612 1513 3667 CD
1661 3617 1731 3665 24
1781 3631 2034 3674 απαντος
2083 3611 2129 3666 0
2186 3651 2197 3663 .
