2569 4061
356 187 640 245 LXXXVI
906 184 1439 243 ARGUMENTUM
1474 185 1608 242 LIB.
1647 186 1743 243 111.

357 304 465 356 Cap.

358 372 445 421 34.
484 364 841 435 Ingeniorum
867 380 1197 435 morumque
1239 364 1542 421 diversitas
1582 380 1613 419 e
1650 364 1796 421 caeli
1833 363 2152 420 discrimine
2192 382 2284 421 ex·

533 443 813 513 plicanda.

360 528 448 580 35.
487 521 776 579 Animalia
810 523 1174 594 Aethiopiae.
1214 524 1556 593 rhinoceros,
1595 524 1816 593 sphinx,
1853 522 2287 594 cynocephalus,

536 618 726 674 cepus,
762 605 959 660 taurus
996 604 1398 674 sarcophagus,
1436 605 1730 661 crocottas.

355 688 443 739 36.
482 689 569 740 37.
608 684 910 756 Serpentes
957 683 1317 754 Aethiopiae.
1401 683 1617 754 Anguis
1672 683 1913 755 triginta
1968 685 2286 740 cubitorum

534 764 889 835 longitudine
927 765 1209 834 quondam
1247 766 1450 833 captus
1489 765 1548 818 et
1576 762 1904 821 Ptolemaeo
1932 763 2003 820 II.
2043 765 2285 821 oblatus.

359 851 443 901 38.
483 842 829 916 Aethiopum
882 843 1123 900 historia
1177 842 1383 898 finitur.
1469 841 1634 898 Sinus
1689 842 1923 899 Arabici
1980 843 2285 915 descriptio

536 925 834 996 generalis.

355 1013 441 1061 39.
478 1005 798 1073 Descriptio
818 1003 1176 1072 particularis
1198 1018 1331 1059 orae
1352 1003 1583 1059 dextrae
1603 1003 1735 1058 inde
1765 1006 1837 1060 ab
1857 1006 1996 1060 urbe
2014 1003 2282 1060 Arsinoe:

536 1087 735 1154 portus
790 1081 1051 1151 Veneris,
1119 1084 1270 1140 sinus
1326 1077 1686 1153 ἀκάθαρτος,
1755 1082 1944 1139 insula
2001 1084 2285 1155 Ophiodes

531 1161 725 1232 lapide
762 1162 989 1233 topazio
1027 1162 1195 1218 clara.

356 1247 441 1298 40.
480 1242 1037 1312 Ichthyophagorum
1068 1245 1127 1298 et
1145 1242 1598 1314 Trogodytarum
1618 1244 1815 1314 gentes
1845 1242 2099 1299 dextram
2130 1242 2283 1299 sinus

533 1320 763 1377 Arabici
783 1338 939 1377 oram
957 1322 1237 1378 accolunt.
1275 1322 1432 1378 Mare
1450 1341 1650 1395 parum
1667 1322 2005 1393 profundum
2032 1326 2091 1379 et
2117 1323 2176 1377 in
2197 1341 2286 1378 su-

532 1402 758 1472 perficie
771 1401 952 1457 viride
973 1402 1046 1458 ob
1063 1404 1270 1474 algam.
1290 1401 1598 1473 Navigatio
1615 1401 1861 1458 difficilis
1881 1405 1940 1457 et
1951 1401 2286 1472 periculosa.

354 1487 441 1537 41.
482 1482 594 1538 Ora
621 1499 657 1536 a
686 1482 886 1539 Tauris
923 1483 985 1538 in
1021 1485 1298 1540 orientem
1334 1497 1628 1550 conversa;
1666 1497 1823 1538 mare
1852 1481 2120 1552 deinceps
2155 1498 2301 1551 pro<

530 1561 931 1618 fundissimum
967 1566 1027 1619 et
1061 1564 1244 1620 beluis
1281 1565 1571 1621 refertum.

356 1648 441 1697 42.
483 1642 596 1698 Ora
630 1643 872 1697 Arabiae
920 1642 1170 1699 obiecta:
1222 1645 1537 1713 Posidium,
1583 1643 1924 1714 palmetum,
1971 1642 2282 1712 phocarum

532 1721 735 1777 insula.

356 1808 442 1856 43.
482 1800 776 1857 Ulterior-is
805 1815 936 1855 orae
962 1801 1194 1856 accolae
1213 1800 1528 1858 Maranitae
1559 1804 1618 1857 et
1644 1801 2000 1858 Garindanei.
2039 1801 2278 1857 Laeani-

532 1884 718 1936 tarum
757 1878 936 1946 sinus3
975 1880 1239 1934 accolunt
1274 1880 1490 1935 Arabes
1527 1878 1829 1936 Nabataei.

359 1968 445 2016 44.
484 1960 922 2016 Banizomenum
978 1960 1161 2028 sinus3
1217 1959 1484 2015 adiacent
1526 1963 1642 2015 tres
1688 1958 1932 2029 insulae;
1989 1961 2141 2016 ultra
2188 1978 2283 2017 eas

534 2060 688 2098 mare
708 2042 1083 2113 scopulosum.
1110 2039 1325 2096 Arabes
1342 2041 1716 2097 Thamudeni.
1745 2040 1968 2096 Insulae
1998 2042 2282 2113 sporades.

533 2121 842 2178 Peninsula
871 2121 1268 2177 amoenissima
1298 2138 1425 2178 cum
1444 2123 1681 2193 pulchro
1701 2124 1870 2192 portu
1889 2121 2285 2178 Charmuthae.

356 2207 442 2258 45.
484 2202 739 2272 Quinque
776 2205 993 2257 montes
1020 2201 1421 2272 pyramidales,
1461 2202 1615 2257 sinus
1653 2219 1781 2257 cum
1817 2201 1999 2256 tribus
2037 2203 2284 2272 templis,

534 2299 694 2337 mons
716 2281 1016 2336 Chabinus.
1046 2280 1262 2337 Arabes
1283 2282 1492 2338 Debae.
1521 2282 1716 2336 Amnis
1736 2281 1960 2337 aurifer.
1988 2282 2200 2338 Alilaei
2227 2287 2287 2339 et

537 2361 832 2415 Gasandae
852 2360 1087 2426 Arabes,
1120 2377 1357 2429 quorum
1375 2361 1534 2433 regio
1563 2377 1762 2414 aurum
1781 2360 2037 2415 nativum
2055 2364 2282 2430 profert.

354 2446 441 2495 46.
483 2438 697 2494 Carbae
744 2441 803 2493 et
848 2437 1053 2493 Sabaei
1096 2439 1353 2494 incolunt
1387 2440 1654 2495 Arabiam
1699 2439 1948 2508 felicem,
1995 2441 2284 2510 regionem

533 2518 881 2575 suavissimis
923 2517 1188 2574 odoribus
1224 2519 1534 2589 impletam.

355 2606 443 2656 47.
482 2600 787 2656 Carbarum
826 2601 885 2653 et
914 2598 1273 2654 Sabaeorum—
1294 2600 1451 2669 regio
1490 2600 1671 2655 scatet
1699 2600 2049 2669 serpentibus
2085 2601 2283 2657 morti-

532 2679 687 2736 feris.
726 2678 926 2746 Sabae,
956 2677 1090 2733 urbs
1118 2678 1302 2748 regia3
1343 2696 1561 2734 summa
1588 2679 1711 2735 auri
1739 2682 2072 2751 argentique
2101 2681 2282 2752 copia,

536 2759 829 2830 suppellex
866 2758 1183 2833 magnifica.
1258 2760 1442 2829 Prope
1478 2758 1697 2816 insulae
1732 2761 1953 2816 beatae.

358 2845 448 2896 48.
489 2839 809 2910 Singularia
843 2838 901 2893 in
940 2839 1114 2908 cae10,
1150 2840 1211 2894 in
1248 2841 1377 2895 ortu
1413 2840 1659 2895 siderum
1687 2857 1753 2895 ac
1790 2841 1925 2896 solis
1953 2842 2283 2911 praesertim

534 2920 850 2975 observata.
883 2972 888 2977 ,
923 2918 1098 2976 Venti
1132 2917 1223 2973 his
1258 2920 1582 2990 regionibus
1617 2920 1943 2978 familiares.

356 3008 443 3058 49.
483 3000 691 3071 Libyes
727 2999 876 3055 circa
903 3000 1156 3070 Cyrenen
1196 3001 1255 3054 et
1295 3000 1488 3070 Syrtes
1524 3001 1872 3056 habitantes:
1913 2999 2279 3066 Nasamones,

533 3080 871 3148 Auschisae,
911 3079 1312 3150 Marmaridae,
1350 3082 1573 3151 Macae;
1617 3081 1820 3134 horum
1859 3079 1959 3134 alii
1995 3079 2280 3150 agricolae

534 3161 637 3216 alii
655 3160 923 3218 nomades
944 3160 1044 3215 alii
1069 3159 1337 3216 latrones.
1370 3159 1506 3214 Vita
1524 3159 1782 3229 agrestis,
1803 3175 1962 3213 arma
1983 3157 2279 3230 simplicia.

356 3245 443 3296 50.
483 3240 665 3310 Regio
694 3239 946 3310 Cyrenae
973 3239 1232 3310 proxima
1268 3239 1355 3295 est
1388 3238 1569 3307 ferax;
1610 3253 1754 3307 quae
1782 3239 1970 3310 vergit
2006 3238 2079 3296 ad
2115 3240 2280 3296 meri-

534 3319 683 3373 diem
697 3361 711 3386 ,
759 3318 976 3374 inculta
1014 3336 1078 3375 ac
1126 3318 1378 3388 deserta,
1424 3318 1595 3388 plena
1640 3318 2012 3389 serpentibus.
2085 3321 2280 3378 Vanae

535 3399 749 3466 species
787 3417 889 3469 per
923 3415 1057 3454 aera
1093 3397 1369 3456 volantes.

356 3476 441 3526 51.
480 3473 689 3529 Earum
726 3494 927 3534 causae
963 3480 1235 3550 physicae
1274 3496 1344 3534 ex
1382 3494 1508 3534 aere
1545 3478 1784 3535 immoto
1822 3479 2126 3537 derivatae.
