2569 4061
984 393 1011 446 Ι
1048 398 1131 449 66.
1897 396 2026 460 113

105 563 262 640 λεῖς,
308 552 463 620 ὥστ’
519 558 581 620 εἰ
621 557 709 639 μὴ
758 556 887 640 πρὸ
934 564 1057 620 τοῦ
1103 555 1490 621 συντελέσαι
1535 560 1661 642 τὴν
1707 556 2025 642 ἐπιβολὴν

104 663 591 746 κατελύθησαν,
639 663 967 745 μηδεμίαν
1014 660 1098 725 ἂν
1143 661 1522 747 ὑπερβολὴν
1569 662 1815 750 ἑτέροις
1860 666 2026 748 πρὸς

102 768 515 851 κατασκευὴν
562 769 778 853 ἔργων
826 766 1191 832 ἀπολιπεῖν.
1273 766 1618 853 ἀρξάντων
1655 767 1727 834 δὲ
1767 772 2023 836 τούτων

0 895 67 944 ’17
105 884 219 958 τῆς
273 874 619 956 Αἰγύπτου
673 874 1147 938 πεντεκαίδεκα.
1194 874 1304 957 ἔτη
1364 871 1611 956 συνέβη
1670 875 1793 956 τὴν
1839 880 2024 957 βασι-

54 996 81 1035 5
107 984 292 1046 λείαν
330 982 423 1057 εἰς
459 979 576 1045 ἕνα
613 987 1000 1064 περιστῆναι
1039 980 1151 1044 διὰ
1178 981 1489 1056 τοιαύτας
1523 981 1754 1058 αἰτίας.
1842 985 2025 1065 Ψαμ-

107 1090 375 1171 μήτιχος
419 1086 455 1152 ὁ
494 1088 766 1169 Σαΐτης,
814 1077 910 1161 εἷς
946 1086 1041 1151 ὢν
1078 1096 1213 1151 τῶν
1251 1087 1510 1151 δώδεκα
1548 1084 1880 1170 βασιλέων
1914 1087 2026 1152 καὶ

101 1204 238 1259 τῶν
308 1195 488 1279 παρὰ
550 1192 891 1257 θάλατταν
955 1203 1176 1278 μερῶν
1242 1194 1608 1278 κυριεύων,
1680 1195 2026 1278 παρείχετο

105 1302 349 1385 φορτία
412 1309 574 1364 πᾶσι
637 1308 777 1374 τοῖς
848 1297 1186 1384 ἐμπόροις,
1261 1300 1545 1383 μάλιστα
1609 1296 1682 1364 δὲ
1755 1309 1894 1376 τοῖς
1955 1323 2026 1364 τε

113 1406 373 1486 Φοίνιξι
400 1404 511 1471 καὶ
538 1416 677 1482 τοῖς
706 1403 1009 1488 ’Ἕλλησί
1057 1405 1172 1468 διὰ
1211 1401 1283 1468 δὲ
1317 1408 1487 1487 [τοῦ]
1528 1407 1841 1471 τοιούτου
1877 1408 2024 1493 τρό-

26 1545 81 1584 10
105 1533 237 1577 που
290 1513 373 1577 τά
426 1536 494 1576 τε
552 1512 624 1577 ἐκ
667 1520 783 1595 τῆς
839 1511 1012 1587 ἰδίας
1070 1510 1289 1594 χώρας
1334 1515 1688 1589 λυσιτελῶς
1733 1511 2027 1578 διατιθέ-

107 1641 305 1701 μενος
349 1616 461 1682 καὶ
505 1628 639 1682 τῶν
685 1618 863 1703 παρὰ
907 1627 1048 1693 τοῖς
1102 1617 1330 1692 ἄλλοις
1384 1618 1614 1681 ἔθνεσι
1668 1617 2026 1703 φυομένων

109 1723 662 1806 μεταλαμβάνων,
727 1723 808 1787 οὐ
872 1727 1085 1808 μόνον
1149 1722 1474 1807 εὐπορίαν
1538 1717 1670 1806 εἶχε
1735 1725 2026 1807 μεγάλην

113 1828 283 1891 ἀλλὰ
326 1824 437 1891 καὶ
492 1829 723 1910 φιλίαν
768 1830 931 1912 πρὸς
976 1832 1145 1914 ἔθνη
1192 1827 1305 1895 καὶ
1352 1827 1702 1903 δυνάστας.
1795 1829 1907 1892 διὰ
1954 1826 2026 1894 δὲ

111 1933 321 1998 ταῦτά
367 1948 535 2016 φασι
582 1935 1055 2016 φθονήσαντας
1107 1936 1282 2024 αὐτῷ
1340 1938 1500 2011 τοὺς
1555 1935 1799 2010 ἄλλους
1843 1937 2029 2017 βασι-

30 2072 83 2112 15
110 2045 248 2118 λεῖς
284 2042 578 2124 πόλεμον
616 2038 993 2122 ἐξενεγκεῖν.
1067 2043 1229 2106 ἔνιοι
1268 2041 1343 2108 δὲ
1379 2054 1515 2108 τῶν
1545 2041 1839 2127 ἀρχαίων
1873 2057 2030 2124 συγ-

110 2146 428 2234 γραφέων
473 2151 940 2230 μυθολογοῦσι
993 2149 1290 2231 χρησμὸν
1333 2148 1653 2230 γενέσθαι
1697 2158 1837 2224 τοῖς
1880 2147 2030 2231 ἡγε-

111 2257 339 2338 μόσιν,
396 2253 469 2330 ὃς
525 2251 609 2317 ἂν
664 2252 885 2318 αὐτῶν
938 2250 1011 2316 ἐκ
1065 2256 1306 2336 χαλκῆς
1359 2255 1600 2338 φιάλης
1653 2266 1911 2339 πρῶτος
1958 2255 2030 2318 ἐν

112 2357 385 2444 Μέμφει
423 2361 659 2444 σπείσῃ
695 2365 786 2446 τῷ
823 2363 987 2444 θεῷ,
1034 2360 1388 2443 κρατήσειν
1425 2358 1628 2422 αὐτὸν
1668 2360 1881 2444 πάσης
1916 2369 2030 2443 τῆς

113 2466 485 2546 Αίγύπτου’
533 2466 653 2529 τὸν
690 2461 765 2529 δὲ
816 2466 1273 2547 Ψαμμήτιχον,
1313 2461 1767 2544 ἐξενέγκαντος
1803 2465 1874 2530 ἐκ
1910 2474 2030 2530 τοῦ

32 2601 88 2640 20
118 2573 303 2656 ἱεροῦ
373 2583 506 2636 τῶν
572 2568 803 2656 ἱερέων
875 2572 1055 2646 τινὸς
1119 2569 1366 2654 φιάλας
1437 2568 1694 2634 δώδεκα
1760 2581 2028 2656 χρυσᾶς,

117 2679 584 2762 περιελόμενον
654 2678 777 2759 τὴν
840 2679 1363 2761 περικεφαλαίαν
1429 2682 1709 2740 σπεῖσαι.
1798 2677 2027 2744 ὑπιδο-

114 2781 356 2866 μένους
400 2777 526 2847 οὖν
562 2785 718 2858 τοὺς
764 2783 1217 2868 συνάρχοντας
1261 2782 1337 2846 τὸ
1383 2778 1688 2867 πραχθὲν
1734 2783 2030 2850 ἀποκτεῖ-

112 2913 225 2954 ναι
272 2885 394 2972 μὲν
441 2887 646 2952 αὐτὸν
692 2889 779 2971 μὴ
827 2892 1279 2972 βουληθῆναι,
1328 2889 1747 2972 φυγαδεῦσαι
1795 2886 1867 2953 δὲ
1919 2888 2030 2955 καὶ

113 2994 473 3080 προστάξαι
529 2995 896 3079 διατρίβειν
952 2995 1024 3058 ἐν
1068 3004 1208 3070 τοῖς
1261 2992 1438 3059 ἕλεσι
1491 3004 1630 3070 τοῖς
1683 2996 1860 3079 παρὰ
1904 2996 2030 3058 θά-

32 3130 88 3170 25
116 3106 375 3166 λατταν.
452 3106 581 3164 εἴτε
620 3101 702 3182 δὴ
743 3101 855 3163 διὰ
891 3100 1141 3182 ταύτην
1176 3100 1301 3182 τὴν
1340 3102 1558 3165 αἰτίαν
1596 3105 1723 3165 εἴτε
1764 3101 1874 3164 διὰ
1911 3102 2030 3164 τὸν
2105 3122 2131 3164 2

115 3209 414 3291 φθόνον,
490 3209 728 3270 καθότι
791 3208 1206 3292 προείρηται,
1280 3203 1642 3289 γενομένης
1707 3214 1824 3286 τῆς
1890 3204 2030 3264 δια-

258 3371 289 3418 5
328 3364 661 3432 περιστῆναι
697 3361 778 3424 εἰς
817 3361 919 3417 ἕνα
957 3363 1105 3432 vulg.
1291 3363 1644 3430 Ψαμμίτιχος
1674 3359 1778 3414 OF
1811 3372 2030 3435 sem-per

117 3440 150 3488 8
188 3454 244 3487 τε
287 3452 392 3488 om.
432 3433 584 3502 vulg.
765 3439 797 3486 9
836 3433 934 3487 καὶ
970 3438 1086 3494 τοῖς
1149 3431 1247 3486 καὶ
1284 3431 1338 3483 ΙΙ
1514 3431 1616 3483 τοῦ
1663 3446 1770 3482 om.
1811 3425 2030 3478 codaoes

119 3510 182 3558 11
223 3499 411 3568 ἄλλοις
450 3501 670 3575 ἔθνεσι]
704 3498 934 3572 Ἕλλησι
968 3503 1038 3570 ΙΙ,
1076 3501 1410 3556 αλλοέθνεσι
1445 3502 1482 3556 f.
1667 3503 1732 3550 18
1777 3499 1876 3563 τῆς
1910 3510 2030 3576 ὀιη.

113 3574 265 3643 vulg.
345 3588 355 3598 ·
412 3581 480 3628 20
520 3572 727 3630 ἕνδεκα
764 3573 970 3629 Herod.
1009 3572 1061 3625 II
1102 3577 1201 3626 151
1332 3578 1397 3624 21
1438 3565 1847 3635 ὑπειδομένους
1882 3562 2030 3629 hbn,

117 3662 254 3700 corr.
285 3644 451 3699 Dind.
562 3650 630 3700 25
668 3641 765 3716 δὴ]
805 3643 868 3699 δὲ
900 3644 965 3697 D.

222 3744 475 3785 D1ononu=
504 3745 540 3784 Ι,
1682 3726 1714 3772 8

2069 1855 2131 1899 10

2071 2704 2123 2748 1Ῐ
