<?xml version="1.0" encoding="UTF-8"?>
<!DOCTYPE html PUBLIC "-//W3C//DTD XHTML 1.0 Transitional//EN"
    "http://www.w3.org/TR/xhtml1/DTD/xhtml1-transitional.dtd">
<html xmlns="http://www.w3.org/1999/xhtml" xml:lang="en" lang="en">
 <head>
  <title>
</title>
<meta http-equiv="Content-Type" content="text/html;charset=utf-8" />
  <meta name='ocr-system' content='tesseract 3.04.00' />
  <meta name='ocr-capabilities' content='ocr_page ocr_carea ocr_par ocr_line ocrx_word'/>
</head>
<body>
  <div class='ocr_page' id='page_1' title='image "./diodoribiblioth02dindgoog_0176.png"; bbox 0 0 2569 4061; ppageno 0'>
   <div class='ocr_carea' id='block_1_1' title="bbox 354 188 1612 256">
    <p class='ocr_par' dir='ltr' id='par_1_1' title="bbox 354 188 1612 256">
     <span class='ocr_line' id='line_1_1' title="bbox 354 188 1612 256; baseline 0.002 -13"><span class='ocrx_word' id='word_1_1' title='bbox 354 190 436 256; x_wconf 84' lang='lat'><em>76</em></span> <span class='ocrx_word' id='word_1_2' title='bbox 1037 188 1344 247; x_wconf 83' lang='lat' dir='ltr'>DIODORI</span> <span class='ocrx_word' id='word_1_3' title='bbox 1379 189 1612 246; x_wconf 89' lang='lat' dir='ltr'>SICULI</span> 
     </span>
    </p>
   </div>
   <div class='ocr_carea' id='block_1_2' title="bbox 240 352 2358 3311">
    <p class='ocr_par' dir='ltr' id='par_1_2' title="bbox 349 352 2276 542">
     <span class='ocr_line' id='line_1_2' title="bbox 350 352 2276 438; baseline 0 -19"><span class='ocrx_word' id='word_1_4' title='bbox 350 352 626 438; x_wconf 83' lang='grc' dir='ltr'><strong><em>θέμενοι</em></strong></span> <span class='ocrx_word' id='word_1_5' title='bbox 673 353 1146 437; x_wconf 78' lang='grc' dir='ltr'><em>κεφαλαιωδῶς</em></span> <span class='ocrx_word' id='word_1_6' title='bbox 1190 353 1315 436; x_wconf 87' lang='grc' dir='ltr'><em>τὴν</em></span> <span class='ocrx_word' id='word_1_7' title='bbox 1352 353 1792 438; x_wconf 77' lang='grc' dir='ltr'><em>ἀρχαιοτάτην</em></span> <span class='ocrx_word' id='word_1_8' title='bbox 1834 353 2104 436; x_wconf 81' lang='grc' dir='ltr'><em>ἀγωγὴν</em></span> <span class='ocrx_word' id='word_1_9' title='bbox 2139 363 2276 419; x_wconf 79' lang='grc' dir='ltr'><em>τῶν</em></span> 
     </span>
     <span class='ocr_line' id='line_1_3' title="bbox 349 457 909 542; baseline 0.002 -18"><span class='ocrx_word' id='word_1_10' title='bbox 349 457 490 525; x_wconf 84' lang='grc' dir='ltr'><em>κατ’</em></span> <span class='ocrx_word' id='word_1_11' title='bbox 544 464 909 542; x_wconf 80' lang='grc' dir='ltr'><em>Αἴγυπτον.</em></span> 
     </span>
    </p>

    <p class='ocr_par' dir='ltr' id='par_1_3' title="bbox 240 564 2332 1290">
     <span class='ocr_line' id='line_1_4' title="bbox 240 564 2275 654; baseline 0.001 -25"><span class='ocrx_word' id='word_1_12' title='bbox 240 565 328 630; x_wconf 83' lang='grc'><em>43</em></span> <span class='ocrx_word' id='word_1_13' title='bbox 526 569 665 654; x_wconf 72' lang='grc' dir='ltr'><em>Βίῳ</em></span> <span class='ocrx_word' id='word_1_14' title='bbox 712 568 840 651; x_wconf 78' lang='grc' dir='ltr'><em>γὰρ</em></span> <span class='ocrx_word' id='word_1_15' title='bbox 885 568 961 632; x_wconf 91' lang='grc' dir='ltr'><em>τὸ</em></span> <span class='ocrx_word' id='word_1_16' title='bbox 998 567 1286 632; x_wconf 87' lang='grc' dir='ltr'><em>παλαιὸν</em></span> <span class='ocrx_word' id='word_1_17' title='bbox 1322 567 1734 649; x_wconf 79' lang='grc' dir='ltr'><em>Αἰγυπτίους</em></span> <span class='ocrx_word' id='word_1_18' title='bbox 1778 564 1945 651; x_wconf 85' lang='grc' dir='ltr'><em>φασὶ</em></span> <span class='ocrx_word' id='word_1_19' title='bbox 1981 573 2275 651; x_wconf 88' lang='grc' dir='ltr'><em>χρῆσθαι</em></span> 
     </span>
     <span class='ocr_line' id='line_1_5' title="bbox 347 668 2275 758; baseline 0.002 -23"><span class='ocrx_word' id='word_1_20' title='bbox 347 672 425 737; x_wconf 88' lang='grc' dir='ltr'><em>τὸ</em></span> <span class='ocrx_word' id='word_1_21' title='bbox 470 668 594 756; x_wconf 74' lang='grc' dir='ltr'><em>μὲν</em></span> <span class='ocrx_word' id='word_1_22' title='bbox 632 672 1069 758; x_wconf 81' lang='grc' dir='ltr'><em>ἀρχαιότατον</em></span> <span class='ocrx_word' id='word_1_23' title='bbox 1105 675 1280 738; x_wconf 85' lang='grc' dir='ltr'><em>πόαν</em></span> <span class='ocrx_word' id='word_1_24' title='bbox 1318 671 1671 751; x_wconf 81' lang='grc' dir='ltr'><em>ἐσθίοντας</em></span> <span class='ocrx_word' id='word_1_25' title='bbox 1704 671 1816 738; x_wconf 86' lang='grc' dir='ltr'><em>καὶ</em></span> <span class='ocrx_word' id='word_1_26' title='bbox 1852 683 1987 738; x_wconf 83' lang='grc' dir='ltr'><em>τῶν</em></span> <span class='ocrx_word' id='word_1_27' title='bbox 2023 672 2098 738; x_wconf 86' lang='grc' dir='ltr'><em>έν</em></span> <span class='ocrx_word' id='word_1_28' title='bbox 2133 684 2275 752; x_wconf 78' lang='grc' dir='ltr'><em>τοῖς</em></span> 
     </span>
     <span class='ocr_line' id='line_1_6' title="bbox 347 775 2332 865; baseline 0.001 -22"><span class='ocrx_word' id='word_1_29' title='bbox 347 775 525 843; x_wconf 79' lang='grc' dir='ltr'><em>ἕλεσι</em></span> <span class='ocrx_word' id='word_1_30' title='bbox 561 777 936 863; x_wconf 78' lang='grc' dir='ltr'><em>γινομένων</em></span> <span class='ocrx_word' id='word_1_31' title='bbox 972 782 1128 855; x_wconf 85' lang='grc' dir='ltr'><em>τοὺς</em></span> <span class='ocrx_word' id='word_1_32' title='bbox 1163 780 1454 857; x_wconf 80' lang='grc' dir='ltr'><em>καυλοὺς</em></span> <span class='ocrx_word' id='word_1_33' title='bbox 1489 776 1601 844; x_wconf 86' lang='grc' dir='ltr'><em>καὶ</em></span> <span class='ocrx_word' id='word_1_34' title='bbox 1636 780 1752 856; x_wconf 77' lang='grc' dir='ltr'><em>τὰς</em></span> <span class='ocrx_word' id='word_1_35' title='bbox 1789 779 1990 865; x_wconf 73' lang='grc' dir='ltr'><em>ῥίζας,</em></span> <span class='ocrx_word' id='word_1_36' title='bbox 2035 788 2274 864; x_wconf 75' lang='grc' dir='ltr'><em>πεῖραν</em></span> <span class='ocrx_word' id='word_1_37' title='bbox 2303 794 2332 835; x_wconf 83' lang='lat'>⁵</span> 
     </span>
     <span class='ocr_line' id='line_1_7' title="bbox 349 882 2270 972; baseline 0.001 -24"><span class='ocrx_word' id='word_1_38' title='bbox 349 884 462 948; x_wconf 77' lang='grc' dir='ltr'><em>διὰ</em></span> <span class='ocrx_word' id='word_1_39' title='bbox 506 893 622 969; x_wconf 89' lang='grc' dir='ltr'><em>τῆς</em></span> <span class='ocrx_word' id='word_1_40' title='bbox 666 885 955 968; x_wconf 88' lang='grc' dir='ltr'><em>γεύσεως</em></span> <span class='ocrx_word' id='word_1_41' title='bbox 1000 883 1279 951; x_wconf 82' lang='grc' dir='ltr'><em>ἑκάστου</em></span> <span class='ocrx_word' id='word_1_42' title='bbox 1336 886 1825 969; x_wconf 90' lang='grc' dir='ltr'><em>λαμβάνοντας,</em></span> <span class='ocrx_word' id='word_1_43' title='bbox 1880 886 2150 972; x_wconf 80' lang='grc' dir='ltr'><em>πρώτην</em></span> <span class='ocrx_word' id='word_1_44' title='bbox 2197 882 2270 950; x_wconf 70' lang='grc' dir='ltr'><em>δὲ</em></span> 
     </span>
     <span class='ocr_line' id='line_1_8' title="bbox 347 988 2272 1078; baseline 0.002 -24"><span class='ocrx_word' id='word_1_45' title='bbox 347 988 460 1055; x_wconf 85' lang='grc' dir='ltr'><em>καὶ</em></span> <span class='ocrx_word' id='word_1_46' title='bbox 478 991 761 1075; x_wconf 87' lang='grc' dir='ltr'><em>μάλιστα</em></span> <span class='ocrx_word' id='word_1_47' title='bbox 786 990 1366 1075; x_wconf 78' lang='grc' dir='ltr'><em>προσενέγκασθαι</em></span> <span class='ocrx_word' id='word_1_48' title='bbox 1391 992 1515 1076; x_wconf 84' lang='grc' dir='ltr'><em>τὴν</em></span> <span class='ocrx_word' id='word_1_49' title='bbox 1544 989 2039 1076; x_wconf 79' lang='grc' dir='ltr'><em>ὀνομαζομένην</em></span> <span class='ocrx_word' id='word_1_50' title='bbox 2057 994 2272 1078; x_wconf 78' lang='grc' dir='ltr'><em>ἄγρω-</em></span> 
     </span>
     <span class='ocr_line' id='line_1_9' title="bbox 350 1093 2277 1184; baseline 0.002 -23"><span class='ocrx_word' id='word_1_51' title='bbox 350 1112 497 1161; x_wconf 91' lang='grc' dir='ltr'><em>στιν</em></span> <span class='ocrx_word' id='word_1_52' title='bbox 528 1097 639 1162; x_wconf 80' lang='grc' dir='ltr'><em>διὰ</em></span> <span class='ocrx_word' id='word_1_53' title='bbox 675 1098 750 1161; x_wconf 92' lang='grc' dir='ltr'><em>τὸ</em></span> <span class='ocrx_word' id='word_1_54' title='bbox 780 1095 890 1162; x_wconf 84' lang='grc' dir='ltr'><em>καὶ</em></span> <span class='ocrx_word' id='word_1_55' title='bbox 925 1105 1005 1182; x_wconf 80' lang='grc' dir='ltr'><em>τῇ</em></span> <span class='ocrx_word' id='word_1_56' title='bbox 1042 1098 1402 1182; x_wconf 78' lang='grc' dir='ltr'><em>γλυκύτητι</em></span> <span class='ocrx_word' id='word_1_57' title='bbox 1440 1098 1771 1184; x_wconf 88' lang='grc' dir='ltr'><em>διάφορον</em></span> <span class='ocrx_word' id='word_1_58' title='bbox 1807 1093 1981 1164; x_wconf 85' lang='grc' dir='ltr'><em>εἶναι</em></span> <span class='ocrx_word' id='word_1_59' title='bbox 2015 1098 2128 1164; x_wconf 85' lang='grc' dir='ltr'><em>καὶ</em></span> <span class='ocrx_word' id='word_1_60' title='bbox 2153 1100 2277 1182; x_wconf 84' lang='grc' dir='ltr'><em>τὴν</em></span> 
     </span>
     <span class='ocr_line' id='line_1_10' title="bbox 350 1202 2277 1290; baseline 0.003 -25"><span class='ocrx_word' id='word_1_61' title='bbox 350 1203 609 1287; x_wconf 85' lang='grc' dir='ltr'><em>τροφὴν</em></span> <span class='ocrx_word' id='word_1_62' title='bbox 655 1202 995 1288; x_wconf 83' lang='grc' dir='ltr'><em>ἀρκοῦσαν</em></span> <span class='ocrx_word' id='word_1_63' title='bbox 1038 1202 1448 1290; x_wconf 77' lang='grc' dir='ltr'><em>παρέχεσθαι</em></span> <span class='ocrx_word' id='word_1_64' title='bbox 1489 1216 1631 1283; x_wconf 79' lang='grc' dir='ltr'><em>τοῖς</em></span> <span class='ocrx_word' id='word_1_65' title='bbox 1676 1206 1936 1290; x_wconf 78' lang='grc' dir='ltr'><em>σώμασι</em></span> <span class='ocrx_word' id='word_1_66' title='bbox 1980 1217 2114 1271; x_wconf 79' lang='grc' dir='ltr'><em>τῶν</em></span> <span class='ocrx_word' id='word_1_67' title='bbox 2161 1205 2277 1271; x_wconf 52' lang='grc' dir='ltr'><em>ἀνα</em></span> 
     </span>
    </p>

    <p class='ocr_par' dir='ltr' id='par_1_4' title="bbox 280 1307 2356 1397">
     <span class='ocr_line' id='line_1_11' title="bbox 280 1307 2356 1397; baseline 0 -20"><span class='ocrx_word' id='word_1_68' title='bbox 280 1330 311 1377; x_wconf 83' lang='lat'><strong>2</strong></span> <span class='ocrx_word' id='word_1_69' title='bbox 350 1308 675 1393; x_wconf 81' lang='grc' dir='ltr'><em>θρώπων·</em></span> <span class='ocrx_word' id='word_1_70' title='bbox 733 1307 845 1374; x_wconf 86' lang='grc' dir='ltr'><em>καὶ</em></span> <span class='ocrx_word' id='word_1_71' title='bbox 898 1311 1025 1394; x_wconf 83' lang='grc' dir='ltr'><em>γὰρ</em></span> <span class='ocrx_word' id='word_1_72' title='bbox 1070 1321 1212 1387; x_wconf 83' lang='grc' dir='ltr'><em>τοῖς</em></span> <span class='ocrx_word' id='word_1_73' title='bbox 1254 1314 1523 1394; x_wconf 81' lang='grc' dir='ltr'><em>κτήνεσι</em></span> <span class='ocrx_word' id='word_1_74' title='bbox 1567 1312 1817 1397; x_wconf 87' lang='grc' dir='ltr'><em>ταύτην</em></span> <span class='ocrx_word' id='word_1_75' title='bbox 1862 1318 2272 1397; x_wconf 80' lang='grc' dir='ltr'><em>θεωρεῖσθαι</em></span> <span class='ocrx_word' id='word_1_76' title='bbox 2302 1329 2356 1369; x_wconf 84' lang='grc'><em>10</em></span> 
     </span>
    </p>

    <p class='ocr_par' dir='ltr' id='par_1_5' title="bbox 272 1414 2358 2249">
     <span class='ocr_line' id='line_1_12' title="bbox 272 1414 2273 1505; baseline 0.003 -28"><span class='ocrx_word' id='word_1_77' title='bbox 272 1414 278 1417; x_wconf 66' lang='grc'><strong><em>’</em></strong></span> <span class='ocrx_word' id='word_1_78' title='bbox 346 1422 649 1500; x_wconf 84' lang='grc' dir='ltr'><em>προσηνῆ</em></span> <span class='ocrx_word' id='word_1_79' title='bbox 697 1414 808 1480; x_wconf 85' lang='grc' dir='ltr'><em>καὶ</em></span> <span class='ocrx_word' id='word_1_80' title='bbox 852 1420 1019 1501; x_wconf 88' lang='grc' dir='ltr'><em>ταχὺ</em></span> <span class='ocrx_word' id='word_1_81' title='bbox 1063 1420 1223 1495; x_wconf 85' lang='grc' dir='ltr'><em>τοὺς</em></span> <span class='ocrx_word' id='word_1_82' title='bbox 1267 1419 1511 1500; x_wconf 81' lang='grc' dir='ltr'><em>ὄγκους</em></span> <span class='ocrx_word' id='word_1_83' title='bbox 1561 1418 1783 1484; x_wconf 77' lang='grc' dir='ltr'><em>αὐτῶν</em></span> <span class='ocrx_word' id='word_1_84' title='bbox 1826 1415 2273 1505; x_wconf 85' lang='grc' dir='ltr'><em>προσανατρέ-</em></span> 
     </span>
     <span class='ocr_line' id='line_1_13' title="bbox 348 1520 2270 1610; baseline 0.003 -26"><span class='ocrx_word' id='word_1_85' title='bbox 348 1542 521 1603; x_wconf 91' lang='grc' dir='ltr'><em>φειν.</em></span> <span class='ocrx_word' id='word_1_86' title='bbox 598 1522 704 1586; x_wconf 88' lang='grc' dir='ltr'><em>διὸ</em></span> <span class='ocrx_word' id='word_1_87' title='bbox 740 1520 853 1587; x_wconf 82' lang='grc' dir='ltr'><em>καὶ</em></span> <span class='ocrx_word' id='word_1_88' title='bbox 879 1531 994 1607; x_wconf 90' lang='grc' dir='ltr'><em>τῆς</em></span> <span class='ocrx_word' id='word_1_89' title='bbox 1023 1522 1414 1609; x_wconf 80' lang='grc' dir='ltr'><em>εὐχρηστίας</em></span> <span class='ocrx_word' id='word_1_90' title='bbox 1456 1532 1572 1608; x_wconf 85' lang='grc' dir='ltr'><em>τῆς</em></span> <span class='ocrx_word' id='word_1_91' title='bbox 1613 1523 1767 1610; x_wconf 82' lang='grc' dir='ltr'><em>περὶ</em></span> <span class='ocrx_word' id='word_1_92' title='bbox 1811 1525 1934 1608; x_wconf 84' lang='grc' dir='ltr'><em>τὴν</em></span> <span class='ocrx_word' id='word_1_93' title='bbox 1978 1525 2270 1609; x_wconf 76' lang='grc' dir='ltr'><em>βοτάνην</em></span> 
     </span>
     <span class='ocr_line' id='line_1_14' title="bbox 345 1627 2273 1717; baseline 0.003 -26"><span class='ocrx_word' id='word_1_94' title='bbox 345 1627 595 1712; x_wconf 81' lang='grc' dir='ltr'><em>ταύτην</em></span> <span class='ocrx_word' id='word_1_95' title='bbox 639 1631 1181 1713; x_wconf 89' lang='grc' dir='ltr'><em>μνημονεύοντας</em></span> <span class='ocrx_word' id='word_1_96' title='bbox 1234 1633 1395 1707; x_wconf 87' lang='grc' dir='ltr'><em>τοὺς</em></span> <span class='ocrx_word' id='word_1_97' title='bbox 1449 1630 1853 1717; x_wconf 80' lang='grc' dir='ltr'><em>ἀνθρώπους</em></span> <span class='ocrx_word' id='word_1_98' title='bbox 1905 1629 2098 1717; x_wconf 86' lang='grc' dir='ltr'><em>μέχρι</em></span> <span class='ocrx_word' id='word_1_99' title='bbox 2150 1641 2273 1698; x_wconf 86' lang='grc' dir='ltr'><em>τοῦ</em></span> 
     </span>
     <span class='ocr_line' id='line_1_15' title="bbox 346 1733 2269 1821; baseline 0.002 -23"><span class='ocrx_word' id='word_1_100' title='bbox 346 1742 495 1816; x_wconf 87' lang='grc' dir='ltr'><em>νῦν,</em></span> <span class='ocrx_word' id='word_1_101' title='bbox 535 1734 695 1800; x_wconf 82' lang='grc' dir='ltr'><em>ὅταν</em></span> <span class='ocrx_word' id='word_1_102' title='bbox 722 1735 889 1819; x_wconf 88' lang='grc' dir='ltr'><em>πρὸς</em></span> <span class='ocrx_word' id='word_1_103' title='bbox 915 1737 1121 1811; x_wconf 86' lang='grc' dir='ltr'><em>θεοὺς</em></span> <span class='ocrx_word' id='word_1_104' title='bbox 1147 1736 1489 1818; x_wconf 79' lang='grc' dir='ltr'><em>βαδίζωσι,</em></span> <span class='ocrx_word' id='word_1_105' title='bbox 1527 1744 1605 1820; x_wconf 77' lang='grc' dir='ltr'><em>τῇ</em></span> <span class='ocrx_word' id='word_1_106' title='bbox 1632 1733 1805 1821; x_wconf 78' lang='grc' dir='ltr'><em>χειρὶ</em></span> <span class='ocrx_word' id='word_1_107' title='bbox 1830 1736 2075 1819; x_wconf 85' lang='grc' dir='ltr'><em>ταύτης</em></span> <span class='ocrx_word' id='word_1_108' title='bbox 2108 1740 2269 1821; x_wconf 89' lang='grc' dir='ltr'><em>λαμ-</em></span> 
     </span>
     <span class='ocr_line' id='line_1_16' title="bbox 346 1840 2358 1928; baseline 0.002 -23"><span class='ocrx_word' id='word_1_109' title='bbox 346 1841 676 1922; x_wconf 88' lang='grc' dir='ltr'><em>βάνοντας</em></span> <span class='ocrx_word' id='word_1_110' title='bbox 709 1840 1229 1924; x_wconf 82' lang='grc' dir='ltr'><em>προσεύχεσθαι·</em></span> <span class='ocrx_word' id='word_1_111' title='bbox 1277 1845 1536 1905; x_wconf 81' lang='grc' dir='ltr'><em>οἴονται</em></span> <span class='ocrx_word' id='word_1_112' title='bbox 1580 1842 1709 1928; x_wconf 79' lang='grc' dir='ltr'><em>γὰρ</em></span> <span class='ocrx_word' id='word_1_113' title='bbox 1745 1841 1867 1906; x_wconf 86' lang='grc' dir='ltr'><em>τὸν</em></span> <span class='ocrx_word' id='word_1_114' title='bbox 1902 1842 2271 1928; x_wconf 76' lang='grc' dir='ltr'><em>ἄνθρωπον</em></span> <span class='ocrx_word' id='word_1_115' title='bbox 2305 1861 2358 1901; x_wconf 83' lang='lat'><em>15</em></span> 
     </span>
     <span class='ocr_line' id='line_1_17' title="bbox 347 1940 2272 2036; baseline 0.003 -26"><span class='ocrx_word' id='word_1_116' title='bbox 347 1943 563 2011; x_wconf 81' lang='grc' dir='ltr'><em>ἕλειον</em></span> <span class='ocrx_word' id='word_1_117' title='bbox 617 1943 728 2011; x_wconf 84' lang='grc' dir='ltr'><em>καὶ</em></span> <span class='ocrx_word' id='word_1_118' title='bbox 783 1946 1108 2029; x_wconf 75' lang='grc' dir='ltr'><em>λιμνῶδες</em></span> <span class='ocrx_word' id='word_1_119' title='bbox 1162 1940 1337 2012; x_wconf 80' lang='grc' dir='ltr'><em>εἶναι</em></span> <span class='ocrx_word' id='word_1_120' title='bbox 1384 1949 1582 2036; x_wconf 77' lang='grc' dir='ltr'><em>ζῷον,</em></span> <span class='ocrx_word' id='word_1_121' title='bbox 1642 1946 1771 2013; x_wconf 84' lang='grc' dir='ltr'><em>ἀπό</em></span> <span class='ocrx_word' id='word_1_122' title='bbox 1825 1970 1895 2013; x_wconf 88' lang='grc' dir='ltr'><em>τε</em></span> <span class='ocrx_word' id='word_1_123' title='bbox 1939 1956 2056 2033; x_wconf 87' lang='grc' dir='ltr'><em>τῆς</em></span> <span class='ocrx_word' id='word_1_124' title='bbox 2101 1951 2272 2016; x_wconf 80' lang='grc' dir='ltr'><em>λειό-</em></span> 
     </span>
     <span class='ocr_line' id='line_1_18' title="bbox 345 2053 2276 2141; baseline 0.003 -24"><span class='ocrx_word' id='word_1_125' title='bbox 345 2075 539 2137; x_wconf 89' lang='grc' dir='ltr'><em>τητος</em></span> <span class='ocrx_word' id='word_1_126' title='bbox 574 2055 1078 2140; x_wconf 87' lang='grc' dir='ltr'><em>τεκμαιρόμενοι</em></span> <span class='ocrx_word' id='word_1_127' title='bbox 1115 2053 1227 2120; x_wconf 88' lang='grc' dir='ltr'><em>καὶ</em></span> <span class='ocrx_word' id='word_1_128' title='bbox 1270 2063 1388 2139; x_wconf 88' lang='grc' dir='ltr'><em>τῆς</em></span> <span class='ocrx_word' id='word_1_129' title='bbox 1429 2063 1719 2140; x_wconf 80' lang='grc' dir='ltr'><em>φυσικῆς</em></span> <span class='ocrx_word' id='word_1_130' title='bbox 1761 2058 2131 2141; x_wconf 85' lang='grc' dir='ltr'><em>ποιότητος,</em></span> <span class='ocrx_word' id='word_1_131' title='bbox 2178 2059 2276 2123; x_wconf 81' lang='grc' dir='ltr'><em>ἔτι</em></span> 
     </span>
     <span class='ocr_line' id='line_1_19' title="bbox 346 2143 2270 2249; baseline 0.004 -25"><span class='ocrx_word' id='word_1_132' title='bbox 346 2143 421 2224; x_wconf 77' lang='grc' dir='ltr'><em>δὲ</em></span> <span class='ocrx_word' id='word_1_133' title='bbox 457 2169 579 2226; x_wconf 87' lang='grc' dir='ltr'><em>τοῦ</em></span> <span class='ocrx_word' id='word_1_134' title='bbox 616 2161 1061 2245; x_wconf 78' lang='grc' dir='ltr'><em>προσδεῖσθαι</em></span> <span class='ocrx_word' id='word_1_135' title='bbox 1098 2171 1354 2248; x_wconf 77' lang='grc' dir='ltr'><em>τροφῆς</em></span> <span class='ocrx_word' id='word_1_136' title='bbox 1389 2171 1506 2246; x_wconf 90' lang='grc' dir='ltr'><em>τῆς</em></span> <span class='ocrx_word' id='word_1_137' title='bbox 1540 2163 1751 2248; x_wconf 82' lang='grc' dir='ltr'><em>ὑγρᾶς</em></span> <span class='ocrx_word' id='word_1_138' title='bbox 1785 2168 2039 2249; x_wconf 79' lang='grc' dir='ltr'><em>μᾶλλον</em></span> <span class='ocrx_word' id='word_1_139' title='bbox 2075 2164 2116 2249; x_wconf 74' lang='grc' dir='ltr'><em>ἢ</em></span> <span class='ocrx_word' id='word_1_140' title='bbox 2152 2173 2270 2249; x_wconf 91' lang='grc' dir='ltr'><em>τῆς</em></span> 
     </span>
    </p>

    <p class='ocr_par' dir='ltr' id='par_1_6' title="bbox 275 2264 2354 2674">
     <span class='ocr_line' id='line_1_20' title="bbox 275 2264 2272 2355; baseline 0.003 -24"><span class='ocrx_word' id='word_1_141' title='bbox 275 2289 307 2336; x_wconf 87' lang='grc'><strong>3</strong></span> <span class='ocrx_word' id='word_1_142' title='bbox 349 2265 567 2350; x_wconf 80' lang='grc' dir='ltr'><em>ξηρᾶς.</em></span> <span class='ocrx_word' id='word_1_143' title='bbox 660 2265 981 2352; x_wconf 89' lang='grc' dir='ltr'><em>δευτέραν</em></span> <span class='ocrx_word' id='word_1_144' title='bbox 1027 2264 1102 2333; x_wconf 71' lang='grc' dir='ltr'><em>δὲ</em></span> <span class='ocrx_word' id='word_1_145' title='bbox 1148 2266 1464 2351; x_wconf 89' lang='grc' dir='ltr'><em>λέγουσιν</em></span> <span class='ocrx_word' id='word_1_146' title='bbox 1509 2270 1683 2353; x_wconf 82' lang='grc' dir='ltr'><em>ἔχειν</em></span> <span class='ocrx_word' id='word_1_147' title='bbox 1729 2270 2071 2355; x_wconf 85' lang='grc' dir='ltr'><em>διαγωγὴν</em></span> <span class='ocrx_word' id='word_1_148' title='bbox 2115 2275 2272 2348; x_wconf 83' lang='grc' dir='ltr'><em>τοὺς</em></span> 
     </span>
     <span class='ocr_line' id='line_1_21' title="bbox 345 2372 2354 2463; baseline 0.004 -28"><span class='ocrx_word' id='word_1_149' title='bbox 345 2372 760 2454; x_wconf 82' lang='grc' dir='ltr'><em>Αἰγυπτίους</em></span> <span class='ocrx_word' id='word_1_150' title='bbox 811 2373 935 2455; x_wconf 86' lang='grc' dir='ltr'><em>τὴν</em></span> <span class='ocrx_word' id='word_1_151' title='bbox 987 2383 1124 2438; x_wconf 76' lang='grc' dir='ltr'><em>τῶν</em></span> <span class='ocrx_word' id='word_1_152' title='bbox 1182 2373 1444 2457; x_wconf 82' lang='grc' dir='ltr'><em>ἰχθύων</em></span> <span class='ocrx_word' id='word_1_153' title='bbox 1503 2377 1758 2460; x_wconf 79' lang='grc' dir='ltr'><em>βρῶσιν</em></span> <span class='ocrx_word' id='word_1_154' title='bbox 1768 2424 1788 2460; x_wconf 92' lang='grc'><em>,</em></span> <span class='ocrx_word' id='word_1_155' title='bbox 1843 2379 2101 2463; x_wconf 81' lang='grc' dir='ltr'><em>πολλὴν</em></span> <span class='ocrx_word' id='word_1_156' title='bbox 2156 2379 2270 2443; x_wconf 88' lang='grc' dir='ltr'><em>δα-</em></span> <span class='ocrx_word' id='word_1_157' title='bbox 2299 2395 2354 2437; x_wconf 87' lang='lat'><em>20</em></span> 
     </span>
     <span class='ocr_line' id='line_1_22' title="bbox 342 2475 2271 2569; baseline 0.005 -28"><span class='ocrx_word' id='word_1_158' title='bbox 342 2479 611 2555; x_wconf 85' lang='grc' dir='ltr'><em>ψίλειαν</em></span> <span class='ocrx_word' id='word_1_159' title='bbox 646 2475 1105 2563; x_wconf 90' lang='grc' dir='ltr'><em>παρεχομένου</em></span> <span class='ocrx_word' id='word_1_160' title='bbox 1140 2487 1262 2543; x_wconf 85' lang='grc' dir='ltr'><em>τοῦ</em></span> <span class='ocrx_word' id='word_1_161' title='bbox 1307 2489 1631 2565; x_wconf 85' lang='grc' dir='ltr'><em>ποταμοῦ,</em></span> <span class='ocrx_word' id='word_1_162' title='bbox 1678 2481 1789 2548; x_wconf 87' lang='grc' dir='ltr'><em>καὶ</em></span> <span class='ocrx_word' id='word_1_163' title='bbox 1834 2481 2109 2569; x_wconf 88' lang='grc' dir='ltr'><em>μάλισθ’</em></span> <span class='ocrx_word' id='word_1_164' title='bbox 2163 2486 2271 2550; x_wconf 84' lang='grc' dir='ltr'><em>ὅτε</em></span> 
     </span>
     <span class='ocr_line' id='line_1_23' title="bbox 344 2583 2274 2674; baseline 0.005 -27"><span class='ocrx_word' id='word_1_165' title='bbox 344 2584 504 2668; x_wconf 78' lang='grc' dir='ltr'><em>μετὰ</em></span> <span class='ocrx_word' id='word_1_166' title='bbox 568 2584 692 2666; x_wconf 86' lang='grc' dir='ltr'><em>τὴν</em></span> <span class='ocrx_word' id='word_1_167' title='bbox 758 2583 1086 2667; x_wconf 84' lang='grc' dir='ltr'><em>ἀνάβασιν</em></span> <span class='ocrx_word' id='word_1_168' title='bbox 1159 2587 1677 2672; x_wconf 85' lang='grc' dir='ltr'><em>ταπεινούμενος</em></span> <span class='ocrx_word' id='word_1_169' title='bbox 1749 2588 2274 2674; x_wconf 78' lang='grc' dir='ltr'><em>ἀναξηραίνοιτο.</em></span> 
     </span>
    </p>

    <p class='ocr_par' dir='ltr' id='par_1_7' title="bbox 273 2686 2354 3311">
     <span class='ocr_line' id='line_1_24' title="bbox 273 2686 2272 2780; baseline 0.003 -25"><span class='ocrx_word' id='word_1_170' title='bbox 273 2694 306 2742; x_wconf 81' lang='lat'>4</span> <span class='ocrx_word' id='word_1_171' title='bbox 345 2689 591 2774; x_wconf 85' lang='grc' dir='ltr'><em>ὁμοίως</em></span> <span class='ocrx_word' id='word_1_172' title='bbox 636 2686 711 2755; x_wconf 73' lang='grc' dir='ltr'><em>δὲ</em></span> <span class='ocrx_word' id='word_1_173' title='bbox 764 2688 876 2756; x_wconf 82' lang='grc' dir='ltr'><em>καὶ</em></span> <span class='ocrx_word' id='word_1_174' title='bbox 920 2701 1056 2756; x_wconf 81' lang='grc' dir='ltr'><em>τῶν</em></span> <span class='ocrx_word' id='word_1_175' title='bbox 1100 2693 1540 2776; x_wconf 79' lang='grc' dir='ltr'><em>βοσκημάτων</em></span> <span class='ocrx_word' id='word_1_176' title='bbox 1598 2696 1744 2763; x_wconf 85' lang='grc' dir='ltr'><em>ἔνια</em></span> <span class='ocrx_word' id='word_1_177' title='bbox 1797 2707 2272 2780; x_wconf 80' lang='grc' dir='ltr'><em>σαρκοφαγεῖν,</em></span> 
     </span>
     <span class='ocr_line' id='line_1_25' title="bbox 341 2794 2277 2887; baseline 0.002 -26"><span class='ocrx_word' id='word_1_178' title='bbox 341 2794 453 2862; x_wconf 83' lang='grc' dir='ltr'><em>καὶ</em></span> <span class='ocrx_word' id='word_1_179' title='bbox 508 2808 651 2874; x_wconf 80' lang='grc' dir='ltr'><em>ταῖς</em></span> <span class='ocrx_word' id='word_1_180' title='bbox 715 2798 947 2884; x_wconf 81' lang='grc' dir='ltr'><em>δοραῖς</em></span> <span class='ocrx_word' id='word_1_181' title='bbox 1010 2809 1147 2864; x_wconf 80' lang='grc' dir='ltr'><em>τῶν</em></span> <span class='ocrx_word' id='word_1_182' title='bbox 1208 2797 1749 2884; x_wconf 84' lang='grc' dir='ltr'><em>κατεσθιομένων</em></span> <span class='ocrx_word' id='word_1_183' title='bbox 1812 2798 2053 2883; x_wconf 77' lang='grc' dir='ltr'><em>ἐσθῆσι</em></span> <span class='ocrx_word' id='word_1_184' title='bbox 2114 2811 2277 2887; x_wconf 78' lang='grc' dir='ltr'><em>χρῆ-</em></span> 
     </span>
     <span class='ocr_line' id='line_1_26' title="bbox 343 2902 2354 2989; baseline -0 -20"><span class='ocrx_word' id='word_1_185' title='bbox 343 2910 530 2988; x_wconf 90' lang='grc' dir='ltr'><em>σθαι,</em></span> <span class='ocrx_word' id='word_1_186' title='bbox 575 2902 688 2970; x_wconf 82' lang='grc' dir='ltr'><em>καὶ</em></span> <span class='ocrx_word' id='word_1_187' title='bbox 732 2906 849 2982; x_wconf 79' lang='grc' dir='ltr'><em>τὰς</em></span> <span class='ocrx_word' id='word_1_188' title='bbox 886 2906 1175 2989; x_wconf 78' lang='grc' dir='ltr'><em>οἰκήσεις</em></span> <span class='ocrx_word' id='word_1_189' title='bbox 1212 2904 1283 2971; x_wconf 79' lang='grc' dir='ltr'><em>ἐκ</em></span> <span class='ocrx_word' id='word_1_190' title='bbox 1330 2917 1465 2971; x_wconf 80' lang='grc' dir='ltr'><em>τῶν</em></span> <span class='ocrx_word' id='word_1_191' title='bbox 1509 2905 1825 2989; x_wconf 89' lang='grc' dir='ltr'><em>καλάμων</em></span> <span class='ocrx_word' id='word_1_192' title='bbox 1869 2909 2272 2974; x_wconf 66' lang='grc' dir='ltr'><em>κατασκευά·</em></span> <span class='ocrx_word' id='word_1_193' title='bbox 2299 2928 2354 2969; x_wconf 78' lang='lat'><em>25</em></span> 
     </span>
     <span class='ocr_line' id='line_1_27' title="bbox 347 3008 2274 3097; baseline 0.002 -20"><span class='ocrx_word' id='word_1_194' title='bbox 347 3015 590 3091; x_wconf 82' lang='grc' dir='ltr'><em>ζεσθαι.</em></span> <span class='ocrx_word' id='word_1_195' title='bbox 685 3017 834 3096; x_wconf 79' lang='grc' dir='ltr'><em>ἴχνη</em></span> <span class='ocrx_word' id='word_1_196' title='bbox 897 3008 973 3077; x_wconf 77' lang='grc' dir='ltr'><em>δὲ</em></span> <span class='ocrx_word' id='word_1_197' title='bbox 1026 3012 1286 3078; x_wconf 89' lang='grc' dir='ltr'><em>τούτων</em></span> <span class='ocrx_word' id='word_1_198' title='bbox 1341 3010 1679 3096; x_wconf 77' lang='grc' dir='ltr'><em>διαμένειν</em></span> <span class='ocrx_word' id='word_1_199' title='bbox 1731 3012 1911 3097; x_wconf 76' lang='grc' dir='ltr'><em>παρὰ</em></span> <span class='ocrx_word' id='word_1_200' title='bbox 1964 3022 2105 3091; x_wconf 80' lang='grc' dir='ltr'><em>τοῖς</em></span> <span class='ocrx_word' id='word_1_201' title='bbox 2158 3038 2274 3080; x_wconf 82' lang='grc' dir='ltr'><em>νο·-</em></span> 
     </span>
     <span class='ocr_line' id='line_1_28' title="bbox 342 3116 2272 3208; baseline 0.002 -24"><span class='ocrx_word' id='word_1_202' title='bbox 342 3128 538 3202; x_wconf 86' lang='grc' dir='ltr'><em>μεῢσι</em></span> <span class='ocrx_word' id='word_1_203' title='bbox 583 3129 723 3196; x_wconf 82' lang='grc' dir='ltr'><em>τοῖς</em></span> <span class='ocrx_word' id='word_1_204' title='bbox 765 3116 907 3185; x_wconf 88' lang='grc' dir='ltr'><em>κατ’</em></span> <span class='ocrx_word' id='word_1_205' title='bbox 952 3125 1322 3203; x_wconf 78' lang='grc' dir='ltr'><em>Αἴγυπτον,</em></span> <span class='ocrx_word' id='word_1_206' title='bbox 1371 3118 1489 3197; x_wconf 85' lang='grc' dir='ltr'><em>οὓς</em></span> <span class='ocrx_word' id='word_1_207' title='bbox 1530 3117 1821 3196; x_wconf 79' lang='grc' dir='ltr'><em>ἅπαντάς</em></span> <span class='ocrx_word' id='word_1_208' title='bbox 1868 3135 2034 3205; x_wconf 89' lang='grc' dir='ltr'><em>φασι</em></span> <span class='ocrx_word' id='word_1_209' title='bbox 2078 3119 2272 3208; x_wconf 88' lang='grc' dir='ltr'><em>μέχρι</em></span> 
     </span>
     <span class='ocr_line' id='line_1_29' title="bbox 341 3223 2269 3311; baseline 0.003 -21"><span class='ocrx_word' id='word_1_210' title='bbox 341 3234 462 3290; x_wconf 83' lang='grc' dir='ltr'><em>τοῦ</em></span> <span class='ocrx_word' id='word_1_211' title='bbox 507 3234 637 3291; x_wconf 85' lang='grc' dir='ltr'><em>νῦν</em></span> <span class='ocrx_word' id='word_1_212' title='bbox 675 3227 1005 3311; x_wconf 89' lang='grc' dir='ltr'><em>μηδεμίαν</em></span> <span class='ocrx_word' id='word_1_213' title='bbox 1049 3227 1258 3309; x_wconf 77' lang='grc' dir='ltr'><em>ἄλλην</em></span> <span class='ocrx_word' id='word_1_214' title='bbox 1296 3230 1557 3309; x_wconf 79' lang='grc' dir='ltr'><em>οἴκησιν</em></span> <span class='ocrx_word' id='word_1_215' title='bbox 1604 3223 1646 3310; x_wconf 80' lang='grc' dir='ltr'>ἢ</span> <span class='ocrx_word' id='word_1_216' title='bbox 1692 3226 1816 3311; x_wconf 76' lang='grc' dir='ltr'><em>τὴν</em></span> <span class='ocrx_word' id='word_1_217' title='bbox 1858 3225 1930 3293; x_wconf 80' lang='grc' dir='ltr'><em>ἐκ</em></span> <span class='ocrx_word' id='word_1_218' title='bbox 1974 3238 2110 3294; x_wconf 81' lang='grc' dir='ltr'><em>τῶν</em></span> <span class='ocrx_word' id='word_1_219' title='bbox 2154 3253 2269 3295; x_wconf 87' lang='grc' dir='ltr'><em>κα-</em></span> 
     </span>
    </p>
   </div>
   <div class='ocr_carea' id='block_1_3' title="bbox 342 3378 2264 3524">
    <p class='ocr_par' dir='ltr' id='par_1_8' title="bbox 342 3378 2264 3524">
     <span class='ocr_line' id='line_1_30' title="bbox 425 3378 2264 3462; baseline 0.003 -27"><span class='ocrx_word' id='word_1_220' title='bbox 425 3443 439 3462; x_wconf 74' lang='lat'>‚</span> <span class='ocrx_word' id='word_1_221' title='bbox 486 3388 515 3435; x_wconf 81' lang='grc'><em>’1</em></span> <span class='ocrx_word' id='word_1_222' title='bbox 555 3378 845 3451; x_wconf 76' lang='grc' dir='ltr'><em>ἄγρωστον</em></span> <span class='ocrx_word' id='word_1_223' title='bbox 884 3383 924 3439; x_wconf 87' lang='lat' dir='ltr'>C</span> <span class='ocrx_word' id='word_1_224' title='bbox 1056 3390 1088 3440; x_wconf 88' lang='grc'>8</span> <span class='ocrx_word' id='word_1_225' title='bbox 1125 3384 1192 3455; x_wconf 85' lang='grc' dir='ltr'><em>τῇ</em></span> <span class='ocrx_word' id='word_1_226' title='bbox 1231 3400 1340 3438; x_wconf 90' lang='lat' dir='ltr'><em>om.</em></span> <span class='ocrx_word' id='word_1_227' title='bbox 1377 3382 1530 3453; x_wconf 82' lang='lat' dir='ltr'><strong>vulg.</strong></span> <span class='ocrx_word' id='word_1_228' title='bbox 1665 3389 1732 3439; x_wconf 87' lang='lat'><em>14</em></span> <span class='ocrx_word' id='word_1_229' title='bbox 1767 3382 1982 3456; x_wconf 81' lang='grc' dir='ltr'><em>ταύτην</em></span> <span class='ocrx_word' id='word_1_230' title='bbox 2017 3380 2068 3440; x_wconf 90' lang='lat' dir='ltr'>D</span> <span class='ocrx_word' id='word_1_231' title='bbox 2199 3393 2264 3442; x_wconf 79' lang='lat'><em>17</em></span> 
     </span>
     <span class='ocr_line' id='line_1_31' title="bbox 342 3451 1441 3524; baseline 0.011 -26"><span class='ocrx_word' id='word_1_232' title='bbox 342 3465 608 3519; x_wconf 77' lang='grc' dir='ltr'><em>πιοτητος</em></span> <span class='ocrx_word' id='word_1_233' title='bbox 644 3453 849 3509; x_wconf 73' lang='lat' dir='ltr'>Reiske</span> <span class='ocrx_word' id='word_1_234' title='bbox 994 3460 1064 3509; x_wconf 82' lang='lat'><em>24</em></span> <span class='ocrx_word' id='word_1_235' title='bbox 1104 3451 1340 3524; x_wconf 77' lang='grc' dir='ltr'><em>ἕσθήσει</em></span> <span class='ocrx_word' id='word_1_236' title='bbox 1375 3455 1441 3510; x_wconf 87' lang='lat' dir='ltr'><em>D.</em></span> 
     </span>
    </p>
   </div>
  </div>
 </body>
</html>
