2569 4061
404 220 532 286 160
1064 216 1371 272 DIODORI
1409 216 1639 272 SICULl

395 379 945 467 προσφερομένου
990 390 1129 455 τοῖς
1173 402 1243 444 τε
1290 382 1588 456 πολίταις
1622 377 1733 444 καὶ
1772 389 1912 466 τοῖς
1948 382 2043 457 εἰς
2078 382 2317 465 Σάμον

391 485 832 553 καταπλέουσι
896 483 1139 569 ξένοις,
1202 487 1277 550 τὸ
1345 481 1466 569 μὲν
1520 495 1786 571 πρῶτον
1841 484 2098 568 λέγεται
2161 509 2316 568 πρε-

393 595 673 677 σβευτὰς
736 592 1214 658 ἀποστείλαντα
1280 595 1688 677 παρακαλεῖν
1751 591 1958 657 αὐτὸν
2022 591 2128 657 ἐπὶ
2191 595 2315 678 τὴν
2366 649 2373 658 ,

391 702 805 785 μετριότητα·
866 698 950 764 οὐ
1003 695 1448 784 προσέχοντος
1504 691 1565 761 δ’
1626 696 1834 762 αὐτοῦ
1897 708 2037 775 τοῖς
2091 702 2315 782 λόγοις

390 804 744 889 ἐπιστολὴν
797 805 1049 891 γράψαι
1102 804 1225 887 τὴν
1280 806 1517 888 φιλίαν
1569 801 1681 869 καὶ
1736 804 1860 887 τὴν
1915 805 2138 883 ξενίαν
2191 807 2315 888 τὴν
2370 827 2396 866 5

389 914 554 996 πρὸς
600 912 805 977 αὐτὸν
853 912 1319 994 διαλυόμενον·
1379 909 1462 975 οὐ
1514 911 1642 996 γὰρ
1688 911 2058 993 βούλεσθαι
2105 916 2312 995 λυπη-

388 1023 595 1101 θῆναι
644 1019 986 1100 συντόμως
1032 1016 1294 1100 ἑαυτόν,
1342 1015 1631 1102 ἀκριβῶς
1671 1018 1895 1083 εἰδότα
1935 1019 2104 1082 διότι
2148 1022 2313 1101 πλη-

391 1128 541 1189 σίον
596 1121 777 1189 ἐστὶν
831 1123 1009 1211 αὐτῷ
1062 1123 1138 1187 τὸ
1193 1133 1410 1199 κακῶς
1463 1128 1712 1188 παθεῖν
1763 1122 1938 1189 οὕτω
1992 1140 2311 1209 προεστη-

387 1232 530 1294 κότι
576 1238 692 1311 τῆς
735 1230 1150 1314 τυραννίδος.
1241 1235 1726 1314 θαυμασθῆναι
1778 1227 1840 1293 δ’
1894 1230 2100 1296 αὐτόν
2145 1247 2310 1315 φασι

301 1383 306 1386 -
388 1316 565 1420 παρὰ
611 1344 750 1411 τοῖς
779 1331 1052 1418 ’Ἑλλησι
1102 1335 1213 1399 διά
1256 1358 1328 1400 τε
1373 1336 1497 1418 τὴν
1534 1335 1888 1401 ἐπιείκειαν
1925 1334 2037 1401 καὶ
2083 1336 2194 1401 διὰ
2234 1338 2308 1401 τὸ
2340 1357 2394 1397 ιο

387 1448 478 1528 τῷ
512 1442 931 1527 Πολυκράτει
967 1440 1214 1525 ταχέως
1250 1440 1582 1524 ἀποβῆναι
1617 1443 1697 1506 τὰ
1735 1439 2043 1528 ῥηθέντα.
2117 1440 2309 1507 ἕκτον

389 1542 463 1611 δὲ
510 1545 767 1630 λέγεται
812 1549 931 1613 τὸν
969 1546 1221 1633 Ξέρξου
1265 1546 1517 1634 πατέρα
1552 1552 1849 1634 Δαρεῖον
1895 1558 2034 1625 τοῖς
2078 1551 2310 1632 νόμοις

386 1652 730 1737 ἐπιστῆναι
774 1663 914 1731 τοῖς
957 1665 1093 1720 τῶν
1137 1656 1550 1737 Αἰγυπτίων·
1600 1657 1969 1738 μισήσαντα
2013 1656 2141 1740 γὰρ
2185 1655 2307 1737 τὴν

385 1764 805 1845 παρανομίαν
858 1762 981 1845 τὴν
1034 1762 1129 1836 εἰς
1191 1762 1271 1824 τὰ
1325 1757 1466 1825 κατ’
1518 1764 1865 1842 Αἴγυπτον
1922 1759 2065 1845 ἱερὰ
2119 1784 2307 1842 γενο-

387 1865 595 1950 μένην
639 1867 768 1932 ὑπὸ
816 1867 1187 1951 Καμβύσου
1244 1875 1364 1931 τοῦ
1410 1866 2059 1952 προβασιλεύσαντος
2106 1869 2304 1949 ζηλῶ-
2335 1903 2388 1942 15

388 1989 498 2039 σαι
551 1977 703 2057 βίον
748 1973 995 2058 ἐπιεικῆ
1050 1972 1162 2039 καὶ
1219 1976 1563 2058 φιλόθεον.
1656 1973 1963 2058 ὁμιλῆσαι
2009 1967 2132 2055 μὲν
2176 1973 2304 2059 γὰρ

386 2080 614 2158 αὐτοῖς
647 2090 797 2158 ’τοῖς
843 2081 1092 2168 ἱερεῦσι
1135 2091 1277 2158 τοῖς
1314 2080 1388 2146 ἐν
1408 2081 1728 2170 Αἰγύπτῳ
1767 2077 1877 2146 καὶ
1914 2081 2305 2165 μεταλαβεῖν

267 2275 271 2280 .
385 2187 591 2254 αὐτὸν
655 2197 770 2272 τῆς
832 2211 903 2253 τε
964 2191 1322 2271 θεολογίας
1382 2185 1494 2254 καὶ
1556 2198 1691 2253 τῶν
1756 2187 1830 2254 ἐν
1892 2197 2035 2264 ταῖς
2099 2186 2305 2271 ἱεραῖς

384 2296 640 2376 βίβλοις
706 2293 1308 2381 ἀναγεγραμμένων
1369 2292 1699 2380 πράξεων·
1765 2293 1837 2359 ἐκ
1893 2290 1967 2359 δὲ
2030 2293 2286 2358 τούτων
2309 2314 2411 2362 107

386 2399 825 2484 ἱστορήσαντα
852 2402 975 2482 τήν
1001 2423 1073 2464 τε
1100 2403 1597 2483 μεγαλοψυχίαν
1623 2410 1760 2482 τῶν
1788 2400 2081 2484 ἀρχαίων
2117 2403 2304 2483 βασι·
2332 2436 2387 2475 20

383 2503 554 2568 λέων
606 2503 718 2570 καὶ
774 2506 897 2588 τὴν
951 2506 1046 2580 εἰς
1108 2507 1264 2580 τοὺς
1320 2502 1728 2590 ἀρχομένους
1781 2506 2053 2571 εὔνοιαν
2107 2508 2302 2589 μιμή-

383 2616 633 2676 σασθαι
676 2611 795 2675 τὸν
842 2608 1116 2675 ἐκείνων
1171 2612 1355 2693 βίον,
1409 2607 1520 2675 καὶ
1576 2611 1688 2675 διὰ
1742 2618 1938 2674 τοῦτο
1993 2611 2302 2692 τηλικαύ-

381 2740 497 2800 της
551 2726 775 2800 τυχεῖν
820 2723 1010 2799 τιμῆς
1055 2713 1224 2782 ὥσθ’
1287 2716 1417 2781 ὑπὸ
1472 2725 1606 2781 τῶν
1645 2717 2035 2798 Αἰγυπτίων
2093 2720 2300 2795 ζῶντα

381 2820 502 2908 μὲν
573 2824 740 2889 θεὸν
811 2816 1436 2909 προσαγορεύεσθαι
1508 2826 1719 2907 μόνον
1789 2832 1924 2887 τῶν
1988 2822 2299 2889 ἁπάντων

380 2928 731 3017 βασιλέων,
776 2934 1255 3014 τελευτήσαντα
1303 2927 1378 2995 δὲ
1422 2941 1631 3015 τιμῶν
1676 2940 1901 3014 τυχεῖν
1949 2936 2116 2998 ἴσων
2159 2941 2298 3008 τοῖς
2328 2965 2381 3005 25

379 3041 454 3105 τὸ
501 3038 783 3104 παλαιὸν
823 3039 1244 3122 νομιμώτατα
1291 3037 1722 3120 βασιλεύσασι
1767 3034 1905 3102 κατ’
1934 3043 2299 3120 Αἴγυπτον.

521 3274 556 3320 4
593 3264 807 3356 λόγοις]
843 3265 925 3329 εἰς
960 3266 1086 3321 add.
1126 3264 1279 3335 vulg.
1393 3271 1423 3318 7
1465 3261 1671 3321 ἑαυτὸν
1711 3283 1819 3321 om.
1858 3266 1909 3320 II
2019 3259 2107 3320 ὅτι
2142 3265 2233 3319 vul
2282 3309 2294 3321 .

382 3341 445 3392 17
486 3333 703 3409 αὐτοῖς]
734 3336 912 3393 αυτὸν
947 3338 1001 3392 11
1075 3342 1140 3392 18
1178 3341 1278 3423 τῆς
1313 3356 1373 3391 τε
1411 3338 1714 3405 θεολογίας
1750 3332 1938 3393 αὐτῶν
1981 3337 2028 3392 0
2100 3342 2167 3390 21
2208 3356 2233 3391 ε
2277 3367 2297 3376 ·

377 3407 566 3476 νοιαν]
609 3405 921 3464 ἐπιείκειαν
957 3407 1011 3461 Π
1082 3413 1149 3462 22
1187 3426 1288 3462 τον
1326 3407 1550 3476 Reiske,
1586 3408 1698 3462 τῶν
1737 3406 1871 3462 libri
1983 3414 2052 3463 24
2088 3426 2295 3477 προσα-

377 3480 730 3543 γορευθῆναι
767 3480 818 3532 II
961 3474 1255 3550 ἁπάντων]
1296 3474 1478 3534 ἄλλων
1514 3479 1585 3536 ΙΙ.
