2569 4061
404 230 490 295 96
1070 226 1381 285 monom
1416 226 1652 284 Slotm

403 393 526 475 τὴν
572 392 883 457 διάθεσιν
926 399 1043 474 τῆς
1078 389 1372 458 ἑκάστων
1416 399 1633 474 ψυχῆς
1669 392 2146 475 φανερωτάτην
2190 402 2330 467 τοῖς

334 521 367 569 9
405 498 893 583 ἐπιγινομένοις
937 501 1211 565 ἔσεσθαι
1246 500 1550 582 νομίζων.
1625 496 1699 562 ἐν
1745 497 1949 574 ἐνίοις
1985 493 2061 562 δὲ
2105 500 2332 574 τόποις

404 603 517 669 καὶ
553 606 676 689 τὴν
723 603 967 671 ἑαυτοῦ
1011 604 1493 670 κατεσκεύασεν
1549 605 1776 668 εἰκόνα
1821 606 2126 686 λιθίνην,
2173 602 2330 681 τόξα

403 709 515 777 καὶ
574 713 824 796 λόγχην
879 714 1196 796 ἔχουσαν,
1260 718 1354 798 τῷ
1409 709 1680 794 μεγέθει
1731 707 2035 794 τέτταρσι
2096 714 2330 775 παλαι-

404 828 591 895 σταῖς
635 822 903 902 μείζονα
946 830 1083 883 τῶν
1128 817 1460 903 τεττάρων
1504 826 1757 901 πηχῶν,
1800 816 2034 899 ’ἡλίκος
2078 816 2176 881 ὢν
2219 815 2331 881 καὶ
2359 834 2386 875 5

305 946 371 995 10
408 924 620 1001 αὐτὸς-
662 923 1039 1008 ἐτύγχανεν.
1130 923 1432 1001 ἐπιεικῶς
1485 920 1560 988 δὲ
1604 921 2077 1010 προσενεχθεὶς
2126 924 2332 989 ἅπασι

403 1042 545 1107 τοῖς
596 1029 1155 1114 ὑποτεταγμένοις
1205 1028 1319 1096 καὶ
1365 1029 1762 1107 συντελέσας
1812 1031 1938 1113 τὴν
1982 1032 2331 1117 στρατείαν

406 1137 480 1202 ἐν
508 1138 724 1201 ἔτεσιν
763 1134 980 1220 ἐννέα,
1007 1146 1147 1213 τοῖς
1182 1133 1307 1220 μὲν
1337 1138 1568 1202 ἔθνεσι
1601 1138 1767 1201 κατὰ
1804 1138 2093 1221 δύναμιν
2126 1152 2331 1222 προσ-

406 1241 586 1322 ε’ταξε
625 1243 1047 1328 δωροφορεῖν
1081 1238 1224 1308 κατ’
1258 1243 1568 1309 ἐνιαυτὸν
1603 1244 1699 1320 εἰς
1723 1248 2091 1326 Αἴγυπτον,
2133 1243 2334 1320 αὐτὸς

407 1344 470 1413 δ’
523 1349 853 1435 ἀθροίσας
908 1350 1341 1433 αἰχμαλώτων
1393 1373 1464 1415 τε
1509 1347 1620 1415 καὶ
1662 1361 1799 1414 τῶν
1853 1351 2076 1415 ἄλλων
2120 1351 2333 1434 λαφύ-
2362 1368 2417 1409 ιο

343 1523 354 1529 ,
407 1479 548 1541 ρων
602 1460 866 1538 πλῆθος
921 1454 1426 1542 ἀνυπέρβλητον
1481 1455 1859 1539 ἐπανῆλθεν
1903 1458 2000 1533 εἰς
2042 1457 2168 1539 τὴν
2210 1476 2331 1521 πα-

405 1563 630 1647 τρίδα,
677 1565 987 1646 μεγίστας
1045 1563 1314 1648 πράξεις
1366 1572 1503 1627 τῶν
1555 1564 1684 1649 πρὸ
1731 1562 1941 1627 αὐτοῦ
1993 1585 2332 1648 κατειργα-

303 1689 368 1738 11
407 1667 667 1753 σμένος.
758 1666 871 1733 καὶ
915 1670 997 1734 τὰ
1054 1665 1178 1753 μὲν
1225 1670 1373 1755 ίερά
1426 1669 1643 1733 πάντα
1687 1670 1768 1734 τὰ
1812 1667 1954 1734 κατ’
1986 1675 2334 1752 Αἴγυπτον

408 1774 836 1859 ἀναθήμασιν
893 1775 1266 1857 ἀξιολόγοις
1319 1773 1432 1839 καὶ
1476 1776 1746 1852 σκύλοις
1800 1775 2154 1860 ἐκόσμησε,
2197 1786 2333 1841 τῶν

408 1878 484 1946 δὲ
519 1891 942 1966 στρατιωτῶν
977 1884 1135 1957 τοὺς
1173 1880 1819 1966 ἀνδραγαθήσαντας
1856 1884 2135 1969 δωρεαῖς
2168 1885 2334 1948 κατὰ
2364 1900 2416 1942 15

305 1988 532 2072 12’τὴν
594 1986 787 2068 ἀξίαν
851 1984 1133 2072 ἐτίμησε.
1224 1990 1529 2054 καθόλου
1593 1985 1670 2054 δὲ
1728 1988 1856 2059 ἀπὸ
1920 1991 2164 2073 ταύτης
2219 1999 2335 2073 τῆς

407 2098 752 2182 στρατείας
807 2095 889 2161 οὐ
940 2098 1152 2180 μόνον
1205 2096 1247 2179 ἡ
1297 2097 1999 2183 συνανδραγαθήσασα
2054 2098 2336 2181 δύναμις

406 2203 702 2287 μεγάλην
758 2203 1081 2288 εὐπορίαν
1135 2202 1512 2287 κτησαμένη
1559 2205 1683 2287 τὴν
1737 2203 2070 2269 ἐπάνοδον
2116 2204 2333 2287 ἐποιή-

408 2323 569 2373 σατο
653 2311 993 2395 λαμπράν,
1068 2309 1236 2374 ἀλλὰ
1302 2308 1415 2374 καὶ
1475 2310 1600 2393 τὴν
1652 2314 2000 2392 Αἴγυπτον
2068 2312 2333 2377 ἅπασαν
2412 2352 2417 2367 ,

407 2412 658 2496 συνέβη
705 2416 1025 2491 παντοίας
1069 2415 1396 2498 ὠφελείας
1440 2413 1922 2499 ἐμπλησθῆναι.
2360 2436 2416 2475 20

301 2519 389 2586 56
577 2513 647 2581 ‘O
682 2515 758 2583 δὲ
806 2522 1149 2596 Σεσόωσις
1185 2519 1567 2603 ἀποστήσας
1617 2522 1700 2585 τὰ
1751 2523 1978 2603 πλήθη
2026 2522 2154 2587 ἀπὸ
2199 2535 2334 2588 τῶν

407 2627 784 2706 πολεμικῶν
830 2626 1047 2709 ἔργων
1091 2636 1231 2702 τοῖς
1277 2621 1401 2708 μὲν
1444 2627 2130 2710 συνανδραγαθήσασι
2176 2642 2334 2693 συν-

409 2730 700 2815 εχῶρησε
729 2731 853 2813 τὴν
891 2730 1243 2817 ῥᾳστώνην
1269 2729 1383 2796 καὶ
1418 2727 1541 2814 τῆν
1574 2731 1945 2797 ἀπόλαυσιν
1978 2742 2115 2797 τῶν
2140 2757 2334 2799 κατα-

407 2833 794 2919 κτηθέντων
832 2835 1132 2919 ἀγαθῶν,
1181 2837 1383 2915 αὐτὸς
1428 2833 1504 2902 δὲ
1540 2836 1896 2922 φιλόδοξος
1933 2838 2030 2904 ὢν
2073 2837 2184 2905 καὶ
2220 2850 2336 2925 τῆς

409 2945 508 3020 εἰς
574 2943 692 3008 τὸν
761 2944 978 3008 4αἰῶνα
1054 2947 1317 3029 μνήμης
1389 2944 1786 3031 ὀρεγόμενος
1857 2947 2335 3012 κατεσκεύασεν
2361 2965 2415 3007 25

410 3052 570 3136 ἔργα
615 3050 866 3135 μεγάλα
910 3049 1022 3116 καὶ
1075 3052 1434 3136 θαυμαστὰ
1475 3063 1620 3130 ταῖς
1674 3052 1996 3131 ἐπινοίαις
2039 3053 2150 3119 καὶ
2193 3065 2336 3131 ταῖς

410 3159 774 3244 χορηγίαις,
804 3155 1016 3246 ἑαυτῷ
1053 3154 1177 3243 μὲν
1215 3158 1559 3224 ἀθάνατον
1594 3170 2073 3246 περιποιοῦντα
2109 3158 2333 3245 δόξαν,

411 3275 550 3340 τοῖς
587 3259 649 3328 δ’
672 3265 1068 3346 Αἰγυπτίοις
1103 3266 1228 3348 τὴν
1268 3268 1363 3344 εἰς
1390 3267 1647 3332 ἅπαντα
1683 3270 1801 3333 τὸν
1838 3270 2087 3354 χρόνον
2123 3266 2334 3352 ἀσφά-

411 3415 581 3470 τάτου
619 3419 683 3474 ΙΙ.
902 3416 1140 3478 ἑκάστου
1179 3423 1220 3479 0
1373 3429 1437 3478 19
1475 3419 1729 3495 ἅπασαν]
1770 3420 1904 3493 ὅλην
1945 3424 1985 3479 C
2114 3430 2180 3479 21
2220 3418 2333 3478 ἀπὸ

417 3499 524 3539 om.
565 3487 651 3541 OF
797 3498 867 3548 26
908 3491 1069 3564 ἔργα]
1111 3491 1251 3564 ἔργα
1287 3514 1348 3550 τε
1387 3495 1538 3566 vulg.
