2569 4061
386 303 517 367 278
1063 301 1369 359 DIODORI
1406 301 1642 357 SICULI

314 489 347 537 3
384 478 518 532 τῶν
562 466 801 530 τόπων.
892 463 1465 552 παρηλλαγμένοις
1510 458 1572 529 δ’
1626 466 1813 530 ἔθεσι
1866 476 2156 550 χρῶνται
2201 464 2318 531 καὶ

382 569 534 657 περὶ
596 571 755 647 τοὺς
819 565 973 656 παρ’
1045 569 1271 647 αὐτοῖς
1334 574 1798 646 τελευτῶντας·
1867 570 1938 635 οἱ
1996 567 2119 655 μὲν
2183 573 2317 658 γὰρ

382 679 479 754 εἰς
523 679 643 743 τὸν
687 679 987 763 ποταμὸν
1027 678 1386 762 βάλλοντες
1432 676 1737 762 ἀφιᾶσιν,
1785 676 2064 762 ἀρίστην
2109 677 2316 761 ἡγού-

381 807 572 868 μενοι
626 786 849 869 ταφὴν
905 784 1186 867 ταύτην,
1248 784 1319 848 οἱ
1377 780 1451 848 δὲ
1505 782 1925 869 περιχέαντες
1977 783 2180 849 ὕελον
2237 785 2314 850 ἐν

381 903 525 969 ταῖς
580 893 819 968 οἰκίαις
874 892 1323 976 φυλάττοντες
1367 893 1713 974 νομίζουσι
1769 892 1913 955 δεῖν
1958 894 2118 975 μήτε
2173 901 2314 956 τῶν
2369 912 2398 953 5

381 999 843 1065 τελευτώντων
899 998 1296 1080 ἀγνοεῖσθαι
1347 999 1464 1074 τὰς
1519 999 1704 1074 ὄψεις
1756 1008 1898 1074 τοῖς
1958 997 2315 1081 συγγενέσι

381 1100 528 1190 μήτ’
596 1104 1167 1169 ἐπιλανθάνεσθαι
1238 1107 1396 1181 τοὺς
1457 1107 1914 1190 προσήκοντας
1974 1113 2066 1192 τῷ
2132 1103 2313 1186 γένει

379 1223 516 1275 τῶν
542 1209 1174 1298 προσῳκειωμένων,
1213 1213 1381 1278 ἔνιοι
1411 1205 1472 1276 δ’
1507 1212 1602 1287 εἰς
1629 1211 2026 1296 ὀστρακίνας
2062 1215 2312 1297 σοροὺς

379 1316 817 1399 ἐμβάλλοντες
873 1318 1354 1402 κατορύττουσι
1406 1319 1626 1405 κύκλῳ
1682 1328 1818 1382 τῶν
1880 1318 2078 1402 ἱερῶν
2090 1367 2111 1401 ,
2175 1316 2289 1383 καὶ
2315 1323 2420 1374 180

377 1423 498 1487 τὸν
544 1421 651 1487 ἐπὶ
705 1424 967 1500 τούτοις
1021 1428 1379 1509 γινόμενον
1434 1425 1637 1510 ὅρκον
1692 1422 2008 1509 μέγιστον
2061 1424 2308 1509 ἡγοῦν-
2338 1446 2392 1484 10

306 1551 340 1598 4
376 1552 502 1594 ται.
575 1530 694 1606 τας
731 1527 806 1595 δὲ
841 1533 1182 1615 βασιλείας
1219 1531 1695 1617 ἐγχειρίζουσιν
1743 1531 1814 1595 οἱ
1854 1526 1975 1614 μὲν
2020 1543 2162 1609 τοῖς
2199 1533 2308 1598 εὐ-

375 1636 864 1721 πρεπεστάτοις,
911 1639 1114 1722 τύχης
1147 1637 1511 1722 ἡγούμενοι
1552 1638 1734 1722 δῶρα
1773 1636 2136 1723 ἀμφότερα,
2182 1641 2306 1722 τήν

374 1766 443 1807 τε
492 1746 865 1829 μοναρχίαν
908 1743 1019 1808 καὶ
1064 1745 1188 1826 τὴν
1235 1742 1662 1829 εὐπρέπειαν,
1720 1744 1791 1809 015
1841 1740 1915 1809 δὲ
1969 1755 2109 1821 τοῖς
2165 1744 2305 1809 ἐπι-

375 1850 793 1933 μελεστάτοις
846 1852 1326 1935 κτηνοτρόφοις
1382 1851 1828 1935 παραδιδόασι
1887 1852 2011 1934 τὴν
2064 1850 2298 1935 ἀρχήν,

375 1955 466 2033 ὡς
519 1959 770 2040 μόνους
824 1957 1060 2042 ἄριστα
1113 1967 1250 2022 τῶν
1302 1954 1852 2042 ὑποτεταγμένων
1899 1964 2300 2044 φροντιοῦν-
2333 1977 2390 2018 15

371 2087 518 2147 τας,
581 2066 749 2129 ἔνιοι
806 2060 880 2129 δὲ
934 2074 1074 2141 τοῖς
1129 2066 1650 2141 πλουσιωτάτοις
1702 2073 1899 2131 τοῦτο
1955 2066 2029 2129 τὸ
2076 2067 2303 2149 τίμιον

374 2169 857 2254 ἀπονέμουσιν,
916 2171 1280 2255 ἡγούμενοι
1334 2174 1582 2256 μόνους
1629 2172 1874 2248 αὐτοὺς
1920 2171 2304 2257 ἐπικουρεῖν

370 2288 509 2354 τοῖς
556 2280 777 2364 ὄχλοις
824 2280 1164 2344 δύνασθαι
1210 2280 1323 2344 δια
1359 2280 1482 2362 τὴν
1519 2278 1905 2364 ἑτοιμότητα
1940 2288 2057 2363 τῆς
2103 2279 2302 2344 εὐπο-

373 2386 544 2468 ρίας,
590 2383 719 2448 εἰσὶ
767 2381 827 2448 δ’
883 2388 955 2449 οἳ
1001 2387 1160 2461 τοὺς
1215 2384 1492 2471 ἀνδρείᾳ
1539 2384 1980 2471 διαφέροντας
2027 2386 2301 2471 αἱροῦν-

367 2511 476 2552 ται
531 2492 856 2573 βασιλεῖς,
919 2493 1262 2575 κρίνοντες
1319 2494 1478 2568 τοὺς
1531 2492 1605 2556 ἐν
1659 2490 1923 2580 πολέμῳ
1983 2499 2301 2559 πλεῖστον
2331 2512 2388 2551 20

367 2592 785 2677 δυναμένους
857 2595 1085 2675 ἀξίους
1166 2593 1339 2663 εἶναι
1410 2600 1662 2682 μόνους
1731 2600 2087 2684 τυγχάνειν
2158 2610 2299 2665 τῶν

365 2703 724 2785 πρωτείων.
1274 2720 1279 2726 ’

262 2808 345 2873 10
556 2809 687 2890 Τῆς
733 2802 808 2872 δὲ
850 2809 1032 2893 παρὰ
1076 2809 1195 2875 τὸν
1233 2813 1488 2877 Νεῖλον
1522 2810 1741 2897 χώρας
1775 2821 1891 2896 τῆς
1938 2812 2010 2877 ἐν
2055 2821 2134 2897 τῇ
2172 2816 2300 2877 Λι-

363 2913 495 2999 βύῃ
559 2912 862 2998 κειμένης
924 2914 1069 2980 ἐστί
1126 2939 1189 2980 τι
1252 2917 1452 3003 μέρος
1504 2926 1595 3005 τῷ
1656 2919 1883 2984 κάλλει
1939 2919 2297 3006 διαφέρον·

363 3022 619 3107 τροφάς
671 3045 741 3087 τε
806 3023 934 3107 γὰρ
991 3022 1180 3109 φέρει
1247 3025 1547 3102 δαψιλεῖς
1610 3022 1720 3089 καὶ
1784 3007 2115 3111 ποικίλας,
2180 3027 2296 3093 καὶ
2327 3060 2384 3100 25

363 3130 529 3214 πρὸς
581 3129 697 3205 τὰς
750 3140 887 3193 τῶν
942 3131 1299 3215 καυμάτων
1353 3131 1727 3216 ὑπερβολὰς
1781 3133 1915 3217 ἔχει
1969 3136 2295 3217 βοηθείας

365 3232 687 3310 εὐθέτους
722 3236 838 3310 τὰς
873 3234 948 3299 ἐν
975 3246 1115 3311 τοῖς
1151 3235 1329 3302 ἕλεσι
1364 3238 1779 3320 καταφυγάς·
1818 3239 1924 3303 διὸ
1962 3238 2071 3304 καὶ
2107 3261 2294 3327 περι-

363 3338 651 3420 μάχητος
708 3335 903 3416 οὗτος
940 3341 975 3405 ὁ
1013 3344 1213 3419 τόπος
1265 3346 1519 3426 γίνεται
1564 3353 1705 3419 τοῖς
1749 3367 1819 3409 τε
1868 3349 2119 3429 Λίβυσι
2174 3346 2291 3413 καὶ

410 3551 423 3568 ,
507 3494 573 3539 17
612 3488 855 3575 ταὐτοὺς]
893 3491 1128 3559 τούτους
1163 3497 1217 3551 II
1393 3504 1456 3552 19
1504 3494 1833 3568 αἱρούμενοι
1872 3502 1959 3557 OF
2143 3510 2212 3560 28
2254 3503 2287 3561 ὁ

361 3569 532 3613 τοπος
570 3576 733 3620 ουτος
768 3562 919 3631 vulg.
