2569 4061
410 320 545 387 422
1081 318 1387 374 DIODORI
1424 315 1654 373 SICULI

412 485 540 569 γὰρ
594 484 757 549 κατὰ
819 490 1040 547 πᾶσαν
1102 482 1227 565 τὴν
1282 477 1684 566 οἰκουμένην
1740 481 1842 547 ὅτι
1908 480 2240 567 Χρυσάωρ
2303 481 2343 547 ὁ

411 590 638 673 λαβὼν
674 588 802 655 ἀπὸ
838 597 961 656 τοῦ
997 588 1295 654 πλούτου
1337 587 1462 670 τὴν
1496 588 1956 673 προσηγορίαν
1995 588 2344 669 βασιλεύει

410 692 534 780 μὲν
600 695 858 780 ἁπάσης
903 690 1220 781 Ἰβηρίας,
1278 704 1457 779 τρεῖς
1522 692 1583 758 δ’
1639 695 1772 778 ἔχει
1837 695 2345 777 συναγωνιστὰς

409 803 635 889 υίούς,
701 801 1144 889 διαφέροντας
1195 811 1340 878 ταῖς
1391 823 1462 865 τε
1518 800 1770 887 ῥώμαις
1820 812 1956 866 τῶν
2010 801 2342 886 σώματων

409 906 523 974 καὶ
578 920 721 986 ταῖς
776 908 849 974 ἐν
903 919 1042 985 τοῖς
1084 912 1467 993 πολεμικοῖς
1523 905 1776 989 ἀγῶσιν
1822 906 2339 994 ἀνδραγαθίαις,
2367 922 2395 963 5

410 1016 578 1101 πρὸς
624 1012 697 1079 δὲ
742 1015 1006 1089 τούτοις
1042 1013 1144 1078 ὅτι
1189 1023 1326 1078 τῶν
1362 1014 1531 1078 υἱῶν
1568 1011 1843 1090 ἕκαστος
1878 1014 2165 1098 μεγάλας
2201 1017 2341 1099 ἔχει

413 1120 730 1203 δυνάμεις
792 1117 1214 1194 συνεστώσας
1277 1116 1344 1197 ἐξ
1410 1116 1636 1184 ἐθνῶν
1701 1121 2031 1203 μαχίμων·
2096 1114 2192 1185 ὧν
2246 1120 2335 1204 δὴ

346 1260 351 1265 ,
407 1226 607 1308 χάριν
651 1223 687 1289 ὁ
743 1219 867 1306 μὲν
910 1222 1310 1308 Εὐρυσθεὺς
1355 1227 1644 1307 νομίζων
1699 1223 2103 1309 δυσέφικτον
2158 1220 2338 1290 εἶναι

407 1330 532 1413 τὴν
578 1326 686 1392 ἐπὶ
738 1328 1019 1405 τούτους
1065 1332 1446 1414 στρατείαν,
1492 1332 1953 1416 προσετετάχει
2006 1333 2126 1397 τὸν
2169 1354 2337 1415 προ-

337 1457 370 1505 3
409 1431 761 1519 ειρημένον
816 1427 1053 1500 ἆθλον.
1145 1434 1181 1499 ὁ
1238 1429 1302 1500 δ’
1344 1432 1674 1522 Ἡρακλῆς
1736 1436 2127 1514 ἀκολούθως
2188 1449 2337 1517 ταῖς
2366 1456 2419 1495 1⁰

405 1540 1122 1627 προκατειργασμέναις
1179 1542 1456 1629 πράξεσι
1508 1545 2015 1628 τεθαρρηκότως
2067 1542 2318 1630 ὑπέστη
2336 1564 2440 1613 263

405 1650 565 1725 τοὺς
599 1648 978 1725 κινδύνους.
1041 1646 1154 1714 καὶ
1189 1650 1306 1725 τὰς
1350 1644 1476 1732 μὲν
1512 1648 1829 1733 δυνάμεις
1873 1649 2201 1736 ἤθροισεν
2240 1653 2336 1729 εἰς

406 1757 713 1841 Κρήτην,
764 1754 1079 1839 κεκρικὼς
1125 1753 1198 1819 ἐκ
1241 1754 1486 1838 ταύτης
1529 1760 1876 1819 ποιεῖσθαι
1918 1755 2044 1839 τὴν
2088 1755 2334 1841 ὁρμήν·

408 1862 673 1947 σφόδρα
719 1861 846 1947 γὰρ
892 1860 1160 1944 εὐφυῶς
1205 1859 1246 1943 ἡ
1297 1868 1501 1943 νῆσος
1547 1859 1714 1944 αὕτη
1761 1871 1969 1926 κεῖται
2013 1863 2176 1948 πρὸς
2213 1864 2337 1941 τὰς

407 1961 514 2053 ἐφ’
540 1967 705 2053 ὅλην
736 1968 861 2052 τὴν
899 1962 1301 2052 οἰκουμένην
1329 1968 1686 2052 στρατείας.
1751 1966 1881 2053 πρὸ
1917 1962 1991 2033 δὲ
2027 1974 2141 2051 τῆς
2167 1966 2335 2034 ἀνα·
2364 1984 2414 2024 15

407 2084 625 2158 γωγῆς
675 2072 979 2159 τιμηθεὶς
1031 2072 1163 2139 ὑπὸ
1217 2083 1355 2139 τῶν
1412 2072 1750 2159 ἐγχωρίων
1796 2078 2332 2160 μεγαλοπρεπῶς,

406 2179 519 2245 καὶ
578 2183 988 2266 βουλόμενος
1045 2190 1186 2258 τοϊς
1244 2178 1465 2266 Κρησὶ
1524 2181 1964 2265 χαρίσασθαι,
2018 2184 2333 2267 καθαρὰν

408 2287 675 2372 ἐποίησε
728 2289 853 2372 τὴν
916 2296 1125 2371 νῆσον
1178 2297 1315 2354 τῶν
1380 2289 1658 2373 θηρίων.
1753 2288 1984 2373 διόπερ
2051 2288 2124 2352 ἐν
2189 2299 2333 2367 τοῖς

405 2393 690 2480 ὕστερον
716 2396 985 2481 χρόνοις
1018 2390 1219 2460 οὐδὲν
1247 2396 1343 2460 ἔτι
1378 2404 1513 2458 τῶν
1541 2392 1795 2479 ἀγρίων
1825 2393 2006 2481 ζῴων
2032 2393 2334 2480 ὑπῆρχεν

407 2501 482 2566 ἐν
537 2509 615 2585 τῇ
668 2503 881 2589 νήσω,
948 2493 1096 2567 οἷον
1154 2502 1447 2587 ἄρκτων,
1506 2501 1763 2583 λύκων,
1818 2501 2043 2583 ὄφεων
2096 2498 2139 2583 ἢ
2194 2511 2333 2567 τῶν
2361 2517 2416 2557 2⁰

406 2606 627 2671 ἄλλων
671 2616 808 2670 τῶν
851 2606 1191 2671 τοιούτων.
1277 2613 1483 2671 ταῦτα
1531 2601 1591 2669 δ’
1632 2602 1910 2688 ἔπραξεν
1957 2604 2333 2690 ἀποσεμνύ-

404 2735 545 2776 νων
599 2711 723 2793 τὴν
776 2719 1018 2794 νῆσον,
1089 2710 1162 2776 ἐν
1215 2703 1258 2797 ᾗ
1315 2717 1779 2796 μυθολογοῦσι
1842 2709 1955 2777 καὶ
2008 2710 2334 2795 γενέσθαι

334 2839 370 2887 4
406 2814 517 2883 καὶ
570 2824 906 2901 τραφῆναι
967 2817 1090 2881 τὸν
1143 2820 1299 2882 Δία.
1389 2818 1837 2912 ποιησάμενος
1892 2813 2018 2884 οὖν
2080 2819 2201 2884 τὸν
2256 2818 2333 2884 ἐκ

404 2923 647 3007 ταύτης
691 2927 907 2989 πλοῦν
950 2932 1235 3010 κατῆρεν
1281 2925 1377 3002 εἰς
1420 2925 1544 3007 τὴν
1580 2923 1867 3007 Λιβύην,
1913 2921 2026 2989 καὶ
2062 2933 2331 3009 πρῶτον

404 3027 527 3115 μὲν
575 3028 880 3096 Ἀνταῖον
942 3029 1064 3095 τὸν
1125 3029 1313 3116 ῥώμῃ
1379 3029 1680 3113 σώματος
1749 3026 1861 3094 καὶ
1923 3031 2331 3115 παλαίστρας
2357 3044 2414 3087 25
2541 3067 2542 3094 ;

406 3138 709 3225 ἐμπειρίᾳ
764 3135 1289 3221 διαβεβοημένον
1341 3132 1453 3201 καὶ
1501 3137 1659 3211 τοὺς
1713 3129 1829 3199 ὑπ’
1879 3134 2089 3200 αὐτοῦ
2132 3158 2330 3201 κατα-

404 3241 899 3319 παλαισθέντας
946 3241 1177 3321 ξένους
1227 3241 1707 3307 ἀποκτείναντα
1750 3242 2332 3327 προκαλεσάμενος

548 3436 577 3483 1
625 3429 774 3484 κατὰ
808 3432 1027 3503 πᾶσαν]
1077 3428 1221 3488 καθ’
1262 3428 1398 3501 ὅλην
1435 3430 1489 3485 Π
1653 3437 1683 3485 7
1734 3429 1927 3487 ἐθνῶν
2000 3428 2230 3500 ἀνδρῶν
2275 3433 2330 3487 ΙΙ

400 3500 471 3547 20
509 3495 700 3565 ἄρκιον
739 3501 834 3554 DF
971 3508 1038 3556 21
1074 3504 1188 3557 τῶν
1228 3518 1337 3556 om.
1374 3499 1423 3553 D
1552 3506 1622 3555 24
1662 3500 1906 3557 ἔκπλουν
2034 3505 2103 3575 (ο.
2145 3509 2230 3571 42,
2273 3506 2326 3574 1)

400 3565 469 3613 27
506 3561 918 3623 ἀποκτείνοντα
951 3571 1190 3626 Bekker.
