2569 4061
848 340 874 393 Ι
913 344 998 394 92.
1037 344 1122 394 93.
1160 345 1246 393 94.
1903 339 2025 403 157

108 503 593 585 τελευτηκότων
656 508 871 585 ταφῆς
932 498 1044 565 καὶ
1109 504 1467 586 θεραπείας
1538 501 1643 588 ἐφ’
1717 503 1883 568 ὅσον
1946 483 2032 583 ἦν

112 607 547 692 ἐνδεχόμενον
600 617 740 684 τοῖς
786 606 1173 692 ἀνθρώποις
1227 606 1595 672 ἐνοικειοῦν
1650 608 2031 694 ἐφιλοτιμή·

110 721 354 797 θησαν.
444 714 515 779 οἱ
554 709 677 798 μὲν
721 715 849 800 γὰρ
890 712 1208 798 ’Έλληνες
1261 714 1508 798 μύθοις
1551 714 2032 801 πεπλασμένοις
2069 737 2101 785 3

112 819 224 886 καὶ
262 822 507 905 φήμαις
554 820 1102 905 διαβεβλημέναις
1145 820 1269 903 τὴν
1314 818 1467 905 περὶ
1511 819 1770 884 τούτων
1808 824 2031 887 πίστιν

58 950 85 991 5
112 925 525 1014 παρέδωκαν,
571 930 695 1009 τήν
731 950 799 992 τε
846 937 981 992 τῶν
1018 927 1317 1010 εὐσεβῶν
1352 926 1552 1009 τιμὴν
1586 923 1697 990 καὶ
1741 926 1863 1008 τὴν
1897 937 2032 992 τῶν

110 1046 423 1121 πονηρῶν
458 1037 811 1120 τιμωρίαν·
856 1042 1218 1120 τοιγαροῦν
1256 1033 1378 1117 οὐχ
1427 1024 1576 1098 οἷον
1615 1034 1879 1116 ἰσχῦσαι
1919 1033 2033 1098 δύ-

107 1165 300 1207 ναται
336 1149 543 1207 ταῦτα
579 1138 1088 1227 προτρέψασθαι
1122 1141 1279 1216 τοὺς
1325 1139 1729 1222 ἀνθρώπους
1770 1136 1877 1204 ἐπὶ
1913 1140 2032 1203 τὸν

108 1249 385 1333 ἄριστον
450 1251 634 1331 βίον,
701 1248 867 1312 ἀλλὰ
924 1234 1322 1312 τούναντίον
1373 1246 1505 1313 ὑπὸ
1560 1257 1695 1312 τῶν
1751 1246 2032 1330 φαύλων

107 1357 554 1438 χλευαζόμενα
636 1357 884 1435 πολλῆς
964 1355 1521 1437 καταφρονήσεως
1596 1352 2031 1437 τυγχάνουσι·

28 1499 82 1538 10
107 1462 287 1547 παρὰ
335 1456 407 1524 δὲ
445 1469 585 1534 τοῖς
625 1460 1020 1539 Αἰγυπτίοις
1056 1457 1138 1521 οὐ
1174 1459 1557 1542 μυθώδους,
1605 1453 1747 1525 ἀλλ’
1789 1459 2032 1546 ὁρατῆς
2068 1479 2103 1527 4

108 1578 251 1641 τοῖς
307 1560 430 1647 μὲν
475 1574 794 1648 πονηροῖς
846 1571 964 1645 τῆς
1019 1564 1379 1646 κολάσεως,
1437 1575 1578 1640 τοῖς
1632 1563 1693 1628 δ’
1748 1566 2032 1648 ἀγαθοῖς

109 1680 230 1753 τῆς
284 1677 474 1750 τιμῆς
528 1669 733 1750 οὔσης
744 1717 763 1751 ,
821 1667 979 1733 καθ’
1034 1668 1318 1752 ἑκάστην
1371 1668 1624 1753 ἡμέραν
1670 1670 2031 1757 ἀμφότεροι

113 1785 251 1840 τῶν
290 1771 549 1851 ἑαυτοῖς
583 1778 1059 1860 προσηκόντων
1094 1775 1727 1860 ὑπομιμνήσκονται,
1774 1774 1884 1840 καὶ
1921 1777 2034 1840 διὰ

112 1880 360 1946 τούτου
386 1890 507 1946 τοῦ
542 1883 796 1966 τρόπου
823 1881 864 1965 ἡ
894 1885 1166 1967 μεγίστη
1195 1879 1307 1972 καὶ
1335 1882 1823 1968 συμφορωτάτη
1854 1883 2033 1966 διόρ-

30 2025 83 2066 15
110 1994 326 2064 θωσις
361 1990 615 2071 γίνεται
651 1997 785 2054 τῶν
821 1989 1033 2073 ἠθῶν.
1098 1992 1490 2076 κρατίστους
1528 1982 1616 2072 δ’,
1657 1983 1860 2073 οἶμαι,
1898 1998 2034 2053 τῶν

107 2097 337 2179 νόμων
372 2093 658 2187 ἡγητέον
695 2095 818 2161 οὐκ
854 2095 920 2176 ἐξ
959 2090 1055 2162 ὧν
1091 2096 1615 2181 εὐπορωτάτους,
1654 2091 1797 2161 ἀλλ’
1832 2094 1899 2174 ἐξ
1937 2091 2034 2160 ὧν

111 2200 633 2278 ἐπιεικεστάτους
677 2213 816 2280 τοῖς
868 2201 1066 2284 ἤθεσι
1112 2199 1222 2267 καὶ
1266 2202 1823 2279 πολιτικωτάτους
1869 2218 2032 2285 συμ-

110 2309 380 2392 βήσεται
425 2306 745 2390 γενέσθαι
791 2311 948 2385 τοὺς
994 2308 1416 2393 ἀνθρώπους.

7 2435 109 2484 105
278 2411 544 2497 Ῥητέον
583 2412 643 2477 δ’
689 2414 848 2498 ἡμῖν
884 2412 996 2479 καὶ
1040 2413 1192 2500 περὶ
1237 2424 1372 2479 τῶν
1407 2413 1787 2500 γενομένων
1830 2438 2031 2498 νομο-
2051 2415 2136 2481 94

31 2558 87 2596 20
112 2524 332 2585 θετῶν
388 2519 530 2586 κατ’
572 2526 920 2603 Αἴγυπτον
973 2530 1109 2586 τῶν
1165 2521 1378 2599 οὕτως
1431 2520 1874 2606 ἐξηλλαγμένα
1919 2520 2029 2587 καὶ

113 2625 451 2710 παράδοξα
487 2631 735 2713 νόμιμα
770 2626 1316 2707 καταδειξάντων.
1388 2629 1548 2712 μετὰ
1583 2630 1713 2713 γὰρ
1748 2630 1872 2712 τὴν
1906 2651 2059 2695 πα-·

110 2733 308 2797 λαιὰν
369 2743 491 2799 τοῦ
554 2732 696 2800 κατ’
757 2738 1106 2817 Αἴγυπτον
1178 2737 1333 2817 βίου
1402 2736 1834 2820 κατάστασιν,
1905 2738 2028 2821 τὴν

111 2838 715 2925 μυθολογουμένην
740 2840 1089 2924 γεγονέναι
1127 2832 1239 2905 ἐπί
1269 2864 1339 2907 τε
1374 2851 1510 2907 τῶν
1544 2848 1728 2907 θεῶν
1755 2840 1867 2907 καὶ
1893 2853 2028 2906 τῶν

108 2944 371 3030 ἡρώων,
413 2949 643 3012 πεῖσαί
672 2963 839 3031 φασι
875 2958 1140 3033 πρῶτον
1178 2947 1569 3034 ἐγγράπτοις
1605 2951 1836 3033 νόμοις
1871 2950 2026 3032 χρή-

28 3088 81 3128 25
110 3058 363 3117 σασθαι
407 3054 489 3117 τὰ
532 3055 759 3137 πλήθη
800 3054 919 3118 τὸν
954 3055 1260 3137 Μνεύην,
1309 3056 1523 3141 ἄνδρα
1566 3053 1678 3121 καὶ
1722 3064 1801 3139 τῇ
1847 3062 2025 3136 ψυχῇ

251 3250 286 3297 4
325 3243 422 3298 καὶ
459 3252 719 3313 ποιηταῖς
756 3243 1216 3318 διαβεβλημένοις
1243 3246 1296 3298 II
1439 3252 1471 3301 5
1509 3245 1928 3323 παραδέδωκαν
1957 3237 2025 3302 Ι),

108 3311 553 3402 παραδεδώκασι
588 3315 655 3399 Β.
750 3324 814 3402 ,6
854 3316 1077 3407 cuffiam
1114 3314 1381 3387 δύναται]
1423 3320 1611 3386 ἴσχυσε
1641 3312 1849 3398 quske
1926 3314 2034 3430 QZ*

105 3379 697 3525 {132322'ffl5ff2
732 3387 1340 3527 ..ssffl
1417 3393 1448 3439 ⁹
1486 3389 2029 3570 κὲέυῖέῑιῖζὰ...

111 3525 224 3581 CF
398 3534 468 3584 25
523 3527 625 3583 τὸν
660 3525 901 3598 Μνεύην
949 3524 1163 3598 ἄνδρα]
1220 3527 1384 3599 βιοῦν
1433 3522 1534 3580 τὸν
1581 3520 1766 3590 ἄνδρα
1864 3558 1878 3583 ,
1928 3516 2026 3570 καὶ

106 3599 276 3665 βιοῦν
314 3594 413 3653 τὸν
451 3595 640 3669 ἄνδρα
677 3598 745 3670 C,
783 3601 880 3654 καὶ
918 3599 1083 3670 βιοῦν
1120 3594 1220 3651 τὸν
1258 3596 1476 3661 Μωσῆν
1515 3591 1700 3661 ἄνδρα
1735 3591 1794 3645 F.
