2569 4061
390 271 523 337 332
1057 268 1366 326 DIODORI
1403 268 1637 326 SICULI

389 435 833 500 παντοδαπῶν
879 431 1231 517 ἀμύθητον
1287 429 1586 518 ἐκτρέφει
1638 437 1929 515 πλῆθος,
1987 431 2154 496 ἀλλὰ
2207 429 2329 496 καὶ

390 540 726 623 καμήλους
798 537 1068 624 ἀγρίας,
1142 541 1240 604 ἔτι
1304 533 1367 602 δ’
1437 536 1730 622 ἐλάφους
1790 535 1903 603 καὶ
1967 537 2325 623 δορκάδας.

322 669 353 717 '¹1
390 645 556 728 πρὸς
611 641 686 710 δὲ
738 646 814 710 τὸ
870 650 1133 729 πλῆθος
1184 654 1322 710 τῶν
1376 643 1882 730 ἐντρεφομένων
1939 639 2124 731 ζῴων
2170 665 2328 727 φοι-

391 762 597 817 τῶσιν
654 751 727 817 ἐκ
779 760 896 836 τῆς
942 751 1192 838 ἐρήμου
1237 753 1529 816 λεόντων
1572 750 1683 818 καὶ
1728 753 1951 817 λύκων
1999 748 2112 815 καὶ
2156 771 2328 835 παρ-

394 859 653 924 δάλεων
692 856 943 941 ἀγέλαι,
979 859 1144 942 πρὸς
1179 856 1258 933 ἃς
1296 856 1368 922 οὗ
1396 865 2009 943 κτηνοτροφοῦντες
2037 855 2328 939 ἀναγκά-
2356 872 2389 913 5

395 967 616 1044 ζονται
677 961 790 1029 καὶ
852 961 1005 1048 μεθ’
1035 961 1322 1049 ,ἡμέραν
1383 960 1495 1029 καὶ
1547 964 1809 1048 νύκτωρ
1862 968 2308 1047 θηριομαχεῖν
2329 982 2449 1032 211

392 1068 561 1156 ὑπὲρ
606 1080 743 1136 τῶν
786 1070 1216 1153 θρεμμάτων·
1263 1070 1438 1135 οὕτω
1474 1070 1550 1135 τὸ
1585 1078 1701 1153 τῆς
1735 1070 1954 1155 χώρας
1989 1069 2329 1153 εὐτύχημα

393 1187 535 1253 τοῖς
578 1185 1005 1241 κατοικοῦσιν
1051 1175 1322 1260 ἀτυχίας
1367 1182 1584 1242 αἴτιον
1629 1179 1884 1259 γίνεται
1930 1176 2042 1241 διὰ
2086 1178 2162 1241 τὸ
2198 1175 2326 1258 τὴν

395 1283 606 1367 φύσιν
652 1282 741 1358 ὡς
787 1279 1028 1346 ἐπίπαν
1072 1292 1213 1359 τοῖς
1249 1281 1638 1365 ἀνθρώποις
1673 1282 1836 1366 μετα
1870 1291 2007 1346 τῶν
2044 1281 2326 1365 ἀγαθῶν

396 1388 660 1452 διδόναι
706 1387 784 1452 τα
830 1388 1223 1471 βλάπτοντα.
2351 1405 2411 1446 10

287 1497 378 1562 44
574 1494 1136 1580 Παραπλεύσαντι
1194 1492 1268 1561 δὲ
1314 1496 1394 1559 τὰ
1437 1496 1635 1561 πεδία
1679 1503 1885 1560 ταῦτα
1930 1497 2177 1572 κόλπος
2220 1492 2322 1558 ἐκ-

396 1598 655 1684 δέχεται
699 1600 1080 1687 παράδοξον
1127 1603 1299 1685 ἔχων
1342 1601 1468 1684 τὴν
1514 1601 1741 1685 φύσιν.
1833 1602 2148 1666 συννεύει
2199 1596 2325 1684 μὲν

394 1707 522 1793 γὰρ
569 1708 664 1784 εἰς
708 1708 828 1773 τὸν
874 1708 1087 1792 μυχὸν
1123 1716 1239 1791 τῆς
1272 1708 1513 1794 χώρας,
1559 1715 1651 1795 τῷ
1690 1709 1882 1792 μήκει
1928 1703 1990 1771 δ’
2027 1704 2134 1772 ἐπὶ
2172 1722 2324 1771 στα-

397 1813 588 1890 δίους
649 1816 1126 1889 πεντακοσίους
1193 1814 1685 1899 παρεκτείνεται
1701 1862 1721 1896 ,
1792 1814 2331 1899 περικλειόμενος

399 1916 472 1987 δὲ
537 1930 857 2007 κρημνοῖς
919 1922 1328 2004 θαυμασίοις
1389 1920 1464 1984 τὸ
1529 1916 1815 2003 μέγεθος
1878 1917 2142 1983 σκολιὸν
2204 1914 2319 1981 καὶ
2348 1934 2404 1976 15

397 2025 743 2107 δυσέξιτον
788 2028 921 2113 ἔχει
964 2028 1039 2091 τὸ
1087 2028 1324 2112 στόμα·
1374 2025 1720 2103 ἁλιτενοῦς
1764 2027 1891 2111 γὰρ
1927 2022 2166 2109 πέτρας
2200 2025 2323 2090 τὸν

396 2140 716 2200 εἴσπλουν
772 2135 1353 2218 διαλαμβανούσης
1407 2130 1547 2199 οὔτ’
1601 2135 1985 2198 εἰσπλεῦσαι
2031 2133 2323 2198 δυνατόν

324 2263 356 2312 2
397 2240 579 2307 ἐστιν
624 2243 721 2320 εἰς
762 2243 883 2307 τὸν
926 2244 1177 2308 κόλπον
1222 2234 1364 2306 οὔτ’
1417 2239 1786 2306 ἐκπλεῦσαι.
1876 2240 2042 2305 κατὰ
2090 2235 2165 2304 δὲ
2208 2239 2323 2317 τὰς

394 2356 516 2415 τοῦ
577 2349 703 2435 ῥοῦ
761 2348 1216 2435 προσπτώσεις
1273 2344 1386 2412 καὶ
1444 2348 1561 2424 τὰς
1617 2357 1752 2412 τῶν
1812 2343 2077 2431 ἀνέμων
2133 2368 2322 2431 μετα-

395 2456 599 2536 βολὰς
645 2454 681 2519 ὁ
726 2455 994 2519 κλύδων
1039 2455 1473 2539 προσπίπτων
1517 2461 1598 2538 τῇ
1644 2452 1840 2540 ῥαχίᾳ
1875 2452 2177 2536 καχλάζει
2213 2449 2323 2519 καὶ
2349 2467 2401 2512 20

394 2560 788 2644 τραχύνεται
834 2559 1047 2644 πάντῃ
1092 2557 1245 2643 περὶ
1291 2561 1414 2641 τὴν
1449 2561 1882 2646 παρήκουσαν
1918 2557 2183 2644 πέτραν.
2257 2558 2328 2626 οἰ

397 2659 472 2728 δὲ
517 2664 640 2746 τὴν
683 2665 849 2728 κατὰ
892 2665 1012 2729 τὸν
1054 2666 1310 2729 κόλπον
1353 2665 1580 2751 χώραν
1625 2669 2002 2751 νεμόμενοι,
2047 2668 2323 2744 Βανιζο-

396 2778 617 2856 μενεῖς
661 2768 1167 2853 ὀνομαζόμενοι,
1221 2772 1339 2847 τόες
1383 2773 1638 2858 τροφὰς
1681 2774 1908 2857 ἔχουσι
1952 2780 2323 2855 κυνηγοῦν-

395 2900 504 2956 τες
548 2873 662 2942 καὶ
709 2885 1293 2963 σαρκοφαγοῦντες
1337 2879 1419 2943 τὰ
1464 2889 1737 2962 χερσαῖα
1786 2880 1930 2965 ζῷα.
2026 2879 2209 2965 ἱερὸν
2255 2872 2315 2943 δ’

398 2984 766 3070 ἁγιώτατον
803 2983 1090 3071 ἵδρυται,
1135 2984 1512 3069 τιμώμενον
1547 2984 1677 3049 ὑπὸ
1714 2985 1985 3050 πάντων
2025 2980 2319 3071 Ἀράβων
2347 2998 2396 3038 25

325 3111 360 3161 3
397 3094 878 3178 περιττότερον.
945 3088 1092 3175 ἑξῆς
1119 3087 1194 3156 δὲ
1228 3100 1311 3176 τῇ
1338 3088 1782 3177 προειρημένῃ
1810 3092 2102 3177 παραλίᾳ
2127 3097 2320 3174 νῆσοι
2386 3147 2391 3150 .

396 3209 573 3282 τρεῖς
600 3195 978 3278 ἐπίκεινται,
1017 3194 1288 3279 λιμένας
1313 3203 1628 3261 ποιοῦσαι
1663 3199 1952 3273 πλείους.
2024 3194 2137 3262 καὶ
2172 3197 2320 3261 τού-

395 3324 531 3366 των
593 3303 717 3383 τὴν
782 3325 905 3384 μεν
966 3301 1236 3388 πρώτην
1303 3302 1687 3386 ἱστοροῦσιν
1749 3302 2073 3388 ὑπάρχειν
2139 3303 2320 3389 ἱερὰν

545 3459 577 3505 3
619 3451 715 3507 ἐκτ
717 3452 1048 3523 ρεφομένων
1081 3454 1143 3507 F
1248 3461 1315 3509 16
1353 3457 1518 3509 δυσδι
1521 3455 1774 3543 εξίτητον
1814 3457 1921 3512 OF
2024 3462 2093 3511 22
2133 3459 2316 3522 Βνιζο-

396 3537 462 3583 με
469 3538 563 3572 νει
543 3527 593 3580 ῖς
633 3521 672 3573 0
829 3529 896 3577 26
934 3521 1028 3592 δὲ]
1067 3519 1124 3578 δ’
1169 3521 1230 3577 ἐν
1266 3526 1317 3577 D
1463 3530 1531 3577 26
1569 3522 1778 3592 παράλι
1761 3547 1838 3581 ιοι
1876 3527 1945 3580 ΙΙ.
