2569 4061
426 275 560 340 420
1094 271 1401 327 DIODORI
1439 270 1675 328 SICULI

430 438 766 524 ἀχθεισῶν
809 436 976 522 πρὸς
1021 435 1229 501 αὐτὸν
1272 445 1409 501 τῶν
1435 433 1672 500 ’ἳππων
1716 433 1958 511 ταύτας
2003 430 2128 518 μὲν
2177 433 2367 519 ἱερὰς

430 544 740 627 ἐποίησεν
769 540 1002 629 ““Ἠρας,
1046 537 1144 608 ὧν
1186 542 1314 626 τὴν
1359 540 1680 625 ἐπιγονὴν
1725 540 1971 625 συνέβη
2022 542 2365 626 διαμεῖναι

429 647 621 735 μέχρι
667 657 784 732 τῆς
814 645 1255 734 Ἀλεξάνδρου
1300 656 1423 713 τοῦ
1468 649 1867 726 Μακεδόνος
1910 649 2269 730 βασιλείας.

620 760 878 822 Τοῦτον
926 751 999 820 δὲ
1044 755 1163 819 τὸν
1209 747 1429 819 ἆθλον
1476 753 1851 833 ἐπιτελέσας
1895 751 2031 839 μετ’
2063 751 2366 831 Ἰάσονος

431 859 911 941 συνεξέπλευσε
984 859 1497 946 συστρατεύσων
1571 857 1679 926 ἐπὶ
1751 861 1827 927 τὸ
1890 863 2366 953 χρυσόμαλλον
2399 878 2427 919 5

435 966 631 1054 δέρος
688 969 781 1044 εἰς
834 969 1154 1052 Κόλχους.
1247 965 1415 1033 ἀλλά
1466 963 1620 1052 περὶ
1672 962 1797 1050 μὲν
1845 967 2105 1032 τούτων
2159 966 2233 1032 ἐν
2279 976 2362 1053 τῇ

434 1086 570 1140 τῶν
607 1071 1070 1159 Ἀργοναυτῶν
1116 1074 1426 1159 στρατείᾳ
1471 1074 1552 1137 τὰ
1596 1075 1762 1138 κατὰ
1805 1072 2008 1159 μέρος
2054 1071 2364 1157 διέξιμεν.

333 1177 758 1266 16“Ηρακλῆς
804 1174 878 1242 δὲ
934 1178 1158 1261 λαβὼν
1208 1180 1600 1263 πρόσταγμα
1653 1180 1773 1244 τὸν
1809 1176 2201 1262 Ἱππολύτης
2244 1187 2366 1262 τῆς

430 1284 783 1369 Ἀμαζόνος
827 1282 1124 1367 ἐνεγκεῖν
1171 1287 1489 1371 ζωστῆρα,
1534 1286 1658 1368 τὴν
1704 1281 1812 1351 ἐπὶ
1856 1285 1975 1362 τὰς
2005 1279 2366 1369 Ἀμαζόνας

438 1392 788 1474 στρατείαν
826 1390 1198 1475 ἐποιήσατο.
1262 1392 1554 1468 πλεύσας
1590 1386 1718 1458 οὖν
1752 1394 1848 1469 εἰς
1882 1393 2002 1457 τὸν
2034 1390 2365 1470 Εὔξεινον
2397 1414 2449 1453 10

438 1492 548 1563 ἀπ’
587 1496 847 1562 ἐκείνου
892 1496 1226 1582 κληθέντα
1267 1501 1561 1582 Πόντον,
1605 1496 1718 1564 καὶ
1761 1499 2218 1575 καταπλεύσας
2254 1496 2364 1564 ἐπὶ

436 1606 554 1681 τὰς
617 1604 896 1688 ἐκβολὰς
956 1613 1078 1670 τοῦ
1146 1606 1622 1692 Θερμώδοντος
1681 1614 2017 1690 ποταμοῦ,
2076 1607 2363 1687 πλησίον

440 1712 858 1798 Θεμισκύρας
919 1714 1173 1788 πόλεως
1236 1709 1990 1797 κατεστρατοπέδευσεν,
2056 1710 2131 1776 ἐν
2186 1701 2230 1796 ᾗ
2282 1712 2363 1774 τὰ

369 1838 401 1887 2
441 1820 742 1902 βασίλεια
789 1829 924 1884 τῶν
963 1812 1336 1901 Ἀμαζόνων
1382 1816 1649 1904 ὑπῆρχε.
1741 1816 1853 1884 καὶ
1897 1820 1972 1883 τὸ
2019 1814 2142 1902 μὲν
2185 1826 2366 1901 πρῶ-

440 1949 560 1991 τον
606 1923 749 2011 ᾔτει
795 1919 948 2010 παρ’
984 1924 1205 1989 αὐτῶν
1250 1925 1371 2023 τὸν
1417 1923 1993 2009 προστεταγμένον
2040 1927 2366 2009 ζωστῆρα·
2397 1941 2448 1982 15

442 2033 531 2110 ὡς
578 2028 638 2097 δ’
679 2030 801 2117 οὐχ
847 2029 1211 2114 ὑπήκουον,
1259 2039 1518 2114 συνῆψε
1555 2032 1772 2116 μάχην
1820 2032 2064 2108 αὐταῖς.
2128 2030 2204 2095 τὸ
2241 2026 2367 2115 μὲν

443 2133 569 2203 οὖν
600 2140 786 2204 *ἄλλο
847 2143 1106 2221 πλῆθος
1162 2138 1383 2210 αὐτῶν
1450 2137 1819 2223 ἀντετάχθη
1875 2148 2016 2215 τοῖς
2067 2141 2365 2220 πολλοῖς,

443 2246 520 2309 αἰ
561 2242 634 2311 δὲ
674 2245 1056 2330 τιμιώταται
1093 2242 1235 2308 κατ’
1271 2244 1479 2309 αὐτὸν
1513 2249 1859 2328 ταχθεῖσαι
1896 2246 2016 2309 τὸν
2032 2240 2477 2325 “Ηρακλεά262
2561 2301 2562 2314 ,

446 2352 665 2437 μάχην
691 2352 1022 2438 καρτερὰν
1048 2352 1561 2435 συνεστήσαντο.
1616 2350 1841 2436 πρώτη
1879 2347 2002 2435 μὲν
2030 2351 2157 2436 γὰρ
2187 2350 2367 2438 αὐτῷ
2561 2321 2562 2390 ¹

446 2460 801 2536 συνάψασα
846 2458 1063 2543 μάχην
1082 2455 1345 2541 Ἄελλα,
1393 2454 1556 2538 [καὶ]
1608 2457 1718 2521 διὰ
1763 2458 1838 2521 τὸ
1883 2458 2082 2541 τάχος
2126 2457 2373 2540 ταύτης
2402 2476 2455 2515 20

444 2574 787 2647 τετευχυῖα
843 2572 960 2645 τῆς
1013 2566 1492 2648 προσηγορίας,
1547 2562 1862 2649 ὀξύτερον
1916 2557 2112 2648 εὗρεν
2168 2562 2373 2646 αὑτῆς

445 2670 565 2733 τὸν
622 2665 1119 2752 ἀντιταχθέντα.
1210 2666 1489 2754 δευτέρα
1545 2665 1620 2735 δὲ
1671 2666 1986 2745 Φιλιππὶς
2042 2669 2252 2745 εὐθὺς
2299 2667 2374 2733 ἐκ

446 2782 563 2857 τῆς
615 2774 879 2859 πρώτης
933 2774 1315 2850 συστάσεως
1358 2778 1593 2862 καιρίῳ
1649 2781 1867 2861 πληγῇ
1919 2783 2375 2861 περιπεσοῦσα

449 2881 805 2967 διεφθάρη.
897 2882 1058 2965 μετὰ
1105 2878 1180 2946 δὲ
1233 2890 1440 2947 ταῦτα
1485 2883 1773 2968 Προθόῃ
1821 2890 2076 2966 συνῆψε
2130 2882 2374 2966 μάχην,

448 2988 537 3072 ἣν
582 2986 655 3058 ἐκ
698 2989 1121 3074 προκλήσεως
1166 2990 1428 3073 ἔφασαν
1481 2985 1745 3064 ἑπτάκις
1790 2985 2208 3071 νενικηκέναι
2251 2988 2377 3052 τὸν
2407 3003 2459 3047 25

451 3094 983 3180 ἀντιταξάμενον.
1074 3096 1408 3177 πεσούσης
1453 3090 1526 3160 δὲ
1580 3093 1692 3159 καὶ
1735 3094 2009 3178 ταύτης,
2053 3095 2392 3178 τετάρτην·

451 3201 846 3286 ἐχειρώσατο
890 3202 1015 3285 τὴν
1081 3200 1578 3285 ὀνομαζομένην
1617 3200 1971 3287 Ἐρίβοιαν.
2073 3200 2239 3284 αὕτη
2299 3196 2377 3265 δὲ

595 3396 628 3443 5
669 3388 902 3445 ἔπλευσε
932 3390 984 3443 11
1056 3390 1448 3461 συστρατεύων
1477 3392 1525 3444 D
1604 3397 1665 3444 11
1707 3387 1814 3446 ἀπ’
1840 3388 2068 3447 ἐκείνου
2098 3388 2380 3458 Εὔξεινον

450 3456 634 3525 vulg.;
670 3456 774 3512 ὑπ’
798 3461 838 3515 f.
914 3465 981 3513 14
1018 3456 1378 3527 ἀμαζονίδων
1418 3459 1458 3514 C
1535 3466 1603 3516 18
1639 3461 1996 3534 τιμιώταται]
2040 3459 2203 3530 ἔπιση
2247 3462 2380 3515 ότα-

451 3543 545 3576 ται
582 3526 634 3579 11
742 3533 812 3581 20
848 3530 946 3583 καὶ
984 3530 1169 3586 delevi
1276 3536 1344 3584 22
1385 3532 1660 3599 Φιλίππης
1698 3531 1738 3586 O
1838 3538 1908 3587 23
1948 3535 2143 3609 καιρία
2230 3532 2304 3589 F.
