2569 4061
369 279 502 345 362
1072 277 1380 336 DIODORI
1417 276 1652 335 SICULI

370 445 517 509 δεῖν
574 436 697 508 οὖν
751 440 792 524 ἢ
849 442 973 525 τὴν
1027 440 1336 522 ἐξουσίαν
1390 441 1639 525 ταύτην
1688 448 1855 524 ,ἴσην
1900 438 2317 526 ἀμφοτέροις

372 550 689 614 δίδοσθαι
761 557 878 631 τῆς
941 549 1271 635 κράσεως,
1347 546 1390 632 ’ἢ
1438 545 1805 634 μηδέτερον
1868 556 1960 635 τῷ
2028 548 2312 631 στόματι

370 656 930 739 διαγωνιζόμενον
961 656 1076 721 διὰ
1112 657 1342 739 μόνων
1375 665 1512 721 τῶν
1547 665 1790 741 χειρῶν
1826 653 2310 721 ἐνδείκνυσθαι

369 761 493 844 τὴν
550 762 731 828 ἰδίαν
775 761 1032 847 τέχνην.
1124 760 1609 848 ἐπικρινάντων
1657 758 1731 826 δὲ
1777 772 1911 828 τῶν
1956 761 2309 847 ἀκροατῶν

368 867 488 932 τὸν
526 863 823 937 Ἀπόλλω
872 870 1248 955 δικαιότερα
1305 866 1548 951 λέγειν,
1605 874 2056 953 συγκριθῆναι
2099 867 2306 935 πάλιν
2338 885 2373 926 5

370 973 485 1050 τὰς
531 973 792 1060 τέχνας,
848 973 960 1047 καὶ
1005 976 1124 1041 τὸν
1169 970 1293 1059 μὲν
1338 974 1676 1060 Μαρσύαν
1725 978 2127 1059 λειφθῆναι,
2183 975 2306 1039 τὸν

373 1075 434 1145 δ’
496 1078 790 1148 Ἀπόλλω
856 1082 970 1146 διὰ
1031 1082 1156 1164 τὴν
1214 1083 1359 1165 ἔριν
1421 1082 1818 1167 πικρότερον
1882 1080 2308 1165 χρησάμενον

371 1186 661 1273 ἐκδεῖραι
709 1190 917 1266 ζῶντα
961 1188 1082 1252 τὸν
1126 1185 1518 1272 ἡττηθέντα.
1610 1190 1776 1271 ταχὺ
1823 1183 1898 1252 δὲ
1944 1191 2307 1271 μεταμελη-

370 1291 579 1357 θέντα
633 1288 746 1357 καὶ
798 1290 1054 1378 βαρέως
1108 1290 1215 1358 ἐπὶ
1267 1302 1409 1369 τοῖς
1461 1287 1576 1359 ὑπ’
1637 1292 1846 1359 αὐτοῦ
1898 1299 2304 1378 πραχθεῖσιν

372 1395 730 1480 ἐνέγκαντα
772 1407 887 1483 τῆς
931 1400 1218 1486 κιθάρας
1263 1399 1529 1485 ἐκρῆξαι
1572 1400 1690 1476 τὰς
1733 1400 1981 1487 χορδὰς
2024 1399 2135 1467 καὶ
2180 1401 2305 1484 τὴν
2335 1418 2395 1457 10

372 1502 746 1590 εὑρημένην
791 1505 1120 1590 ἁρμονίαν
1167 1506 1510 1590 ἀφανίσαι.
1603 1505 1848 1590 ταύτης
1902 1503 1965 1570 δ’
2018 1505 2305 1592 ὕστερον

370 1612 656 1689 Μούσας
714 1608 837 1697 μὲν
898 1612 1208 1699 ἀνευρεῖν
1267 1615 1393 1696 τὴν
1450 1611 1693 1697 μέσην,
1757 1614 1974 1678 Λίνον
2039 1609 2115 1678 δὲ
2179 1613 2306 1695 τὴν

370 1720 671 1802 λίχανον,
709 1715 955 1803 Ὀρφέα
1001 1714 1076 1785 δὲ
1121 1716 1232 1784 καὶ
1270 1718 1595 1803 Θαμύραν
1631 1717 1892 1802 ὑπάτην
1937 1716 2049 1784 καὶ
2093 1739 2304 1803 παρυ-

371 1825 604 1908 πάτην.
695 1825 815 1889 τὸν
871 1819 933 1889 δ’
988 1822 1283 1890 Ἀπόλλω
1340 1822 1552 1909 φασὶν
1607 1826 1704 1903 εἰς
1756 1825 1832 1890 τὸ
1888 1826 2133 1910 ἄντρον
2176 1834 2304 1890 τοῦ

370 1933 721 1997 Διονύσου
748 1933 870 2014 τήν
906 1954 976 1996 τε
1013 1931 1304 2015 κιθάραν
1341 1929 1452 1996 καὶ
1479 1934 1636 2010 τοὺς
1664 1931 1913 2009 αὐλοὺς
1940 1927 2298 2014 ἀναθέντα,
2329 1947 2388 1988 15

372 2037 484 2104 καὶ
527 2047 642 2124 τῆς
686 2037 992 2123 Κυβέλης
1038 2036 1441 2124 ἐρασθέντα,
1487 2043 2050 2123 συμπλανηθῆναι
2093 2039 2300 2124 ταύτῃ

372 2143 562 2230 μέχρι
605 2156 741 2211 τῶν
777 2142 1247 2232 ι’Ίῖἱπερβορέωπ
1337 2146 1502 2211 κατὰ
1548 2142 1623 2210 δὲ
1666 2146 1791 2229 τὴν
1840 2147 2147 2231 Φρυγίαν
2192 2143 2304 2229 ἐμ-

372 2252 702 2335 πεσούσης
746 2255 956 2319 νόσου
1000 2262 1141 2330 τοϊς
1184 2251 1577 2337 ἀνθρώποις
1620 2249 1733 2320 καὶ
1776 2260 1893 2335 τῆς
1935 2260 2060 2336 γῆς
2105 2251 2304 2338 ἀκάρ-

372 2381 505 2425 που
542 2357 923 2444 γενομένης,
962 2358 1522 2445 ἐπερωτησάντων
1558 2371 1678 2424 τῶν
1716 2357 2145 2442 ἀτυχούντων
2183 2361 2303 2425 τὸν

372 2467 542 2531 θεὸν
603 2464 755 2551 περὶ
817 2474 935 2549 τῆς
999 2477 1134 2530 τῶν
1197 2475 1421 2530 κακῶν
1486 2464 1868 2548 ἀπαλλαγῆς
1937 2465 2304 2551 προστάξαι
2328 2481 2384 2520 2⁰

373 2569 584 2652 φασὶν
616 2571 844 2648 αὐτοῖς
875 2570 1094 2648 θάψαι
1124 2572 1199 2635 τὸ
1229 2569 1534 2648 ’Ἀττιδος
1564 2582 1753 2657 σῶμα
1792 2569 1906 2638 καὶ
1945 2582 2144 2659 τιμᾶν
2178 2575 2302 2656 τὴν

372 2673 684 2759 Κυβέλην
712 2676 802 2752 ὡς
827 2678 1013 2742 θεόν.
1090 2677 1323 2761 διόπερ
1350 2681 1509 2755 τοὺς
1541 2678 1812 2763 Φρύγας
1837 2678 2301 2765 ἠφανισμένου

373 2790 494 2847 τοῦ
540 2781 842 2865 σώματος
889 2782 1001 2848 διὰ
1044 2784 1163 2848 τὸν
1209 2787 1460 2868 χρόνον
1495 2785 1780 2851 εἴδωλον
1814 2786 2301 2853 κατασκευάσαι

372 2896 494 2954 τοῦ
558 2890 933 2974 μειρακίου,
998 2888 1165 2976 πρὸς
1222 2881 1276 2979 ᾧ
1336 2896 1763 2978 θρηνοῦντας
1820 2900 1964 2967 ταῖς
2031 2893 2300 2969 οἰκείαις

372 3006 589 3082 τιμαῖς
642 3004 765 3061 τοῦ
818 2996 1085 3074 πάθους
1138 2996 1603 3076 ἐξιλάσκεσθαι
1654 2999 1780 3082 τὴν
1832 3005 1954 3063 τοῦ
2007 3018 2300 3084 παρανοσ
2325 3012 2376 3054 25

556 3196 583 3244 1
624 3191 680 3242 ἴσ
789 3204 897 3243 om.
934 3187 988 3242 H
1159 3195 1192 3245 2
1230 3186 1483 3260 κράσεως
1518 3188 1838 3258 Eiohsffidt,
1878 3191 2114 3258 κρίσεως
2149 3189 2298 3261 libri,

372 3279 439 3326 χρ
460 3256 620 3320 ’σεως
731 3276 832 3315 ess.
959 3265 995 3313 4
1030 3257 1262 3331 τέχνην]
1300 3280 1366 3329 χρ
1336 3261 1497 3344 ρείαν
1533 3259 1588 3314 ΙΙ
1714 3268 1747 3315 6
1784 3210 2096 3331 Μαρσύαν]
2127 3232 2298 3314 πάλιν

373 3329 500 3383 ad.
540 3328 618 3381 D¹
800 3334 866 3383 13
907 3326 1136 3400 Θάμυρι
1117 3350 1171 3384 ιν
1207 3330 1287 3394 113
1324 3326 1430 3399 τὴν
1467 3330 1595 3385 add.
1634 3330 1792 3386 Eich.
1980 3336 2048 3385 16
2094 3329 2294 3420 ταύτῃ]

370 3392 948 3588 {ffssiassvoeffinffija
970 3400 1272 3556 13..ῗὲεὲ
1310 3396 2039 3593 Ξὲυἶῗζῖτωέθυῖῗέναῖἷ
2071 3421 2296 3541 3νῖιῖῗᾷ

526 3554 586 3586 ια
631 3531 733 3588 τὸν
768 3557 852 3604 χρ.
891 3533 991 3605 ἠφ.
1031 3540 1132 3593 τοῦ
1171 3537 1425 3608 σώματος
1461 3557 1537 3594 vu
1562 3557 1615 3610 g.
