2569 4061
1077 252 1156 307 111
1195 258 1245 307 6.
1277 259 1326 307 7.
1356 259 1406 308 8.
2079 256 2211 320 275

275 410 436 482 καθ’
470 415 643 501 ἡμᾶς
677 418 958 502 χρόνων.
1035 417 1194 492 ἔθος
1231 416 1358 499 γὰρ
1406 414 1728 500 ὑπάρχειν
1764 415 2035 500 λέγουσι
2069 428 2211 495 τοῖς

274 524 644 606 Αἰθίοψιν,
693 520 860 587 ἐπὰν
915 520 951 585 ὁ
1002 522 1314 603 βασιλεὺς
1368 517 1570 606 μέρος
1615 544 1679 584 τι
1732 531 1853 587 τοῦ
1909 523 2210 607 σώματος

275 636 565 715 πηρωθῇ
613 626 702 695 δι’
745 628 1171 713 ἡνδηποτοῦν
1218 628 1461 711 αἰτίαν,
1508 627 1803 704 ἅπαντας
1847 631 2004 706 τοὺς
2049 644 2211 694 συν-

273 738 471 820 ήθεις
498 735 1034 818 συναποβάλλειν
1062 742 1261 799 τοῦτο
1289 735 1455 798 κατὰ
1482 736 1899 819 προαίρεσιν·
1928 737 2207 821 αἰσχρὸν

216 862 244 902 5
274 844 403 927 γὰρ
460 841 958 926 ὑπολαμβάνειν
1009 848 1134 905 τοῦ
1196 838 1522 922 βασιλέως
1583 839 2066 925 πεπηρωμένου
2129 843 2205 906 τὸ

275 946 508 1026 σκέλος
545 948 908 1034 ἀρτίποδας
954 942 1127 1012 εἶναι
1161 949 1321 1023 τοὺς
1367 949 1629 1030 φίλους,
1672 944 1783 1012 καὶ
1829 948 1917 1031 μὴ
1956 948 2206 1024 πάντας

274 1053 348 1119 ἐν
391 1064 536 1131 ταῖς
582 1053 837 1133 ἐξόδοις
883 1049 1294 1117 συνέπεσθαι
1338 1055 1599 1136 χωλοὺς
1635 1052 1902 1136 ὁμοίως·
1950 1054 2202 1119 ἄτοπον
2243 1076 2275 1123 2

272 1162 401 1247 γὰρ
440 1155 614 1225 εἶναι
657 1162 733 1225 τὸ
774 1164 1190 1243 συμπενθεῖν
1226 1154 1350 1242 μὲν
1388 1157 1500 1224 καὶ
1550 1161 1677 1240 [τὸ]
1716 1164 2205 1225 συλλυπεῖσθαι

271 1265 385 1332 καὶ
450 1276 588 1332 τῶν
649 1267 873 1330 ἄλλων
937 1264 1181 1350 ὁμοίως
1246 1264 1530 1347 ἀγαθῶν
1591 1264 1906 1332 ἁπάντων
1967 1289 2038 1331 τε
2095 1264 2207 1331 καὶ

188 1395 246 1435 10
272 1369 494 1439 κακῶν
538 1382 892 1438 κοινωνεῖν
925 1372 1052 1455 τὴν
1097 1374 1376 1455 βεβαίαν
1413 1375 1669 1457 φιλίαν,
1715 1381 1833 1456 τῆς
1881 1370 1943 1438 δ’
1989 1374 2083 1450 εἰς
2128 1374 2205 1438 τὸ

273 1490 463 1564 σῶμα
518 1480 731 1562 λύπης
783 1479 1068 1564 ἄμοιρον
1123 1481 1454 1560 γίνεσθαι.
1551 1477 1718 1562 φασὶ
1773 1475 1848 1544 δὲ
1912 1481 2207 1563 σύνηθες

274 1581 448 1650 εἶναι
503 1582 615 1649 καὶ
668 1585 742 1649 τὸ
799 1589 1243 1649 συντελευτᾶν
1309 1582 1629 1661 ἑκουσίως
1681 1588 1840 1661 τοὺς
1903 1584 2207 1671 ἑταίρους

273 1700 416 1767 τοῖς
469 1693 845 1774 βασιλεῦσι,
903 1689 1013 1756 καὶ
1059 1698 1301 1756 τοῦτον
1359 1686 1531 1756 εἶναι
1589 1693 1709 1756 τὸν
1752 1691 2054 1756 θάνατον
2101 1694 2205 1756 ἔν-

276 1795 478 1875 δοξον
538 1796 651 1862 καὶ
711 1800 941 1883 φιλίας
1004 1797 1332 1882 ἀληθινῆς
1395 1799 1713 1884 μάρτυρα.
1820 1798 2052 1883 διόπερ
2113 1799 2202 1882 μὴ
2242 1821 2276 1868 3

188 1925 241 1966 15
271 1904 519 1991 ῥᾳδίως
558 1903 919 1987 ἐπιβουλὴν
955 1906 1266 1993 γίνεσθαι
1312 1905 1493 1990 παρὰ
1528 1915 1668 1981 τοῖς
1706 1905 1995 1983 Αἰθίοψι
2039 1905 2205 1970 κατὰ

270 2020 393 2076 τοῦ
439 2009 783 2095 βασιλέως,
832 2010 922 2088 ὡς
968 2009 1053 2076 ἂν
1097 2020 1232 2077 τῶν
1279 2013 1502 2095 φίλων
1548 2010 1861 2076 ἁπάντων
1906 2008 2006 2076 ἐπ’
2052 2016 2202 2095 ἴσης

271 2117 794 2204 προνοουμένων
849 2126 965 2201 τῆς
1009 2111 1067 2181 τ’
1122 2117 1383 2209 ἐκείνου
1439 2116 1551 2183 καὶ
1596 2127 1710 2203 τῆς
1766 2119 1938 2194 ἰδίας
1989 2117 2204 2203 ἀσφα-

272 2228 465 2302 λείας.
539 2233 746 2290 ταῦτα
792 2220 915 2309 μὲν
962 2219 1088 2290 οὖν
1131 2226 1212 2289 τὰ
1255 2227 1507 2309 νόμιμα
1552 2224 1731 2309 παρὰ
1775 2233 1915 2301 τοῖς
1960 2225 2204 2290 Αἰθίο-

271 2334 392 2409 ψίν
448 2330 587 2397 ἐστι
639 2341 780 2408 τοῖς
833 2331 961 2414 τὴν
1015 2334 1423 2418 μητρόπολιν
1488 2331 1710 2395 αὐτῶν
1766 2332 2028 2395 οἰκοῦσι
2090 2330 2202 2397 καὶ

190 2460 245 2500 20
271 2437 661 2523 νεμομένοις
696 2440 820 2522 τήν
855 2460 928 2502 τε
962 2446 1174 2521 νῆσον
1207 2439 1333 2522 τὴν
1360 2440 1644 2524 Μερόην
1679 2435 1789 2502 καὶ
1823 2438 1950 2521 τὴν
1974 2437 2200 2524 χώραν

271 2544 396 2627 τὴν
440 2547 724 2629 πλησίον
769 2544 1135 2627 Αἰγύπτου.

388 2648 576 2715 Ἔστι
614 2647 688 2716 δὲ
715 2648 826 2716 καὶ
863 2652 1031 2716 ἄλλα
1067 2650 1228 2734 γένη
1256 2662 1394 2716 τῶν
1423 2654 1783 2717 Αἰθιόπων
1809 2657 2199 2738 παμπληθῆ,
2230 2653 2272 2717 8

269 2758 350 2821 τὰ
386 2753 509 2842 μὲν
555 2756 621 2836 ἐξ
659 2755 1059 2842 ἀμφοτέρων
1104 2767 1239 2822 τῶν
1276 2768 1499 2844 μερῶν
1534 2759 1659 2842 τὴν
1693 2759 2200 2845 παραποτάμιον

267 2872 391 2928 τοῦ
456 2866 712 2929 Νείλου
776 2872 1214 2930 κατοικοῦντα
1276 2861 1389 2928 καὶ
1453 2866 1570 2942 τὰς
1635 2865 1708 2930 ἐν
1770 2874 1861 2954 τῷ
1926 2875 2198 2953 ποταμῷ

187 2996 240 3037 25
266 2972 546 3054 νήσους,
595 2971 676 3035 τὰ
732 2967 806 3036 δὲ
859 2971 983 3054 τὴν
1029 2970 1280 3056 ὅμορον
1335 2978 1451 3053 τῆς
1491 2964 1797 3057 Ἀραβίας
1845 2975 2197 3056 νεμόμενα,

266 3077 349 3141 τὰ
388 3073 449 3139 δ’
478 3076 552 3141 ἐν
588 3088 728 3154 τοῖς
755 3078 1125 3161 μεσογείοις
1160 3084 1275 3159 τῆς
1301 3076 1561 3159 Λιβύης
1588 3075 2067 3162 καθιδρυμένα.
2130 3077 2203 3140 οἱ
2234 3096 2267 3143 2

271 3188 569 3249 πλεῖστοι
600 3179 673 3248 δὲ
699 3185 957 3249 τούτων
984 3178 1096 3247 καὶ
1131 3179 1408 3267 μάλισθ’
1438 3182 1509 3246 οἰ
1539 3184 1717 3268 παρὰ
1744 3183 1864 3247 τὸν
1898 3180 2197 3265 ποταμὸν

413 3381 446 3430 8
482 3371 546 3431 τὸ
586 3375 696 3432 del.
736 3376 903 3432 Dind.
1050 3381 1082 3430 9
1128 3370 1402 3431 ἁπάντων
1444 3369 1687 3444 άγαθῶν
1723 3372 1981 3428 Hertlein
2127 3378 2193 3426 10

267 3444 502 3519 βέβαιον
539 3447 588 3501 D
736 3452 804 3501 15
862 3443 1007 3501 κατὰ
1046 3447 1156 3501 τῶν
1204 3448 1385 3515 φίλων
1426 3441 1502 3506 ὥς
1541 3438 1613 3498 ἂν
1649 3444 1750 3498 τοῦ
1789 3440 2061 3517 βασιλέως
2096 3443 2196 3496 καὶ.

270 3518 386 3572 τῶν
427 3519 608 3587 φίλων
645 3513 916 3574 ἁπάντων
955 3516 1194 3588 entheae,
1234 3533 1373 3573 corr.
1415 3515 1728 3571 Eichstadt.

1765 3603 1874 3658 18*
