2569 4061
431 302 563 367 196
1098 297 1411 354 monom
1447 297 1683 355 smnm

432 466 605 547 ὕλην
659 468 1120 547 μεταγαγοῦσα
1176 462 1634 528 διεκελεύσατο
1690 460 2196 538 κατασκευάζειν
2242 481 2364 526 πο-

366 593 396 641 7
432 571 632 654 τάμια
688 572 889 634 πλοῖα
943 567 1257 653 διαιρετά.
1353 567 1388 633 ὁ
1442 568 1570 653 γὰρ
1619 563 1830 644 Ἰνδὸς
1881 568 2204 651 ποταμός,
2251 566 2364 650 μέ-

430 691 657 760 γιστος
702 675 800 741 ὢν
844 685 980 741 τῶν
1016 672 1168 759 περὶ
1212 675 1371 751 τοὺς
1405 677 1655 751 τόπους
1698 672 1812 740 καὶ
1845 669 1994 757 τὴν“
2015 676 2362 757 βασιλείαν

431 781 634 865 αὐτῆς
687 781 958 867 ὁρίζων,
1004 784 1272 846 πολλῶν
1329 781 1718 866 προσεδεῖτο
1773 780 2027 845 πλοίων
2080 781 2247 865 πρός
2290 801 2361 844 τε

429 891 554 973 τὴν
601 888 914 971 διάβασιν
958 884 1071 953 καὶ
1114 888 1284 969 πρὸς
1318 887 1393 952 τὸ
1441 890 1598 963 τοὺς
1636 885 1892 964 Ἰνδοὺς
1937 885 2065 950 άπὸ
2102 886 2362 951 τούτων
2389 904 2416 945 5

431 994 847 1078 ἀμύνασθαι·
902 991 1055 1078 περὶ
1109 989 1185 1058 δὲ
1240 993 1362 1057 τὸν
1405 993 1706 1076 ποταμὸν
1761 991 1884 1057 οὐκ
1940 991 2144 1075 οὔσης
2197 991 2363 1076 ὕλης

434 1101 799 1183 ἀναγκαῖον
851 1093 939 1182 ἦν
1003 1097 1076 1163 ἐκ
1127 1107 1244 1183 τῆς
1309 1103 1724 1186 Βακτριανῆς
1777 1100 1934 1183 πεζῇ
1998 1102 2363 1184 παρακομί-

361 1229 395 1277 8
436 1209 665 1286 ζεσθαι
701 1206 783 1269 τὰ
828 1209 1045 1270 πλοῖα.
1119 1212 1478 1292 θεωροῦσα
1526 1203 1588 1269 δ’
1632 1205 1675 1289 ἡ
1712 1207 2083 1291 Σεμίραμις
2119 1202 2364 1288 ἑαυτὴν

431 1311 507 1376 ἐν
549 1319 631 1396 τῇ
677 1320 812 1376 τῶν
859 1310 1243 1396 ἐλεφάντων
1288 1315 1478 1399 χρείᾳ
1521 1314 1695 1378 πολὺ
1741 1309 2171 1396 λειπομένην,
2219 1310 2363 1377 έπε-

430 1419 719 1500 νοήσατό
785 1420 990 1500 [τινα]
1048 1419 1559 1497 κατασκευάζειν
1617 1419 1861 1484 εἴδωλα
1915 1419 2174 1484 τούτων
2227 1428 2362 1483 τῶν
2392 1438 2447 1478 10

434 1520 639 1612 ζῴων,
687 1523 1042 1604 ἐλπίζουσα
1077 1524 1613 1610 καταπλήξεσθαι
1649 1528 1808 1602 τοὺς
1841 1521 2102 1601 Ἰνδοὺς
2138 1525 2250 1590 διὰ
2286 1526 2361 1589 τὸ

433 1633 726 1715 νομίζειν
782 1631 1026 1709 αὐτοὺς
1083 1630 1236 1717 μηδ’
1294 1628 1467 1699 εἶναι
1520 1633 1595 1697 τὸ
1654 1633 1947 1697 σύνολον
2001 1629 2364 1716 ἐλέφαντας

362 1760 395 1808 9
435 1735 618 1815 ἐκτὸς
670 1748 807 1803 τῶν
860 1740 1026 1805 κατὰ
1078 1740 1201 1822 τὴν
1248 1733 1556 1822 Ἰνδικήν.
1648 1735 1997 1817 ἐπιλέξασα
2052 1734 2129 1803 δὲ
2182 1740 2364 1821 βοῶν

432 1845 739 1929 μελάνων
811 1846 1166 1930 τριάκοντα
1242 1847 1572 1930 μυριάδας
1642 1846 1725 1910 τὰ
1796 1842 1919 1929 μὲν
1990 1843 2150 1930 κρέα
2222 1855 2365 1921 τοῖς

427 1954 758 2036 τεχνίταις
809 1949 921 2017 καὶ
965 1960 1106 2028 τοῖς
1149 1953 1318 2038 πρὸς
1369 1953 1493 2036 τὴν
1538 1961 1675 2018 τῶν
1720 1951 2362 2036 κατασκευασμάτων
2393 1970 2446 2010 15

433 2058 804 2144 ὑπηρεσίαν
879 2057 1300 2144 τεταγμένοις
1373 2057 1690 2144 διένειμε,
1764 2061 1882 2137 τὰς
1955 2055 2030 2125 δὲ
2110 2060 2364 2146 βύρσας

430 2167 908 2252 συρράπτουσα
970 2164 1082 2233 καὶ
1153 2170 1400 2253 χόρτου
1471 2173 1820 2254 πληροῦσα
1882 2167 2363 2233 κατεσκεύασεν

432 2274 711 2357 εἴδωλα,
776 2275 941 2340 κατὰ
1005 2283 1139 2340 πᾶν
1203 2273 1708 2360 ἀπομιμουμένη
1783 2275 1905 2357 τὴν
1968 2284 2104 2339 τῶν
2180 2271 2364 2360 ζῴων

433 2379 694 2445 τούτων
726 2382 954 2464 φύσιν.
1014 2380 1295 2446 ἕκαστον
1333 2378 1407 2446 δὲ
1434 2382 1693 2447 τούτων
1730 2377 1905 2465 εἶχεν
1934 2378 2121 2456 ἐντὸς
2147 2380 2364 2464 ἄνδρα

435 2486 555 2548 τὸν
591 2485 1153 2570 ἐπιμελησόμενον
1189 2484 1299 2552 καὶ
1335 2488 1656 2571 κάμηλον,
1702 2481 1823 2570 ὑφ’
1867 2480 1951 2551 οὗ
1987 2489 2365 2571 φερόμενον
2393 2505 2449 2544 20
2555 2542 2556 2563 ᾗ

438 2592 815 2672 φαντασίαν
860 2601 1000 2668 τοῖς
1035 2594 1396 2676 πόρρωθεν
1443 2591 1692 2678 ὁρῶσιν
1729 2590 2065 2674 ἀληθινοῦ
2110 2595 2364 2675 θηρίου

335 2717 401 2766 10
439 2698 801 2780 παρείχετο.
868 2697 938 2761 οἰ
971 2692 1046 2762 δὲ
1082 2704 1288 2762 ταῦτα
1322 2698 1917 2776 κατασκευάζοντες
1954 2695 2121 2781 αὐτῇ
2152 2709 2368 2781 τεχνῖ-

437 2824 545 2866 ται
603 2800 1179 2889 προσεκαρτέρουν
1238 2813 1379 2882 τοῖς
1433 2806 1653 2892 ἔργοις
1711 2806 1787 2870 ἒν
1843 2828 1978 2870 τινι
2032 2806 2365 2893 περιβόλῳ

438 2909 1078 3000 περιῳκοδομημένῳ
1115 2910 1228 2977 καὶ
1268 2912 1482 2989 πύλας
1518 2914 1738 2997 ἔχοντι
1778 2909 2190 2998 τηρουμένας
2227 2910 2366 2977 ἐπι-

386 3082 391 3087 .
440 3022 672 3102 μελῶς,
719 3017 886 3082 ὥστε
921 3016 1177 3103 μηδένα
1213 3022 1375 3103 μήτε
1411 3029 1546 3084 τῶν
1583 3021 1841 3084 ἔσωθεν
1879 3016 2120 3098 ἐξιέναι
2154 3042 2369 3102 τεχνι-
2397 3036 2451 3078 25

439 3135 574 3190 τῶν
621 3126 780 3208 μήτε
825 3134 960 3190 τῶν
1006 3125 1258 3204 ἔξωθεν
1296 3123 1573 3190 εἰσιέναι
1618 3126 1784 3211 πρὸς
1831 3124 2093 3201 αὐτούς.
2164 3132 2367 3191 τοῦτο

443 3226 504 3296 δ’
571 3231 915 3315 ἐποίησεν,
999 3232 1176 3309 ὅπως
1248 3229 1481 3318 μηδεὶς
1560 3242 1695 3298 τῶν
1777 3232 2029 3312 ἔξωθεν
2102 3233 2214 3316 ἴδῃ
2287 3232 2365 3297 τὸ

588 3429 653 3477 10
709 3425 860 3495 τινα]
910 3445 964 3478 τι
1009 3425 1255 3493 codieeS,
1302 3426 1410 3481 del.
1457 3425 1712 3480 Herblein
1866 3423 2099 3494 εἴδωλα]
2157 3421 2369 3492 ἰδίωμα

441 3490 677 3574 οοᾶὶροει,
714 3496 959 3564 ἴνδαλμα
995 3496 1233 3564 Bekker‚
1271 3499 1491 3567 μίμημα
1530 3495 1762 3550 θοὴὲἱοι·
1909 3501 1975 3550 15
2012 3502 2129 3556 τοῖς
2167 3511 2275 3549 om.
2316 3495 2367 3548 D

446 3561 511 3608 18
550 3561 986 3633 απομιμούμενα
1023 3566 1240 3623 conicio
1279 3570 1346 3637 (0.
1388 3574 1437 3635 8,
1458 3569 1515 3639 4)
1623 3573 1690 3622 22
1729 3563 2259 3628 κατασκευάσαντες
2297 3566 2366 3620 D.
