2569 4061
415 171 522 227 XII
1163 168 1600 225 PRAEFATIO.

418 338 784 416 Wesselingi
829 355 867 396 a
910 337 1000 398 De
1044 337 1109 396 la
1152 337 1344 397 Barre
1405 336 1633 395 factam
1697 335 1860 395 haud
1922 335 2130 412 paucis
2195 336 2355 397 locis

418 435 768 495 mendosam
840 451 971 493 esse
1042 452 1234 510 nuper
1303 432 1744 493 demonstravit
1803 432 2089 493 Alfi-edus
2152 432 2355 492 Jacob

421 534 556 592 octo
614 531 816 606 capita
875 531 1060 607 primi
1119 529 1262 590 libri
1327 528 1522 589 denuo
1586 547 1945 606 percensens
2007 521 2356 610 (Melanges

418 628 626 688 Graux
666 629 839 688 1884
884 648 942 705 p.
972 621 1149 706 525).
1240 625 1535 686 Attamen
1580 628 1652 685 ut
1695 626 1824 702 ipse
1868 644 1946 686 ne
1989 644 2175 686 unam
2220 626 2352 703 qui-

419 725 556 786 dem
609 725 878 802 repperit
930 725 1278 803 lectionem,
1343 743 1463 800 qua
1516 722 1780 783 Diodoro
1837 724 2203 799 mederetur,
2257 722 2358 781 ita

418 824 621 883 totum
678 821 945 882 codicem
987 821 1040 881 E
1086 820 1317 881 nullius
1376 820 1665 880 momenti
1719 839 1850 881 esse
1903 820 2054 880 mihi
2104 838 2349 895 persua-

420 939 556 980 sum
600 922 710 980 est.
805 918 1184 995 Quamquam
1238 917 1398 977 enim
1452 936 1573 977 non
1618 917 1683 976 in
1738 917 2014 978 omnibus
2068 916 2354 992 partibus

426 1036 563 1077 cum
608 1016 663 1075 D
711 1016 996 1092 concinit,
1042 1015 1105 1074 id
1151 1014 1313 1092 quod
1358 1016 1423 1074 et
1464 1015 1761 1075 Jacobum
1806 1017 1871 1074 et
1915 1013 2348 1074 Schneiderum

420 1106 661 1195 (prl5)
706 1113 895 1191 fugit,
938 1116 1144 1173 tamen
1191 1111 1378 1173 etiam
1421 1111 1710 1172 lectiones
1758 1131 1795 1173 a
1838 1113 1892 1171 D
1937 1109 2352 1186 discrepantes

422 1210 717 1270 eiusmodi
756 1213 915 1288 sunt,
961 1212 1034 1269 ut
1077 1208 1296 1269 melius
1342 1227 1415 1267 ex
1459 1209 1598 1269 aliis
1632 1210 1826 1288 libris,
1871 1208 2230 1285 praesertim
2275 1226 2349 1267 ex

421 1305 625 1366 codice
681 1304 745 1382 O,
799 1306 1185 1382 recipiantur.
1276 1303 1553 1365 Concinit
1608 1310 1811 1367 autem
1855 1326 1993 1367 cum
2039 1304 2238 1366 codice
2292 1304 2354 1362 D

417 1404 484 1464 in
536 1403 739 1479 priore
791 1407 968 1481 parte
1020 1403 1200 1480 primi
1253 1402 1399 1462 libri
1451 1406 1641 1480 atque
1694 1406 1760 1465 in
1812 1406 1943 1464 toto
2001 1404 2126 1463 fere
2159 1401 2350 1461 'libro

420 1501 657 1576 quinto:
714 1502 788 1562 cf.
824 1502 856 1560 I
895 1504 954 1580 8,
996 1505 1028 1561 1
1083 1503 1187 1576 27,
1226 1503 1262 1561 2
1316 1502 1420 1578 29,
1460 1503 1497 1560 6
1546 1504 1657 1563 etc.
1741 1502 1897 1563 Nolo
1952 1519 2082 1561 rem
2127 1518 2235 1576 per
2281 1518 2350 1559 se

424 1598 651 1657 claram
683 1598 960 1674 pluribus
997 1597 1361 1658 testimoniis
1410 1598 1733 1674 offundere,
1778 1598 1950 1658 iuvat
1985 1599 2190 1656 tamen
2226 1613 2348 1654 me-

419 1714 656 1756 morare
720 1696 784 1756 in
828 1696 880 1754 E
935 1696 1123 1756 verba
1185 1691 1305 1754 ἀπό
1359 1715 1419 1753 τε
1471 1725 1547 1737 --
1600 1695 1782 1771 ξηρᾶς
1837 1688 1896 1772 (I
1932 1695 2046 1771 43,
2087 1695 2148 1761 2)
2215 1711 2349 1753 esse

420 1792 669 1868 omissa,
735 1810 889 1867 quae
944 1791 1153 1851 eadem
1205 1791 1395 1850 verba
1448 1790 1512 1848 in
1568 1789 1766 1849 codice
1813 1790 1869 1847 D
1913 1791 2041 1849 tres
2096 1790 2347 1850 ultimos

418 1907 633 1948 versus
668 1888 802 1947 folii
831 1890 916 1947 40
945 1887 1105 1948 versi
1146 1885 1471 1946 efficientia
1494 1888 1655 1945 teste
1681 1886 2059 1962 Bergmanno
2087 1887 2352 1946 maxima

421 2003 493 2045 ex
536 1987 712 2063 parte
769 1985 985 2046 abrasa
1032 1986 1093 2045 et
1138 1983 1437 2045 exstincta
1481 1986 1641 2046 sunt.
1729 1983 1845 2045 Illo
1901 2003 2042 2063 ergo
2095 1985 2225 2046 loco
2272 1985 2345 2043 li-

419 2084 658 2143 brarius
694 2083 746 2142 E
785 2082 1101 2143 etiamtum
1144 2101 1255 2158 pro
1303 2082 1631 2159 exemplari
1664 2100 1810 2142 usus
1848 2086 1945 2144 est
1986 2083 2143 2143 libro
2183 2101 2255 2142 ex
2288 2081 2348 2140 D

420 2175 795 2259 derivato*)‚
842 2179 1080 2240 etiamsi
1124 2180 1248 2240 iam
1282 2180 1313 2239 Ι
1353 2184 1456 2259 32,
1488 2185 1523 2241 2
1572 2181 1635 2239 in
1679 2181 1949 2259 margine
1986 2180 2039 2238 Ε
2085 2179 2349 2256 vestigia

419 2275 564 2334 libri
619 2276 869 2336 alterius
915 2276 1124 2336 classis
1191 2281 1564 2355 comparent3
1631 2276 1909 2353 deinceps
1974 2276 2347 2352 aliquamdiu

419 2371 738 2432 librarium
782 2373 834 2431 E
881 2390 954 2431 ex
999 2372 1233 2434 duobus
1287 2375 1460 2442 libris
1521 2392 1633 2434 sua
1685 2374 1959 2433 hausisse
2012 2373 2151 2434 inde
2208 2393 2344 2434 con-

423 2467 749 2548 cludimuS,
804 2469 965 2545 quod
1017 2470 1082 2529 in
1124 2470 1176 2529 Ε
1235 2491 1371 2533 cum
1417 2473 1449 2531 I
1486 2472 1590 2545 59,
1630 2473 1665 2529 2
1723 2470 2005 2530 mutilata
2056 2471 2237 2531 lectio
2283 2472 2349 2530 in

419 2568 621 2642 textu,
684 2568 950 2646 genuina
1003 2586 1040 2627 a
1092 2567 1147 2626 D
1206 2571 1450 2630 servata
1510 2569 1573 2627 in
1636 2568 1908 2645 margine
1964 2568 2194 2644 scripta
2248 2568 2348 2645 sit,

418 2664 601 2740 paulo
654 2666 795 2740 post
839 2665 871 2723 I
910 2667 1013 2744 66,
1051 2668 1110 2744 3,
1164 2666 1272 2725 ubi
1315 2666 1460 2725 libri
1520 2665 1812 2725 secundae
1867 2666 2076 2726 classis
2131 2666 2349 2725 lacuna

423 2761 742 2821 deformati
788 2764 961 2840 sunt,
1008 2762 1310 2838 scriptura
1354 2762 1467 2822 hac
1512 2762 1868 2841 contagione
1910 2764 2103 2824 vacat.
2192 2763 2345 2821 Tum

420 2858 712 2919 lectiones
749 2859 966 2934 prioris
1004 2859 1213 2919 classis
1252 2860 1492 2936 saepius
1529 2860 1593 2919 in
1628 2862 1902 2937 margine
1927 2861 1979 2920 Ε
2011 2860 2346 2934 adscriptae

420 2955 839 3035 inveniuntur,
895 2959 965 3017 ut
1007 2955 1039 3013 I
1068 2958 1172 3035 80,
1206 2960 1238 3017 1
1290 2954 1554 3018 ἀπώλεσε
1596 2987 1671 2999 —
1718 2960 1821 3037 83,
1854 2960 1892 3018 8
1938 2954 2347 3037 παρατήρησιν

566 3205 620 3275 *)
657 3204 857 3274 Neque
904 3205 1053 3260 enim
1090 3222 1160 3260 ex
1209 3204 1337 3276 ipso
1373 3206 1424 3261 D
1464 3203 1717 3262 codicem
1752 3203 1798 3257 E
1838 3204 2183 3273 descriptum
2221 3220 2344 3259 esse

423 3284 713 3340 testantur
756 3283 1029 3339 lectiones
1076 3284 1357 3353 diversae,
1405 3303 1547 3355 quas
1583 3285 1629 3338 Ε
1668 3301 1797 3339 cum
1842 3282 1970 3340 aliis
2014 3283 2175 3339 libris
2220 3283 2345 3353 ipso

423 3363 847 3432 antiquioribus
901 3362 1081 3419 habet
1134 3380 1482 3421 communes:
1541 3364 1611 3420 cf.
1650 3364 1676 3417 I
1713 3370 1763 3431 3,
1792 3370 1825 3419 8
1863 3368 1914 3431 8,
1946 3368 1974 3416 1
2015 3369 2101 3432 27,
2131 3367 2163 3416 2
2212 3365 2345 3433 etc.;

421 3442 667 3500 maxime
704 3442 969 3513 congruit
1002 3460 1130 3498 cum
1163 3444 1230 3501 A.
