2569 4061
451 298 582 363 512
1115 294 1425 352 DIODORI
1461 294 1696 350 SICULI

400 465 405 470 ’
451 476 592 526 σεν·
634 453 927 535 Ἀσωπὸς
964 452 1025 522 δ’
1062 457 1136 523 έν
1179 461 1503 523 Φλιοῦντι
1536 459 1934 541 κατοικήσας
1968 457 2180 539 ἔγημε
2214 460 2453 522 Μετ-

453 565 639 647 ώπην
684 564 809 648 τὴν
859 564 1215 647 Λάδωνος,
1275 562 1343 642 ἐξ
1387 558 1468 646 ἧς
1514 563 1823 646 ἐγένοντο
1871 563 1998 628 δύο
2045 559 2180 647 μὲν
2235 564 2442 646 υἱοί,

451 672 803 754 Πελασγὸς
840 669 952 737 καὶ
983 666 1306 755 Ἰσμηνός,
1350 667 1721 755 θυγατέρες
1756 665 1833 734 δὲ
1872 669 2157 751 δώδεκα,
2217 672 2440 755 Κόρ-

450 800 623 862 κυρα
668 775 778 842 καὶ
827 779 1159 861 Σαλαμίς,
1207 778 1305 841 ἔτι
1351 769 1414 840 δ’
1459 780 1710 859 Αἴγινα
1759 772 1873 840 καὶ
1921 776 2240 860 Πειρήνη
2299 774 2437 842 καὶ

452 884 764 968 Κλεώνη,
829 884 998 970 πρὸς
1052 879 1127 948 δὲ
1190 883 1460 959 ταύταις
1520 883 1709 965 Θήβη
1763 903 1834 946 τε
1888 878 2001 946 καὶ
2062 881 2433 967 Τάναγρα
2460 905 2487 945 5

454 988 564 1055 καὶ
613 989 898 1056 Θέσπεια
955 988 1067 1056 καὶ
1107 983 1416 1070 Ἀσωπίς,
1464 990 1562 1054 ἔτι
1608 984 1683 1053 δὲ
1729 988 2041 1071 Σινώπη,
2088 989 2278 1072 πρὸς
2336 987 2427 1055 δὲ

385 1120 417 1169 2
455 1097 724 1173 ταύταις
752 1094 977 1182 Ὀρνία
1021 1093 1133 1160 καὶ
1180 1097 1444 1172 Χαλκίς.
1509 1094 1767 1160 τούτων
1814 1090 1876 1158 δ’
1905 1091 2223 1178 Ἰσμηνὸς
2272 1092 2425 1179 μὲν

455 1206 551 1282 εἰς
603 1205 936 1270 Βοιωτίαν
1001 1200 1226 1266 ἐλθὼν
1291 1198 1629 1290 κατῴκησε
1691 1187 1848 1286 περῖ
1896 1202 2018 1266 τὸν
2078 1205 2418 1286 ποταμὸν

453 1311 573 1374 τὸν
629 1307 737 1373 ἀπ’
785 1307 1046 1373 ἐκείνου
1103 1308 1228 1391 τὴν
1284 1308 1678 1393 ὁμωνυμίαν
1732 1309 2054 1390 λαβόντα,
2113 1316 2260 1373 τῶν
2325 1307 2414 1375 δὲ

453 1410 851 1498 θυγατέρων
889 1411 1170 1496 Σινώπη
1219 1410 1344 1498 μὲν
1379 1412 1510 1479 ὑπὸ
1551 1408 1966 1489 ’Λπόλλωνος
2010 1412 2409 1498 ἁρπαγεῖσα
2437 1437 2482 1476 ιο

455 1518 801 1604 ἀπηνέχθη
858 1521 1027 1606 πρὸς
1079 1528 1327 1586 τοῦτον
1370 1521 1490 1586 τὸν
1545 1521 1754 1585 τόπον
1800 1513 1884 1585 οὗ
1932 1528 2063 1584 νῦν
2112 1519 2307 1588 ἐστιν
2355 1523 2403 1606 ἡ

456 1623 566 1691 ἀπ’
603 1626 861 1711 ἐκείνης
906 1626 1366 1711 ὀνομασθεῖσα
1409 1628 1601 1704 πόλις
1638 1627 1917 1710 Σινώπη
1931 1645 1946 1661 ·
1994 1625 2066 1691 ἐκ
2114 1622 2190 1691 δὲ
2232 1629 2399 1693 ταύ-

455 1756 573 1818 της
626 1731 737 1800 καὶ
790 1731 1207 1810 ’Λπόλλωνος
1261 1734 1623 1816 γενόμενος
1675 1733 1823 1810 υίὸς
1876 1732 2105 1818 Σύρος
2159 1732 2395 1816 ἐβασί-

388 1861 420 1911 3
458 1845 651 1905 λευσε
686 1850 823 1904 τῶν
860 1836 970 1904 ἀπ’
1010 1838 1271 1904 ἐκείνου
1310 1839 1561 1925 Σύρων
1599 1836 2135 1924 ὀνομασθέντων.
2195 1841 2392 1924 Κόρ-

455 1969 627 2033 κυρα
675 1943 739 2010 δ’
794 1946 923 2012 ὑπὸ
972 1946 1404 2022 Ποσειδῶνος
1459 1942 1806 2032 ἀπηνέχθη
1855 1946 1949 2023 εἰς
1998 1952 2195 2027 νῆσον
2240 1944 2383 2027 τὴν
2420 1967 2468 2007 15

458 2050 567 2118 ἀπ’
604 2053 863 2138 ἐκείνης
906 2055 1268 2139 Κόρκυραν
1317 2050 1844 2138 ὀνομαζομένην·
1901 2052 1975 2119 ἐκ
2017 2050 2255 2135 ταύτης
2303 2049 2389 2119 δὲ

455 2157 567 2222 καὶ
614 2162 1048 2237 Ποσειδῶνος
1093 2157 1354 2243 ἐγένετο
1399 2158 1634 2243 Φαίαξ,
1682 2156 1799 2243 ἀφ’
1837 2154 1920 2224 οὗ
1964 2160 2121 2234 τοὺς
2171 2161 2380 2224 Φαία-

388 2286 422 2334 4
456 2287 576 2342 acas·
603 2265 853 2350 συνέβη
892 2275 1118 2351 τυχεῖν
1145 2266 1391 2348 ταύτης
1426 2274 1542 2350 τῆς
1568 2266 2035 2351 προσηγορίας.
2088 2266 2378 2342 Φαίακος

461 2366 523 2436 δ’
558 2370 820 2455 ἐγένετο
852 2370 1192 2449 Ἀλκίνοος
1238 2371 1274 2436 ὁ
1322 2373 1444 2439 τὸν.
1481 2369 1804 2437 Ὀδυσσέα
1847 2371 2237 2455 καταγαγὼν
2284 2373 2374 2448 εἰς

460 2479 583 2561 τὴν
607 2473 895 2563 Ἰθάκην.
944 2476 1247 2563 Σαλαμὶς
1287 2472 1348 2542 δ’
1383 2477 1513 2544 ὑπὸ
1544 2478 1975 2554 Ποσειδῶνος
2011 2476 2370 2564 ἁρπαγεῖσα
2394 2499 2436 2539 20

460 2582 785 2668 ἐκομίσθη
833 2587 928 2663 εἰς
963 2587 1087 2669 τὴν
1132 2581 1242 2649 ἀπ’
1280 2584 1484 2669 αὐτῆς
1527 2592 1741 2669 νῆσον
1778 2588 2132 2668 Σαλαμῖνα
2175 2600 2367 2671 προσ-

460 2696 978 2774 αγορευθεῖσαν·
1042 2690 1206 2775 αὕτη
1257 2686 1332 2755 δὲ
1378 2702 1642 2775 μιγεῖσα
1688 2693 2069 2757 Ποσειδῶνι
2113 2690 2367 2778 Κυχρέα

460 2794 819 2879 ἐγέννησεν
830 2844 850 2880 ,
916 2796 991 2873 ὃς
1055 2798 1457 2880 βασιλεύσας
1515 2807 1631 2883 τῆς
1694 2801 1908 2883 νήσου
1970 2798 2208 2881 ταύτης
2259 2797 2364 2864 καὶ

460 2904 822 2987 γενόμενος
875 2901 1203 2988 ἐπιφανὴς
1258 2903 1641 2970 ἀπέκτεινεν
1706 2906 1870 2989 ὄφιν
1933 2904 2234 2991 ὑπερφυῆ
2290 2907 2360 2970 τὸ

393 3028 425 3077 5
462 3007 748 3095 μέγεθος
791 3008 902 3076 καὶ
946 3013 1441 3095 λυμαινόμενον
1486 3013 1644 3088 τοὺς
1690 3009 2069 3096 ἐγχωρίους.
2133 3016 2360 3095 Αἴγινα
2386 3030 2431 3072 25

463 3114 525 3180 δ’
581 3116 653 3182 ἐκ
721 3120 1092 3193 Φλιοῦντος
1152 3115 1286 3181 ὑπὸ
1349 3117 1518 3192 Διὸς
1581 3115 1950 3201 ἁρπαγεῖσα
2014 3118 2107 3192 εἰς
2165 3125 2358 3201 νῆσον

463 3222 878 3306 ἀπεκομίσθη
920 3224 1044 3306 τὴν
1090 3217 1201 3286 ἀπ’
1237 3221 1492 3305 ἐκείνης
1529 3228 1822 3305 Αἴγιναν
1859 3222 2353 3308 ὀνομασθεῖσαν,

604 3418 916 3497 4ὶσαλαμίν
944 3414 994 3467 D
1041 3481 1055 3500 Ι
1077 3420 1109 3469 5
1147 3412 1396 3502 τέναγρα
1424 3414 1472 3468 D
1547 3421 1578 3470 6
1610 3413 1832 3471 Θέσπια
1869 3417 1991 3472 cod.
2066 3421 2096 3470 '7
2128 3417 2279 3470 Οἴνια
2302 3416 2349 3469 ΙΙ

464 3487 529 3534 11
568 3482 731 3550 προς]
762 3481 843 3545 εἰς
869 3485 918 3538 D
992 3485 1193 3556 τοπον]
1231 3504 1443 3540 ποντον
1473 3485 1551 3538 D2
1624 3492 1690 3540 13
1728 3484 1855 3549 υἱὸς
1882 3503 1989 3540 om.
2020 3486 2092 3539 11-
2144 3493 2203 3541 16
2235 3482 2345 3543 ὀνο-

461 3553 783 3615 μασθεῖσαν
823 3552 930 3607 OF
1033 3560 1100 3607 22
1139 3552 1398 3623 Κεγχρέα
1436 3555 1675 3624 codices,
1713 3572 1850 3613 corr.
1881 3556 2058 3612 Wesm
