2569 4061
441 357 573 423 388
1110 354 1420 410 monom
1457 353 1690 410 smum

440 519 553 586 καὶ
580 519 1050 603 πρωτεύσαντα
1077 513 1221 584 κατ’
1256 517 1499 603 ἀρετὴν
1537 511 1893 601 Ὀλύμπιον
1921 532 2386 602 προσαγορευ-

374 648 406 697 6
444 634 669 709 θῆναι.
753 627 872 691 τὸν
919 625 981 691 δ’
1036 621 1162 692 οὖν
1206 627 1558 690 Διόνυσον
1604 623 1861 707 λέγεται
1908 623 2172 702 διδάξαι
2215 627 2385 702 τοὺς

440 734 856 814 Αἰγυπτίους
910 735 1035 816 τήν
1089 755 1159 797 τε
1216 740 1332 815 τῆς
1387 729 1686 815 ἀμπέλου
1739 732 2023 815 φυτείαν
2080 727 2193 795 καὶ
2250 731 2382 812 τὴν

439 847 680 924 χρῆσιν
734 837 848 905 καὶ
901 839 1025 923 τὴν
1079 839 1458 924 παράθεσιν
1512 847 1635 903 τοῦ
1691 861 1759 902 τε
1817 843 2011 905 οἴνου
2069 835 2181 902 καὶ
2239 846 2382 901 τῶν

442 945 841 1032 ἀκροδρύων
885 942 997 1009 καὶ
1039 956 1176 1009 τῶν
1220 945 1443 1009 ἄλλων
1486 956 1777 1029 καρπῶν.
1850 944 2064 1029 πάντῃ
2114 939 2188 1008 δὲ
2234 944 2381 1007 δια·
2411 960 2437 1001 5

446 1050 803 1136 διδομένης
848 1049 999 1132 περὶ
1046 1051 1254 1115 αὐτοῦ
1301 1052 1527 1134 φήμης
1573 1049 1832 1133 ἀγαθῆς
1876 1047 2129 1133 μηδένα
2166 1050 2380 1113 καθά-

444 1178 566 1241 περ
595 1160 760 1241 πρὸς
795 1154 1116 1239 πολέμιον
1154 1155 1681 1238 ἀντιτάττεσθαι,
1721 1155 1971 1231 πάντας
2009 1151 2084 1219 δὲ
2118 1156 2380 1239 προθύ-

447 1287 584 1347 μως
648 1262 1108 1337 ὑπακούοντας
1175 1261 1474 1340 ἐπαίνοις
1538 1261 1648 1328 καὶ
1711 1264 1985 1338 θυσίαις
2049 1262 2137 1338 ὡς
2207 1263 2381 1326 θεὸν

376 1392 407 1438 6
445 1376 661 1451 τιμᾶν.
735 1376 827 1454 τῷ
867 1365 928 1430 δ’
967 1367 1147 1454 αὐτῷ
1176 1372 1399 1458 τρόπω
1430 1367 1641 1453 φασὶν
1670 1369 1979 1434 ἐπελθεῖν
2004 1370 2129 1453 τὴν
2157 1371 2381 1433 οἰκου-

445 1471 676 1556 μένην,
734 1472 1179 1558 ἐξημεροῦντα
1235 1471 1357 1559 μὲν
1411 1478 1534 1560 τὴν
1588 1478 1810 1562 χώραν
1863 1486 2008 1552 ταῖς
2053 1478 2378 1560 φυτείαις,
2413 1495 2464 1533 10

447 1579 922 1666 εὐεργετοῦντα
987 1578 1062 1646 δὲ
1125 1585 1284 1658 τοὺς
1348 1584 1551 1659 λαοὺς
1614 1583 1928 1666 μεγάλαις
1992 1593 2209 1666 τιμαῖς
2266 1581 2381 1646 καὶ

446 1687 670 1772 χάρισι
725 1691 892 1775 πρὸς
946 1688 1064 1753 τὸν
1120 1690 1348 1753 αἰῶνα.
1442 1689 1547 1753 διὸ
1601 1687 1714 1753 καὶ
1766 1689 2018 1765 πάντας
2061 1691 2218 1764 τοὺς
2264 1688 2381 1752 ἀν-

446 1795 766 1880 θρώπους
827 1794 901 1859 ἐν
958 1805 1102 1871 ταῖς
1161 1796 1328 1881 πρὸς
1387 1797 1544 1870 τοὺς
1603 1796 1846 1871 ἄλλους
1903 1798 2109 1870 θεοὺς
2160 1806 2383 1876 τιμαῖς

449 1901 570 1985 οὐχ
619 1902 858 1986 ὁμοίαν
905 1904 1176 1986 ἔχοντας
1216 1902 1609 1986 προαίρεσιν
1647 1901 1958 1985 ἀλλήλοις
1995 1902 2231 1986 σχεδὸν
2261 1901 2384 1965 ’ἐπὶ

449 2011 664 2093 μόνου
708 2017 830 2073 τοῦ
875 2007 1227 2073 Διονύσου
1274 2007 1859 2093 συμφωνουμένην
1915 2008 2383 2075 ἀποδεικνύειν
2415 2024 2466 2066 15

450 2117 823 2201 μαρτυρίαν
868 2124 982 2198 τῆς
1029 2113 1429 2190 ἀθανασίας·
1480 2114 1727 2180 οὐδένα
1772 2117 1899 2199 γὰρ
1949 2110 2105 2180 οὔθ’
2159 2115 2385 2199 Ἑλλή-

449 2244 590 2285 νων
620 2222 775 2286 οῧτε
802 2221 1163 2308 βαρβάρων
1192 2222 1476 2306 ἄμοιρον
1514 2216 1687 2285 εἶναι
1713 2229 1829 2304 τῆς
1855 2222 2100 2287 τούτου
2128 2224 2387 2306 δωρεᾶς

448 2323 559 2392 καὶ
613 2328 911 2413 χάριτος,
970 2325 1136 2391 ἀλλά
1193 2324 1304 2391 καὶ
1348 2329 1507 2403 τοὺς
1552 2325 2066 2413 ἀπηγριωμένην
2113 2330 2385 2413 ἔχοντας

451 2435 674 2518 χώραν
730 2431 771 2515 ἢ
829 2433 995 2518 πρὸς
1041 2435 1324 2515 φυτείαν
1371 2432 1667 2517 ἀμπέλου
1710 2438 2051 2509 παντελῶς
2097 2433 2385 2517 ἀπηλλο-

450 2538 824 2624 τριωμένην
871 2544 1116 2622 μαθεῖν
1161 2540 1237 2603 τὸ
1274 2541 1927 2623 κατασκευαζόμενον
1965 2539 2037 2605 ἐκ
2073 2551 2208 2605 τῶν
2243 2565 2385 2626 κρι-
2415 2558 2469 2598 20

450 2652 601 2709 θῶν
660 2646 840 2728 πόμα
898 2647 1112 2730 βραχὺ
1176 2646 1571 2728 λειπόμενον
1629 2653 1746 2728 τῆς
1804 2643 1955 2731 περὶ
2014 2647 2132 2711 τὸν
2193 2642 2385 2713 οἶνον

383 2771 411 2819 7
452 2749 749 2825 εὐωδίας.
825 2751 944 2814 τὸν
984 2744 1044 2813 δ’
1080 2744 1206 2814 οὖν
1245 2753 1592 2816 Διόνυσόν
1638 2768 1806 2836 φασι
1849 2752 1973 2835 τὴν
2019 2753 2387 2837 κατάβασιν

453 2854 525 2920 ἐκ
553 2863 669 2937 τῆς
700 2852 981 2938 Ἰνδικῆς
1019 2853 1126 2919 ἐπὶ
1162 2857 1287 2939 τὴν
1322 2858 1663 2922 θάλατταν
1700 2860 2155 2943 ποιησάμενον
2190 2882 2388 2925 κατα-

453 2965 684 3045 λαβεῖν
741 2960 1037 3039 ἅπαντας
1081 2965 1238 3039 τοὺς
1295 2967 1576 3041 Τιτᾶνας
1621 2965 2025 3051 ἠθροικότας
2071 2967 2390 3050 δυνάμεις

453 3067 566 3135 καὶ
604 3071 1079 3153 διαβεβηκότας
1116 3072 1211 3147 εἰς
1249 3073 1523 3157 Κρήτην
1560 3068 1660 3136 ἐπ’
1696 3070 2030 3157 Ἄμμωνα.
2104 3076 2389 3158 προσβε-
2418 3092 2473 3133 25

454 3179 871 3260 βοηθηκότος
917 3173 992 3242 δὲ
1037 3175 1149 3241 καὶ
1193 3186 1316 3242 τοῦ
1361 3180 1530 3255 Διὸς
1575 3177 1647 3242 ἐκ
1691 3187 1807 3261 τῆς
1851 3180 2200 3260 Αἰγύπτου
2246 3189 2390 3257 τοῖς

638 3338 670 3385 3
707 3332 806 3386 καὶ
843 3333 1039 3401 χρῆσιν
1078 3333 1177 3386 καὶ
1211 3332 1538 3403 παράθεσιν
1574 3332 1625 3385 D
1798 3340 1831 3388 5
1870 3334 1969 3388 καὶ
2001 3333 2104 3405 τὴν
2142 3336 2253 3389 τῶν
2291 3331 2387 3390 άλ-

456 3403 568 3451 λων
597 3401 661 3468 D,
702 3403 806 3455 καί
836 3422 1006 3456 τινων
1045 3398 1227 3457 ἄλλων
1257 3403 1310 3455 II
1447 3410 1479 3457 5
1518 3403 1929 3474 διαδεδομένης
1966 3405 2014 3458 D
2154 3411 2185 3459 9
2227 3403 2386 3460 ἔπελ·

455 3471 592 3522 θεῖν
632 3472 774 3538 φασὶ
810 3473 961 3540 vulg.
1130 3478 1195 3526 11
1235 3480 1423 3541 τιμαῖς
1458 3472 1580 3543 καὶ]
1623 3475 1723 3529 καὶ
1759 3478 1969 3544 τιμίαις
2007 3476 2239 3544 conicio,
2280 3478 2390 3530 δω-

455 3541 761 3674 ἓὲἒῖςτνῖιῗὲ
765 3540 967 3660 .Β,11οᾶ.
1114 3549 1183 3596 22
1225 3539 1282 3596 δ’
1326 3560 1434 3598 om.
1474 3542 1522 3595 D
1680 3549 1749 3598 23
1787 3542 2110 3617 θάλατταν]
2149 3554 2389 3617 ταχεῖαν
