2569 4061
43 85 2525 119 ἡ

398 325 529 391 386
1061 326 1375 382 DIODORI
1414 328 1648 384 SICULI

396 492 746 555 Διόνυσον
804 489 1123 575 προάγειν
1181 492 1349 576 πρὸς
1405 494 1562 568 τοὺς
1625 495 1938 576 Τιτᾶνας,
2002 493 2339 571 εὐτάκτως

395 596 802 679 ποιούμενον
845 597 962 673 τὰς
1010 595 1398 683 ὁδοιπορίας
1442 595 1553 663 καὶ
1598 608 1761 663 πᾶσι
1805 609 1947 675 τοῖς
1984 598 2337 682 ἐγχωρίοις

397 702 898 787 φιλανθρώπως
933 706 1485 790 προσφερόμενον
1521 702 1631 769 καὶ
1658 706 1732 769 τὸ
1765 706 2058 771 σύνολον
2086 705 2333 772 ἑαυτὸν

395 807 944 894 ἀποφαινόμενον
1017 810 1402 896 στρατεύειν
1476 808 1582 875 ἐπὶ
1652 810 1922 876 κολάσει
1995 808 2118 896 μὲν
2190 824 2331 878 τῶν

395 915 678 1000 ἀσεβῶν,
736 916 1080 1003 εὐεργεσίᾳ
1138 912 1211 981 δὲ
1264 925 1388 981 τοῦ
1441 926 1676 982 κοινοῦ
1732 916 1972 1001 γένους
2026 928 2161 983 τῶν
2208 919 2328 984 άν-
2357 943 2385 984 5

392 1023 707 1109 θρώπων.
762 1025 920 1098 τοὺς
957 1019 1032 1087 δὲ
1060 1024 1320 1105 Λίβυας
1354 1023 1820 1106 θαυμάζοντας
1854 1024 1979 1106 τὴν
2017 1023 2328 1102 εὐταξίαν

391 1126 502 1194 καὶ
547 1131 621 1194 τὸ
669 1137 784 1210 τῆς
828 1136 1043 1212 ψυχῆς
1088 1126 1601 1212 μεγαλοπρεπές,
1646 1129 1903 1214 τροφάς
1946 1151 2015 1193 τε
2052 1130 2328 1215 παρέχε-

394 1242 560 1300 σθαι
623 1244 762 1309 τοῖς
827 1233 1215 1319 ἀνθρώποις
1292 1235 1592 1313 δαψιλεῖς
1661 1233 1775 1299 καὶ
1848 1237 2326 1320 συστρατεύειν

319 1357 353 1406 5
390 1342 909 1426 προθυμότατα..
978 1342 1496 1424 συνεγγιζούσης
1551 1337 1625 1405 δὲ
1680 1350 1795 1424 τῆς
1851 1342 2197 1425 δυνάμεως
2240 1352 2324 1428 τῇ

387 1447 577 1511 πόλει
622 1457 756 1511 τῶν
795 1444 1210 1530 Ἀμμωνίων,
1256 1449 1377 1513 τὸν
1422 1450 1695 1534 Κρόνον
1738 1449 1867 1533 πρὸ
1905 1458 2027 1513 τοῦ
2063 1451 2323 1532 τείχους
2354 1475 2407 1514 10

386 1552 744 1638 παρατάξει
772 1553 1138 1637 λειφθέντα
1164 1555 1289 1638 τὴν
1318 1550 1439 1638 μὲν
1467 1557 1665 1619 πόλιν
1692 1555 1933 1630 νυκτὸς
1970 1554 2321 1641 ἐμπρῆσαι,

389 1661 764 1726 σπεύδοντα
809 1662 904 1737 εἰς
947 1658 1137 1738 τέλος
1181 1667 1630 1746 καταφθεῖραι
1675 1669 1796 1725 τοῦ
1843 1663 2193 1726 Διονύσου
2239 1663 2321 1726 τὰ

385 1775 658 1855 πατρῷα
693 1770 1018 1851 βασίλεια,
1058 1764 1268 1832 αὐτὸν
1307 1764 1367 1830 δ’
1416 1766 1835 1848 ἀναλαβόντα
1871 1768 1996 1850 τὴν
2033 1778 2320 1850 γυναῖκα

374 1871 562 1940 Ῥέαν
607 1876 725 1939 καί
761 1897 950 1951 τινας
993 1885 1127 1938 τῶν
1175 1871 1784 1957 συνηγωνισμένων
1822 1876 2041 1958 φίλων
2075 1879 2319 1939 λαθεῖν

386 1981 458 2047 ἐκ
502 1990 618 2065 τῆς
661 1984 914 2058 πόλεως
962 1980 1346 2066 διαδράντα.
1411 1980 1493 2046 οὐ
1530 1981 1662 2065 μὴν
1698 1983 1817 2046 τόν
1855 2004 1928 2065 γε
1968 1983 2317 2047 Διόνυσον
2348 2004 2401 2045 15

386 2087 626 2173 ὁμοίαν
682 2092 857 2173 ἔχειν
909 2089 1124 2176 τούτῳ
1181 2089 1599 2173 προαίρεσιν·
1661 2091 1952 2172 λαβόντα
2010 2090 2135 2174 γὰρ
2195 2091 2317 2154 τόν

383 2218 452 2259 τε
515 2198 786 2281 Κρόνον
844 2192 955 2260 καὶ
1013 2195 1136 2277 τὴν
1201 2192 1381 2259 Ῥέαν
1441 2195 1896 2278 αἰχμαλώτους
1955 2195 2036 2259 οὐ
2101 2197 2317 2279 μόνον

384 2300 654 2384 ἀφεῖναι
700 2312 836 2366 τῶν
881 2300 1308 2384 ἐγκλημάτων
1357 2301 1467 2365 διὰ
1511 2301 1634 2383 τὴν
1681 2299 2097 2384 συγγένειαν,
2146 2300 2316 2366 ἀλλὰ

382 2406 493 2472 καὶ
547 2406 999 2493 παρακαλέσαι
1054 2408 1173 2472 τὸν
1230 2408 1467 2472 λοιπὸν
1521 2408 1770 2491 χρόνον
1823 2405 2081 2489 γονέων
2136 2409 2314 2491 ἔχειν

380 2517 545 2601 πρὸς
600 2515 805 2578 αὐτὸν
860 2514 1133 2578 εὔνοιάν
1186 2537 1256 2578 τε
1311 2512 1422 2577 καὶ
1477 2511 1662 2591 τάξιν
1705 2512 1817 2578 καὶ
1865 2517 2068 2596 συζῆν
2114 2537 2314 2597 τιμω-
2343 2538 2396 2577 20

311 2630 343 2677 6
385 2620 638 2704 μένουςἡ
683 2618 793 2684 ὑπ’
850 2621 1058 2684 αὐτοῦ
1114 2620 1396 2702 μάλιστα
1449 2619 1735 2684 πάντων.
1828 2621 1951 2703 τὴν
1983 2617 2128 2704 ’μὲν
2186 2615 2314 2685 οὗν

368 2722 555 2789 Ῥέαν
604 2723 975 2789 διατελέσαι
1009 2725 1226 2789 πάντα
1261 2726 1381 2790 τὸν
1418 2728 1569 2806 βίον
1607 2726 1696 2802 ὡς
1732 2727 1886 2791 υἱὸν
1925 2726 2311 2810 ἀγαπῶσαν,

374 2833 494 2895 τὸν
550 2826 624 2895 δὲ
671 2834 941 2917 Κρόνον
996 2829 1299 2896 ὕπουλον
1354 2833 1531 2916 ἔχειν
1576 2834 1697 2916 τὴν
1744 2833 2033 2898 εὔνοιαν.
2126 2832 2313 2916 γενέ-

377 2944 544 3002 σθαι
608 2931 668 3001 δ’
722 2937 949 3013 αὐτοῖς
1007 2936 1156 3023 περὶ
1220 2939 1501 3014 τούτους
1562 2942 1719 3014 τοὺς
1781 2941 2068 3024 χρόνους
2130 2939 2308 3021 υἱόν,

378 3045 458 3111 ὃν
521 3049 1149 3131 προσαγορευθῆναι
1204 3048 1376 3129 Δία,
1438 3051 1802 3129 τιμηθῆναι
1871 3042 1944 3110 δὲ
2008 3046 2311 3130 μεγάλως
2341 3068 2393 3108 25

378 3154 503 3219 ὑπὸ
552 3162 673 3218 τοῦ
724 3152 1091 3233 Διονύσου,
1138 3149 1251 3215 καὶ
1297 3146 1385 3215 δι’
1431 3151 1671 3236 ἀρετὴν
1718 3151 1791 3216 ἐν
1837 3163 1977 3228 τοῖς
2022 3152 2311 3237 ὕστερον

374 3261 645 3343 χρόνοις
689 3258 1006 3340 γενέσθαι
1052 3258 1324 3321 πάντων
1368 3256 1657 3340 βασιλέα.

519 3452 546 3498 1
586 3445 896 3514 προσάγειν
924 3447 977 3499 ΙΙ
1086 3444 1228 3512 πρὸς
1268 3465 1376 3501 om.
1406 3446 1455 3499 D
1604 3454 1666 3500 11
1706 3448 2025 3518 παρατάξει
2061 3466 2167 3503 om.
2210 3448 2303 3503 OE

369 3512 476 3578 μὲν
506 3532 612 3569 om.
644 3517 795 3585 vulg.
909 3522 974 3569 12
1006 3514 1110 3586 εἰς]
1141 3512 1199 3569 δ’
1225 3516 1304 3578 εἰς
1330 3517 1379 3569 D
1490 3518 1837 3585 διαφθεῖραι
1866 3519 1913 3571 D
2025 3525 2092 3573 23
2122 3515 2301 3574 ὅπου·

368 3584 467 3632 λον
517 3580 752 3637 εὔνοιαν
799 3583 952 3652 ἔχειν
996 3586 1045 3638 D
1194 3592 1262 3640 25
1303 3581 1395 3656 ὃν]
1435 3586 1532 3639 καὶ
1567 3585 1633 3640 D.
