2569 4061
18 0 2569 121 —

323 599 626 660 Henricus
668 600 1010 676 Stephanus
1047 603 1119 660 ut
1156 603 1251 660 est
1286 601 1560 678 princeps
1598 603 1895 664 editorum
1933 605 2070 664 Dio-

121 700 268 760 dori
320 698 525 771 Siculi,
569 699 660 757 ita
704 715 778 757 ea
821 715 1054 775 quoque
1100 714 1167 756 re
1213 697 1431 758 ceteris
1482 700 1737 777 excellit,
1784 702 1944 778 quod
1989 701 2068 761 ad

10 838 11 881 ᾗ
121 813 326 874 opera
368 795 620 855 Diodori
665 794 897 854 edenda
938 795 1070 871 ipse
1115 793 1305 855 libros
1351 813 1533 855 manu
1579 798 1831 874 scriptos
1876 799 2068 875 inqui-

122 894 282 956 sivit
339 895 407 952 et
464 892 777 953 consuluit.
868 890 1027 951 Nam
1080 892 1303 952 Petrus
1359 891 1829 971 Wesselingius‚
1892 914 2065 972 prae-

8 1064 9 1069 *
124 990 555 1055 stantissimus
585 990 912 1050 secundum
941 988 1312 1066 Stephanum
1339 989 1591 1050 Diodori
1619 991 1833 1071 editor,
1861 1011 2065 1054 omnes

8 1074 9 1089 ¹
122 1090 416 1151 codicum
459 1088 811 1147 collationes
858 1087 1038 1148 debet
1076 1088 1228 1162 aliis,
1276 1087 1552 1164 inprimis
1589 1088 1801 1149 Franc.
1847 1089 2068 1168 Diony-

125 1190 217 1248 sio
273 1185 631 1260 Oamusato,
685 1185 790 1261 qui
834 1204 971 1244 cum
1014 1185 1279 1262 Josepho
1327 1185 1544 1245 Wasse
1588 1185 1839 1247 Diodori
1885 1207 2068 1265 opera

6 1276 9 1355 ξ
125 1286 411 1344 correcta
475 1283 651 1342 edere
715 1280 981 1341 animum
1044 1282 1393 1357 induxerat3
1468 1281 1781 1343 Camusati
1841 1286 2067 1345 mortui

6 1366 7 1413 j
125 1382 364 1458 scripta
408 1400 517 1457 per
553 1381 595 1439 J
596 1398 682 1439 ac.
710 1379 819 1438 Ph.
846 1377 1262 1455 D'Orvilljum,
1309 1377 1412 1455 qui
1460 1397 1531 1438 ea
1576 1397 1685 1438 suo
1723 1397 1863 1441 aere
1898 1380 2067 1444 rede·

123 1480 351 1552 metat,
397 1478 461 1537 in
497 1477 862 1554 Wesselingi
906 1494 1122 1536 manus
1167 1478 1479 1536 venerunt.
1551 1476 1901 1554 Eademque
1949 1481 2067 1540 for-

125 1583 323 1637 tunae
359 1576 589 1636 invidia
625 1574 857 1650 accidit,
893 1576 964 1633 ut
1000 1574 1337 1633 Richardus
1365 1571 1729 1651 Bergmann,
1766 1575 1870 1651 qui
1906 1578 2067 1654 quod

125 1673 383 1735 Bekker
442 1676 505 1733 et
561 1672 828 1732 Dindorf
882 1671 1237 1744 omiserant,
1301 1670 1467 1745 ipsos
1525 1669 1774 1730 Diodori
1836 1674 2066 1736 codices

126 1771 315 1846 adiit,
369 1772 563 1830 morte
607 1769 933 1830 immatura
987 1767 1274 1843 abreptus
1321 1766 1417 1825 his
1464 1766 1590 1826 suis
1645 1768 2067 1832 collationibus

126 1874 310 1930 tanto
365 1868 572 1928 labore
627 1885 696 1928 ac
751 1868 968 1927 sudore
1023 1862 1374 1942 conquisitis
1429 1864 1560 1940 ipse
1618 1864 1712 1924 uti
1764 1867 2067 1943 nequiret:

130 1966 299 2046 quod
354 1985 423 2026 eo
476 1965 672 2044 magis
737 1964 1033 2040 dolemus,
1094 1981 1212 2040 quo
1266 1961 1526 2022 maiores
1586 1965 2066 2041 exspectationes

129 2067 229 2125 vir
278 2069 407 2125 tam
454 2064 703 2124 eximiae
749 2061 1099 2139 diligentiae
1144 2060 1496 2134 commovit,
1541 2061 1780 2122 etiamsi
1824 2068 2068 2139 praeter

130 2161 342 2222 varias
389 2161 661 2221 codicum
704 2160 992 2219 lectiones
1036 2159 1101 2216 in
1147 2157 1379 2217 scriniis
1435 2156 1565 2215 eius
1618 2158 1772 2216 nihil
1817 2159 1893 2218 ad
1939 2162 2062 2221 edi-

129 2260 366 2319 tionem
408 2258 665 2319 Diodori
720 2254 1055 2334 parandam
1106 2253 1256 2311 utile
1309 2252 1623 2311 inventum
1678 2256 1789 2313 est.
1878 2256 2066 2335 Berg..

1 2390 2 2417 l
128 2357 340 2418 manni
378 2356 729 2416 collationes
763 2371 874 2429 per
911 2351 1190 2411 Teubner
1224 2348 1618 2425 bibliopolam
1655 2349 1729 2410 de
1766 2353 2068 2431 scriptori·

130 2456 250 2515 bus
297 2454 570 2530 antiquis
625 2452 778 2511 bene
830 2450 1116 2509 meritum
1171 2449 1560 2508 conservatae
1612 2448 1878 2526 mihique
1924 2456 2066 2514 ante

130 2550 557 2628 duodeviginti
613 2567 849 2609 menses
893 2546 1157 2607 traditae
1203 2545 1281 2604 ad
1326 2561 1544 2603 novam
1597 2544 1921 2608 editionem
1967 2569 2065 2609 cu·

1 2634 2 2729 ]
128 2652 390 2712 randam
438 2647 664 2724 optimo
709 2646 960 2706 fuerunt
1005 2643 1367 2703 adiumento,
1461 2638 1654 2709 Quam
1699 2643 1775 2702 ob
1823 2662 2065 2707 causam

581 2771 730 2831 haec
775 2766 1025 2829 Diodori
1068 2764 1253 2825 editio
1298 2763 1620 2824 memoriae

698 2881 1047 2951 Richardi
1096 2880 1506 2959 Bergmann

932 3029 1104 3072 sacra
1147 3012 1280 3069 esto

298 3146 614 3218 tamquam
657 3137 1113 3197 monumentum
1159 3152 1231 3193 ex
1274 3129 1614 3191 hereditate
1658 3132 1903 3194 factum.

1769 3299 1814 3309 ᾳ

162 3381 601 3450 Norimbergae,
636 3377 780 3432 Nov.
811 3380 966 3430 1887.
1591 3363 1700 3421 Fr.
1738 3359 1974 3425 Vogel.

1672 3615 1746 3665 a*

726 3704 1274 3813 231625
