2569 4061
1050 288 1129 345 IV
1171 295 1253 344 ιτ.
1287 295 1369 344 18.
2030 291 2166 356 423

241 453 336 528 εἰς
389 450 607 535 μάχην
650 449 761 515 καὶ
819 447 1219 535 συμπλακεὶς
1271 450 1678 537 διέφθειρεν.
1771 454 2166 532 ἀκολούθως

244 553 317 622 δὲ
344 558 606 633 τούτοις
632 557 754 639 τὴν
791 553 915 640 μὲν
941 557 1208 641 Λιβύην
1243 561 1645 642 πλήθουσαν
1672 559 1923 646 ἀγρίων
1956 558 2162 650 ζῴων,

242 665 454 729 πολλὰ
507 674 642 730 τῶν
685 665 850 730 κατὰ
903 664 1026 748 τὴν
1072 666 1323 751 ἔρημον
1376 664 1601 750 χώραν
1654 668 2161 752 χειρωσάμενος,

243 768 678 857 ἐξημέρωσεν,
742 771 909 836 ὥστε
973 768 1085 836 καὶ
1147 773 1499 857 γεωργίαις
1560 770 1672 837 καὶ
1733 784 1878 849 ταῖς
1932 775 2163 854 ἄλλαις

183 894 214 935 5
244 878 542 959 φυτείαις
586 887 731 954 ταῖς
774 880 932 954 τοὺς
976 880 1273 963 καρποὺς
1312 878 1965 963 παρασκευαζούσαις
1999 884 2163 963 πλη-

246 989 549 1066 ρωθῆναι
602 984 857 1066 πολλὴν
912 979 1035 1067 μὲν
1089 981 1562 1067 ἀμπελόφυτον
1606 985 1860 1070 χώραν,
1905 985 2162 1067 πολλὴν

243 1086 304 1152 δ’
349 1088 778 1173 ἐλαιοφόρον·
823 1091 1128 1153 καθόλου
1165 1084 1239 1154 δὲ
1276 1089 1401 1173 τὴν
1435 1090 1702 1174 Λιβύην
1740 1091 1851 1156 διὰ
1886 1092 1961 1155 τὸ
1999 1095 2161 1173 πλῆ-

241 1202 370 1273 θος
394 1206 530 1260 τῶν
566 1196 729 1259 κατὰ
763 1194 888 1278 τὴν
922 1195 1147 1280 χώραν
1182 1198 1448 1278 θηρίων
1485 1195 2161 1282 ἀοίκητονπρότερον

240 1297 455 1380 οὖσαν
513 1299 928 1386 ἐξημερώσας
983 1301 1249 1384 ἐποίησε
1305 1303 1626 1386 μηδεμιᾶς
1674 1304 1893 1389 χώρας
1938 1303 2160 1369 εὐδαι-

157 1427 212 1467 10
239 1411 440 1494 μονίᾳ
466 1408 832 1471 λείπεσθαι.
898 1406 1143 1490 ὁμοίως
1180 1403 1254 1471 δὲ
1280 1404 1393 1483 καὶ
1423 1410 1581 1485 τοὺς
1607 1418 2159 1494 παρανομοῦντας
2197 1431 2232 1480 5

239 1513 646 1597 ἀνθρώπους
679 1509 721 1593 ἢ
752 1511 1086 1588 δυνάστας
1114 1510 1592 1597 ὑπερηφάνους
1620 1513 2010 1592 ἀποκτείνας
2044 1517 2160 1593 τὰς

238 1620 464 1694 πόλεις
509 1616 818 1701 ἐποίησεν
855 1616 1272 1701 εὐδαίμονας.
1340 1623 1802 1702 μυθολογοῦσι
1849 1618 1909 1684 δ’
1953 1621 2160 1686 αὐτὸν

241 1723 354 1787 διὰ
417 1731 614 1788 τοῦτο
679 1731 954 1807 μισῆσαι
1016 1721 1128 1788 καὶ
1198 1728 1568 1809 πολεμῆσαι
1628 1726 1703 1790 τὸ
1768 1722 1962 1807 γένος
2023 1736 2160 1791 τῶν

238 1828 491 1915 ἀγρίων
547 1832 810 1915 θηρίων
864 1827 978 1895 καὶ
1022 1832 1431 1915 παρανόμων
1476 1830 1775 1916 ἀνδρῶν,
1824 1831 1925 1896 ὅτι
1970 1831 2160 1897 παιδὶ

155 1953 208 1997 15
236 1932 359 2020 μὲν
397 1937 540 2000 ὄντι
577 1938 793 2025 νηπίω
832 1933 1079 2020 συνέβη
1126 1939 1284 2012 τοὺς
1322 1937 1511 2020 ὄφεις
1549 1935 1945 2020 ἐπιβούλους
1980 1937 2159 2027 αὐτῷ

236 2041 577 2126 γενέσθαι,
624 2042 1044 2130 ἀνδρωθέντι
1081 2040 1155 2108 δὲ
1199 2055 1429 2109 πεσεῖν
1463 2042 1591 2133 ὑπ’,
1614 2043 1922 2124 ἐξουσίαν
1958 2044 2160 2131 ὑπερ-

235 2149 505 2233 ηφάνου
532 2146 641 2213 καὶ
679 2148 917 2214 ἀδίκου
944 2149 1289 2235 μονάρχου
1316 2158 1439 2215 τοῦ
1474 2153 1632 2227 τοὺς
1660 2151 1916 2227 ἄθλους
1952 2167 2158 2237 προσ-

235 2255 602 2331 τάττοντος.

412 2363 605 2426 Μετὰ
660 2357 736 2426 δὲ
787 2362 907 2426 τὸν
946 2355 1250 2426 Ἀνταίου
1296 2362 1600 2427 θάνατον
1658 2364 2019 2448 παρελθὼν
2064 2365 2159 2440 εἰς
2181 2365 2266 2431 18

149 2485 209 2525 20
240 2471 585 2548 Αἴγυπτον
658 2466 877 2532 ἀνεῖλε
941 2468 1267 2552 Βούσιριν
1330 2468 1450 2533 τὸν
1522 2467 1796 2552 βασιλέα
1860 2469 2158 2549 ξενοκτο-

235 2579 486 2637 νοῦντα
521 2575 679 2650 τοὺς
713 2569 1352 2658 παρεπιδημοῦντας.
1418 2572 1683 2651 διεξιὼν
1728 2570 1803 2639 δὲ
1838 2574 1963 2658 τὴν
1999 2576 2158 2640 άνυ-

236 2680 405 2764 δρον
448 2686 566 2762 τῆς
610 2679 897 2763 Λιβύης,
952 2677 1066 2744 καὶ
1110 2679 1482 2765 περιτυχὼν
1529 2680 1712 2767 χώρᾳ
1767 2682 2157 2769 καταρρύτῳ

234 2782 345 2850 καὶ
371 2787 801 2874 καρποφόρῳ,
830 2788 1028 2850 πόλιν
1064 2788 1275 2850 ἔκτισε
1303 2788 1705 2870 θαυμαστὴν
1741 2795 1832 2874 τῷ
1862 2786 2157 2872 μεγέθει,

232 2891 357 2973 τὴν
393 2890 889 2976 ὀνομαζομένην
907 2888 1427 2976 Ἑκατόμπυλον,
1472 2883 1516 2978 ᾗ
1553 2895 1748 2958 ἔθετο
1792 2894 1917 2976 τὴν
1952 2909 2157 2979 προσ-

147 3013 205 3054 25
233 2999 518 3080 ηγορίαν
571 2996 698 3062 ἀπὸ
745 3006 867 3064 τοῦ
921 3000 1227 3081 πλήθους
1270 3008 1407 3063 τῶν
1450 2993 1595 3063 κατ’
1646 2998 1857 3082 αὐτὴν
1904 3001 2155 3062 πυλῶν.

234 3100 669 3186 διαμεμένηκε
735 3101 810 3169 δὲ
872 3103 914 3187 ἡ
977 3104 1220 3188 ταύτης
1271 3113 1388 3187 τῆς
1449 3107 1704 3180 πόλεως
1762 3102 2156 3190 εὐδαιμονία

232 3205 423 3294 μέχρι
477 3218 613 3274 τῶν
667 3208 1012 3295 νεωτέρων
1066 3220 1350 3293 καιρῶν,
1407 3209 1482 3275 ἐν
1535 3201 1637 3286 οἷς
1699 3209 2156 3293 Καρχηδόνιοι

231 3314 600 3399 δυνάμεσιν
637 3314 1011 3399 ἀξιολόγοις
1045 3314 1157 3382 καὶ
1203 3326 1596 3401 στρατηγοῖς
1633 3314 1916 3397 ἀγαθοῖς
1962 3328 2162 3399 στρα-

374 3477 407 3527 6
482 3471 638 3544 ὥραν
674 3474 806 3544 post
843 3467 1188 3542 ἐλαιοφόρον
1218 3471 1325 3527 OF
1396 3469 1598 3531 13,καὶ
1625 3469 1938 3540 πολεμῆσαι
1966 3486 2072 3525 om.
2105 3467 2156 3523 D

228 3547 300 3596 24
337 3536 406 3611 ἥς
443 3492 493 3597 ὗ
586 3548 656 3598 26
713 3541 958 3614 διέμεινε
996 3543 1050 3598 II
1141 3550 1207 3599 27
1247 3541 1333 3606 οἷς
1372 3540 1643 3609 Hertlein,
1683 3539 1767 3604 οἷς
1803 3541 1901 3595 καὶ
1936 3539 2083 3598 libri.
