2569 4061
1078 428 1103 479 Ι
1141 435 1189 482 4.
1231 435 1278 484 5.
1322 435 1367 481 6.
2129 431 2205 493 11

278 593 486 670 μεθα,
532 588 655 670 τὴν
711 586 1107 672 ἐπαγγελίαν
1153 599 1268 673 τῆς
1327 599 1591 676 γραφῆς
1635 594 1955 676 βεβαιοῦν
2003 591 2209 675 ἐγχει-

277 695 586 779 ρήσομεν.

460 870 628 958 Περὶ
665 870 787 956 μὲν
817 868 942 938 οὖν
978 879 1161 938 θεῶν
1188 876 1375 949 τίνας
1412 872 1676 949 ἐννοίας
1704 876 1898 958 ἔσχον
1937 875 2007 939 οἱ
2029 885 2205 961 πρῶ·
2248 876 2289 940 6

279 999 385 1040 τοι
438 980 933 1059 καταδείξαντες
987 990 1184 1064 τιμᾶν
1237 983 1313 1045 τὸ
1369 987 1600 1063 θεῖον,
1647 977 1759 1044 καὶ
1814 992 1948 1045 τῶν
1996 988 2209 1065 μυθο-

215 1102 246 1142 5
279 1083 707 1168 λογουμένων
761 1083 913 1171 περὶ
969 1084 1250 1151 ἑκάστου
1305 1097 1440 1150 τῶν
1496 1086 1889 1168 ἀθανάτων,
1954 1087 2034 1149 τὰ
2088 1084 2210 1169 μὲν

274 1192 490 1256 πολλὰ
549 1191 1007 1270 συντάξασθαι
1072 1194 1457 1277 παρήσομεν
1511 1188 1652 1257 κατ’
1709 1193 1891 1257 ἰδίαν
1959 1190 2071 1256 διὰ
2133 1194 2208 1257 τὸ

271 1299 397 1380 τὴν
460 1299 794 1364 ὑπόθεσιν
857 1299 1106 1384 ταύτην
1162 1304 1414 1364 πολλοῦ
1477 1302 1685 1382 λόγου
1740 1299 2208 1384 προσδεῖσθαι,

272 1404 397 1468 ὅσα
457 1403 517 1469 δ’
574 1404 658 1470 ἂν
721 1415 864 1481 ταῖς
926 1402 1388 1490 προκειμέναις
1444 1405 1763 1491 ἱστορίαις
1827 1407 2038 1471 οἰκεῖα
2096 1407 2208 1470 δό-

273 1509 488 1594 ξωμεν
542 1512 899 1597 ὑπάρχειν,
957 1514 1437 1597 παραθήσομεν
1492 1512 1566 1577 ἐν
1621 1516 2038 1595 κεφαλαίοις,
2092 1513 2205 1577 ’ἵνα

160 1638 232 1687 10
271 1614 486 1700 μηδὲν
541 1629 676 1682 τῶν
733 1618 933 1699 ἀκοῆς
995 1617 1198 1696 ἀξίων
1263 1616 1653 1700 ἐπιζητῆται.
1744 1618 1895 1705 περὶ
1953 1615 2026 1683 δὲ
2082 1627 2204 1684 τοῦ
2243 1641 2276 1689 2

191 2170 243 2209 15
272 2172 478 2232 μενοι.

185 1742 240 1779 11
271 1721 515 1804 γένους
561 1733 696 1786 τῶν
743 1722 1056 1787 ἁπάντων
1103 1723 1482 1807 ἀνθρώπων
1535 1721 1649 1787 καὶ
1694 1734 1827 1788 τῶν
1872 1725 2205 1810 πραχθέν-

273 1851 412 1892 των
469 1827 542 1891 ἐν
588 1837 730 1903 τοῖς
782 1825 1293 1913 γνωριζομένοις
1347 1826 1574 1913 μέρεσι
1628 1837 1745 1910 τῆς
1792 1827 2204 1913 οἰκουμένης,

271 1934 365 2009 ὡς
411 1932 496 1997 ἂν
543 1931 884 2018 ἐνδέχηται
929 1932 1083 2019 περὶ
1136 1946 1269 1999 τῶν
1317 1934 1492 1999 οὕτω
1538 1939 1873 2017 παλαιῶν,
1922 1933 2207 2020 ἀκριβῶς

271 2040 746 2127 ἀναγράψομεν
803 2041 930 2106 ἀπὸ
987 2053 1122 2106 τῶν
1178 2040 1632 2127 ἀρχαιοτάτων
1685 2044 1951 2128 χρόνων
2018 2041 2206 2128 ἀρξά-

572 2145 723 2234 περὶ
768 2158 882 2232 τῆς
936 2150 1199 2234 πρώτης
1243 2151 1478 2214 τοίνυν
1533 2145 1854 2231 γενέσεως
1899 2159 2034 2213 τῶν
2084 2148 2197 2214 ἀν-
2237 2173 2270 2220 3

270 2254 566 2340 θρώπων
615 2253 827 2319 διτταὶ
863 2258 1220 2338 γεγόνασιν
1267 2255 1636 2337 ἀποφάσεις
1682 2256 1860 2338 παρὰ
1905 2265 2045 2330 τοῖς
2091 2280 2200 2320 νο-

273 2362 670 2445 μιμωτάτοις
714 2372 844 2426 τῶν
892 2385 962 2424 τε
1002 2362 1433 2443 φυσιολόγων
1481 2357 1592 2423 καὶ
1638 2370 1773 2423 τῶν
1822 2362 2201 2445 ἱστορικῶν·

274 2467 343 2531 οὗ
374 2465 494 2551 μὲν
529 2470 658 2553 γὰρ
707 2467 929 2531 αὐτῶν
968 2464 1337 2550 ἀγέννητον
1374 2462 1482 2529 καὶ
1522 2466 1878 2550 ἄφθαρτον
1914 2466 2203 2551 ὑποστη-

273 2574 548 2657 σάμενοι
593 2575 712 2639 τὸν
756 2576 1031 2659 κόσμον,
1080 2573 1507 2657 ἀπεφήναντο
1545 2570 1658 2636 καὶ
1703 2573 1776 2636 τὸ
1824 2570 2017 2656 γένος
2064 2586 2202 2639 τῶν

194 2701 248 2742 20
275 2678 652 2765 ἀνθρώπων
691 2678 755 2757 ἐξ
796 2681 1037 2755 αἰῶνος
1072 2678 1415 2764 ὑπάρχειν,
1459 2676 1785 2762 μηδέποτε
1822 2688 1938 2762 τῆς
1976 2679 2200 2746 αὐτῶν

271 2787 648 2862 τεκνώσεως
713 2784 922 2870 ἀρχὴν
987 2785 1365 2870 ἐσχηκυίας·
1431 2786 1501 2849 οἱ
1563 2781 1635 2849 δὲ
1700 2788 2023 2870 γεννητὸν
2087 2786 2199 2852 καὶ

275 2893 586 2977 φθαρτὸν
650 2886 822 2956 εἶναι
880 2895 1273 2977 νομίσαντες
1338 2893 1597 2975 ἔφησαν
1662 2891 1905 2976 ὁμοίως
1970 2891 2199 2978 ἐκείνῳ

272 3002 428 3075 τοὺς
483 2997 888 3084 ἀνθρώπους
932 3008 1157 3082 τυχεῖν
1211 3006 1327 3081 τῆς
1372 2999 1633 3084 πρώτης
1678 2998 1998 3080 γενέσεως
2045 2999 2200 3083 ὠρι-

272 3104 540 3189 σμένοις
584 3108 865 3191 χρόνοις.

410 3271 447 3317 4
484 3264 653 3333 τιμᾶν
691 3281 799 3320 om.
839 3264 888 3317 D
1050 3262 1148 3317 καὶ
1185 3262 1316 3332 περὶ
1353 3262 1464 3316 τῶν
1502 3262 2022 3332 μυθολογουμένων
2064 3254 2193 3312 ἑκά-

272 3354 401 3393 στου
451 3334 671 3390 codioes
721 3337 802 3403 (et
845 3334 1049 3388 Euseb.
1097 3350 1289 3403 praep.
1330 3350 1412 3387 ev.
1461 3332 1487 3385 I
1526 3338 1586 3402 7,
1627 3335 1709 3402 1);
1767 3349 1905 3387 corr.
1953 3328 2203 3408 Dim-torf

273 3405 363 3475 (of.
403 3406 481 3461 IV
524 3411 580 3472 6,
624 3407 675 3476 1)
821 3411 852 3460 6
908 3404 1237 3474 παρήσομεν
1294 3404 1552 3472 Madvig,
1608 3399 2006 3472 πειρασόμεθα
2060 3397 2195 3480 11ng

273 3482 305 3531 8
344 3475 531 3532 οἰκεῖα
569 3474 779 3546 scripsi,
822 3471 1047 3531 ἐοικότα
1085 3476 1217 3530 libri
1366 3480 1430 3528 16
1470 3469 1626 3542 παρὰ
1664 3477 1781 3533 τοῖς
1819 3468 2197 3550 ὀνομαστοτα-

271 3566 386 3610 τοις
427 3546 527 3603 καὶ
563 3544 970 3616 νομιμωτάτοις
1005 3547 1055 3600 D
1211 3551 1279 3599 22
1328 3539 1636 3612 ἄφθαρτον
1677 3542 1743 3606 03
1792 3536 1890 3592 καὶ
1927 3541 2195 3605 φθαρτον

271 3617 482 3743 oni‘tF‘
563 3623 629 3672 22
671 3615 870 3692 ἐκείνῳ
906 3618 1257 3682 Rhodoman‚
1299 3610 1540 3673 ἐκείνοις
1580 3610 1818 3672 οοᾶίοθε,
1859 3602 2058 3676 ἐκείνῳ
2096 3605 2198 3658 καὶ

323 3707 352 3744 e
436 3706 540 3744 em.
