2569 4061
384 298 517 364 300
1049 293 1359 351 DIODORI
1396 293 1630 350 SICULI

382 458 811 544 πονηθέντες,
868 458 1030 523 ὅταν
1081 469 1218 523 τῶν
1272 458 1586 542 ὀμμάτων
1644 452 2319 543 ἀπογλαυκωθέντων

381 570 457 632 τὸ
522 575 709 648 σῶμα
782 570 1076 649 στερηθῇ
1142 572 1257 646 τῆς
1323 563 1687 646 ἀναγκαίας
1743 561 1818 628 ἐκ
1880 563 2123 645 ταύτης
2194 572 2318 646 τῆς

384 672 760 755 αἰσθήσεως
803 673 1041 757 χρείας.

275 777 363 842 25
569 779 709 862 Τὴν
765 774 838 844 δὲ
894 776 1039 862 ἑξῆς
1093 776 1318 862 χώραν
1371 786 1509 841 τῶν
1553 777 1911 842 Αἰθιόπων
1958 772 2315 860 ἐπέχουσιν

383 884 455 949 οί
511 886 914 969 καλούμενοι
983 884 1312 965 Κυνηγοί,
1378 882 1740 967 σύμμετροι
1813 877 1936 966 μὲν
1996 883 2161 947 κατὰ
2233 882 2312 946 τὸ
2352 897 2381 938 ⁵

382 997 674 1074 πλῆθος,
745 993 899 1074 βίον
965 987 1025 1055 δ’
1090 991 1341 1056 οἰκεῖον
1404 991 1667 1074 ἔχοντες
1731 997 1812 1074 τῇ
1875 990 2314 1075 προσηγορία.

382 1098 771 1184 θηριώδους
840 1096 968 1180 γὰρ
1043 1096 1250 1179 οὔσης
1321 1104 1438 1180 τῆς
1509 1096 1726 1180 χώρας
1797 1093 1910 1160 καὶ
1974 1099 2316 1170 παντελῶς

384 1209 666 1288 λυπρᾶς,
713 1204 810 1266 ἔτι
856 1197 929 1267 δὲ
974 1201 1244 1268 ὑδάτων
1301 1202 1526 1289 ῥύσεις
1568 1203 1981 1286 ναματιαίων
2031 1200 2315 1285 ἐχούσης

385 1309 642 1391 ὀλίγας,
697 1308 1111 1373 καθεύδουσι
1166 1304 1289 1392 μὲν
1335 1305 1442 1374 ἐπὶ
1495 1319 1630 1375 τῶν
1677 1307 1980 1393 δένδρων
2037 1308 2149 1372 διὰ
2192 1308 2314 1372 τὸν

385 1413 514 1480 ἀπὸ
560 1424 695 1479 τῶν
740 1417 1003 1500 θηρίων
1050 1416 1291 1498 φόβον,
1336 1414 1468 1481 ὑπὸ
1517 1411 1591 1480 δὲ
1635 1416 1759 1499 τὴν
1805 1413 2104 1496 ἑωθινὴν
2148 1414 2317 1499 πρὸς
2347 1433 2403 1473 ιο

386 1522 501 1597 τὰς
556 1521 914 1606 συρρύσεις
965 1532 1102 1586 τῶν
1145 1521 1416 1586 ὑδάτων
1471 1516 1623 1606 μεθ’
1677 1520 1900 1586 ὅπλων
1950 1530 2317 1605 φοιτῶντες

386 1626 667 1705 ἑαυτοὺς
703 1627 1204 1714 ἀποκρύβουσιν
1230 1629 1328 1704 εἰς
1362 1629 1486 1711 τὴν
1511 1627 1684 1711 ὕλην
1719 1626 1832 1693 καὶ
1869 1628 2316 1693 σκοπεύουσιν

316 1752 347 1800 2
388 1732 495 1801 ἐπὶ
530 1746 666 1801 τῶν
695 1734 1013 1821 δένδρων.
1078 1735 1243 1801 κατὰ
1282 1730 1357 1799 δὲ
1383 1735 1504 1799 τὸν
1537 1743 1660 1799 τοῦ
1686 1735 2021 1819 καύματος
2056 1737 2314 1818 καιρόν,

387 1841 766 1927 ἐρχομένων
810 1845 992 1925 βοῶν
1038 1864 1105 1905 τε
1146 1840 1401 1924 ἀγρίων
1444 1838 1555 1905 καὶ
1600 1842 1997 1926 παρδάλεων
2030 1838 2139 1904 καὶ
2177 1851 2315 1904 τῶν

387 1949 609 2015 ἄλλων
653 1950 920 2035 θηρίων
975 1949 1280 2030 πλήθους
1326 1948 1491 2034 πρὸς
1535 1949 1610 2013 τὸ
1657 1950 1893 2033 ποτόν,
1938 1953 2140 2011 ταῦτα
2187 1940 2313 2029 μὲν
2346 1964 2404 2004 15

388 2056 501 2121 διὰ
562 2057 688 2140 τὴν
749 2055 1130 2141 ὑπερβολὴν
1191 2062 1314 2120 τοῦ
1374 2078 1444 2120 τε
1506 2055 1840 2139 καύματος
1897 2053 2009 2120 καὶ
2072 2054 2316 2131 δίψους

388 2162 650 2247 λάβρως
684 2159 1134 2248 προσφέρεται
1177 2162 1252 2226 τὸ
1290 2160 1526 2247 ὑγρόν,
1571 2159 1763 2245 μέχρι
1808 2159 1894 2225 ἂν
1939 2159 2313 2245 ἐμπλησθῇ,

388 2269 460 2333 οἱ
502 2266 561 2334 δ’
600 2271 949 2353 Αὐθίοπες,
996 2267 1378 2352 γενομένων
1425 2268 1646 2333 αὐτῶν
1690 2265 1953 2353 βαρέων
1996 2264 2108 2331 καὶ
2155 2267 2314 2331 δυσ-

384 2378 699 2459 κινήτων,
743 2375 1251 2458 καταπηδῶντες
1297 2373 1426 2440 ἀπὸ
1470 2385 1606 2439 τῶν
1653 2372 1956 2460 δένδρων
1990 2372 2103 2439 καὶ
2146 2374 2314 2458 χρώ-

388 2506 579 2566 μενοι
635 2481 856 2559 ξύλοις
910 2478 1533 2566 πεπυρακτωμένοις
1587 2479 1701 2547 καὶ
1764 2484 2019 2564 λίθοις,
2087 2483 2184 2545 ἔτι
2241 2476 2313 2544 δὲ
2341 2496 2395 2536 2⁰

317 2603 350 2652 3
388 2585 771 2669 τοξεύμασι,
829 2586 1077 2673 ῥαδίως
1128 2596 1599 2652 καταπονοῦσι.
1703 2588 1868 2653 κατὰ
1935 2583 2008 2653 δὲ
2074 2589 2313 2670 συστή-

388 2713 559 2776 ματα
594 2692 863 2768 ταύταις
897 2692 1228 2777 χρώμενοι
1254 2703 1400 2769 ταῖς
1435 2696 1783 2777 κυνηγίαις
1811 2701 2313 2779 σαρκοφαγοῦσι

386 2800 469 2863 τά
513 2796 881 2882 ληφθέντα,
927 2795 1040 2863 καὶ
1085 2802 1382 2877 σπανίως
1426 2796 1550 2885 μὲν
1593 2799 1725 2865 ὑπὸ
1769 2810 1905 2865 τῶν
1951 2799 2313 2885 ἀλκιμωτά-

388 2928 525 2971 των
572 2900 756 2992 ζςόων
802 2902 995 2969 αὐτοὶ
1040 2905 1578 2992 διαφθείρονται,
1628 2906 1709 2970 τὰ
1756 2902 1832 2970 δὲ
1876 2907 2090 2971 πολλὰ
2136 2907 2310 2992 δόλῳ

318 3029 352 3078 4
389 3014 513 3098 τὴν
558 3013 631 3079 ἐκ
675 3014 824 3097 βίας
867 3010 1204 3098 ὑπεροχὴν
1248 3022 1644 3099 χειροῦνται.
1718 3011 1837 3077 ἐὰν
1875 3012 1956 3077 δέ
1984 3033 2144 3078 ποτε
2179 3024 2313 3077 τῶν
2338 3025 2391 3068 25

388 3118 909 3205 κυνηγουμένων
947 3115 1131 3206 ζῴων
1169 3122 1552 3203 σπανίζωσι,
1589 3120 1705 3195 τὰς
1744 3119 1948 3204 δορὰς
1983 3129 2118 3183 τῶν
2153 3121 2312 3204 πρό-

388 3249 586 3312 τερον
652 3225 1063 3310 εἰλημμένων
1115 3224 1466 3312 βρέξαντες
1531 3223 1946 3290 ἐπιτιθέασιν
2011 3222 2118 3290 ἐπὶ
2179 3234 2310 3308 πῦρ
2441 3295 2451 3314 Ι

392 3330 672 3396 ἁπαλόν·
748 3333 1185 3409 σποδίσαντες
1258 3329 1334 3397 δὲ
1396 3333 1511 3408 τὰς
1582 3334 1808 3418 τρίχας
1870 3332 1951 3396 τα
2026 3330 2312 3417 δέρματα

409 3543 426 3564 ‚
485 3490 567 3566 ἱ4
612 3486 726 3539 τῶν
776 3446 1088 3541 ᾱοιζοίηᾱ.
1229 3493 1295 3541 12
1342 3483 1527 3553 ἀποκρ
1529 3504 1642 3540 vn
1613 3504 1805 3573 ιιρυσν
1845 3484 1953 3542 oF
2077 3492 2143 3542 13
2191 3482 2310 3559 ἐπὶ]

391 3566 507 3601 ano
545 3552 608 3602 F
747 3559 813 3607 17
851 3553 1061 3625 λάβρον
1099 3555 1148 3609 D
1295 3563 1362 3611 23
1401 3554 1540 3627 ὑπὸ]
1579 3553 1667 3609 δι
1616 3576 1675 3611 ια
1716 3556 1774 3612 O.
