2569 4061
650 420 747 476 DE
799 418 1146 476 SERMONE
1182 419 1578 477 DIODOREO.
1902 419 2090 475 XXXI

160 587 445 664 scriptum
498 582 555 647 κ’
614 587 851 648 librarii
905 605 1095 665 saepe
1142 591 1458 648 mutarunt
1507 590 1573 649 in
1630 589 1763 665 καί,
1806 591 1881 648 ut
1924 586 2087 663 apud

161 683 566 748 Plutarchum.
667 685 844 745 Alius
903 684 1064 745 enim
1129 685 1367 763 generis
1434 684 1675 746 videtur
1742 690 1842 765 12,
1892 687 1997 764 20,
2045 686 2086 744 2

157 780 396 843 πάντων
439 789 558 843 τῶν
603 780 670 843 ἐν
712 784 795 868 τῷ
838 781 952 866 βίῳ
989 784 1189 842 καλῶν
1226 777 1329 840 καὶ
1365 776 1618 862 ἀγαθῶν
1654 782 1894 856 αἰτίους.
1906 778 1976 862 *)

335 878 726 941 Contraxit
780 880 991 958 etiam,
1055 897 1176 939 non
1233 879 1442 953 solvit,
1502 878 1801 941 Diodorus
1857 881 2090 940 formas

156 976 594 1039 adiectivorum
638 977 701 1037 in
747 996 863 1054 εος,
908 996 1019 1037 1166
1056 976 1298 1052 scripsit
1342 974 1588 1054 χάλκεος
1636 979 1690 1046 1,
1732 979 1835 1054 96,
1876 980 1932 1052 9,
1977 977 2087 1036 ubi

155 1069 451 1151 χαλκέοιςς
498 1076 556 1148 2,
603 1074 663 1148 8,
714 1076 771 1150 7,
826 1074 935 1134 ubi
977 1071 1214 1151 χάλκεαι
1262 1066 1498 1154 (χαλκαὶ
1521 1070 1625 1132 ἀἱ
1662 1067 1775 1153 D);
1832 1076 1936 1150 12,
1986 1075 2092 1150 10,

159 1172 213 1246 6,
259 1171 371 1230 ubi
424 1169 708 1250 χάλκεον,
773 1170 881 1230 sed
924 1174 1205 1249 χαλκοῦς,
1257 1176 1330 1231 ut
1385 1172 1523 1231 aliis
1578 1171 1724 1231 locis
1769 1169 1980 1230 multis
2026 1173 2092 1229 et

153 1267 264 1328 hoc
330 1270 397 1328 et
456 1263 757 1348 ἀργυροῦς
823 1266 1107 1347 σιδηροῦς
1169 1276 1454 1348 χρυσοῦς,
1521 1273 1586 1329 et
1649 1273 1924 1328 κυανοῦν
1977 1286 2088 1344 pro

159 1363 421 1425 κυάνεον
480 1385 553 1425 ex
610 1365 855 1441 optimis
914 1366 1264 1425 restitutum
1311 1368 1381 1446 4,
1431 1370 1544 1444 22,
1596 1370 1651 1426 1.
1740 1364 1912 1425 Idem
1969 1382 2095 1425 non

159 1461 418 1539 scripsit,
453 1465 523 1521 ut
561 1465 657 1522 est
691 1463 755 1522 in
782 1462 972 1539 libris,
1007 1460 1354 1540 βαθύπλοοι
1393 1465 1490 1524 vel
1518 1464 1667 1524 adeo
1696 1462 2093 1542 βαθύπλοιοι,

158 1560 262 1620 sed
312 1560 609 1620 contraxit
653 1558 964 1638 βαθύπλοι
1011 1563 1070 1638 3,
1107 1563 1212 1638 40,
1250 1563 1311 1634 4,
1357 1563 1427 1620 ut
1472 1557 1734 1640 αἰγιαλὸς
1783 1557 2091 1639 δυσπαρά-

156 1660 347 1728 πλους
405 1658 464 1733 3,
509 1659 615 1732 44,
661 1658 704 1715 4
750 1660 813 1716 et
861 1659 964 1734 12,
1008 1659 1114 1734 48,
1165 1660 1200 1714 1
1259 1655 1480 1729 πολλὰς
1533 1654 1787 1734 ἄπλους,
1843 1660 1918 1718 (16
1972 1676 2090 1734 quo

158 1751 284 1813 dixi
353 1749 433 1809 ad
483 1737 661 1812 Thes'.
720 1750 1015 1826 Stephani
1068 1771 1126 1812 v.
1163 1747 1443 1823 unam.
1534 1754 1618 1812 Et
1679 1755 1845 1814 haud
1908 1755 2092 1814 dubio

156 1845 456 1926 πυρίπνοι
511 1847 579 1923 4,
634 1849 746 1926 47,
806 1849 873 1923 3,
935 1847 1043 1906 ubi
1112 1848 1254 1907 libri
1325 1848 1677 1927 πυρίπνοοι,
1747 1851 2093 1927 pariterque

157 1939 458 2026 πυρπνόῳ
525 1944 581 2019 6,
630 1946 686 2021 7,
734 1945 793 2018 8,
846 1942 954 2003 ubi
1007 1943 1189 2004 etiam
1253 1967 1276 2005 ι
1340 1944 1517 2007 modo
1581 1946 1852 2006 additum
1918 1947 2095 2006 modo

162 2046 454 2104 omissum
497 2042 790 2103 librorum
835 2042 1111 2123 coarguit
1151 2045 1376 2104 malam
1421 2044 1627 2124 fidem,
1674 2047 1745 2105 ut
1790 2043 2101 2115 δύσπνους

163 2139 463 2203 contraxit
512 2142 570 2217 3,
622 2144 721 2218 17,
769 2142 829 2203 5.
920 2142 1132 2219 Neque
1179 2141 1431 2203 curandi
1490 2146 1632 2202 sunt
1673 2162 1750 2203 ne
1796 2141 1959 2218 apud
2002 2160 2094 2201 re-

165 2238 464 2298 centiores
509 2238 748 2315 quidem
803 2240 1039 2299 librarii
1083 2240 1234 2300 haec
1279 2238 1482 2298 omnia
1526 2240 1859 2299 distrahere
1910 2238 2096 2312 soliti,

166 2338 235 2395 ut
285 2334 390 2395 vel
443 2334 688 2410 optimis
739 2336 804 2394 in
857 2335 1032 2395 libris
1084 2335 1470 2412 reperiantur
1526 2334 1881 2412 depravata,
1927 2335 2104 2394 velut

167 2431 462 2493 Vaticano
506 2430 786 2509 Dionysii
829 2432 902 2493 A.
939 2433 1009 2491 R.
1061 2435 1118 2508 1,
1166 2433 1250 2493 59
1300 2432 1419 2505 fin.,
1466 2430 1708 2509 χάλκεα,
1762 2435 1833 2490 ut
1883 2436 1938 2506 1,
1980 2431 2101 2505 793

172 2530 227 2603 2,
283 2530 392 2606 54,
451 2530 553 2606 70,
609 2548 793 2605 (11111111
847 2525 1129 2608 ἀργυροῖς
1181 2525 1284 2588 καὶ
1336 2532 1575 2607 χρυσοῖς
1629 2529 1711 2590 sit
1768 2532 1825 2608 2,
1876 2531 1980 2605 23,
2034 2531 2104 2588 et

166 2625 467 2686 Vaticano
514 2624 829 2686 Strabonis
872 2628 973 2706 15,
1009 2646 1067 2703 p.
1110 2628 1257 2702 703,
1304 2624 1728 2705 λιβανοχρόους
1771 2646 1880 2703 pro
1928 2626 2096 2705 λιβα-
2163 2668 2166 2672 -

169 2720 445 2802 νόχρους,
487 2724 559 2781 ut
594 2723 754 2799 apud
789 2723 1256 2784 Demosthenem
1293 2720 1616 2808 ἕτεροπλόῳ
1662 2744 1771 2802 pro
1809 2721 2100 2807 ἑτερόπλῳ

172 2822 233 2879 et
278 2818 691 2895 Thucydidem
736 2816 966 2880 εὖνόων
1001 2838 1111 2897 pro
1157 2816 1375 2900 εὔνων,
1422 2824 1484 2882 et
1522 2822 1644 2881 alia
1690 2823 1881 2882 multa
1915 2823 2100 2881 huius

172 2915 441 2993 generis,
488 2916 560 2975 de
607 2916 828 2992 quibus
876 2916 997 2976 dixi
1041 2919 1230 2994 praef.
1277 2918 1355 2979 ad
1400 2919 1668 2995 Xenoph.
1715 2919 1907 2978 Anab.
1945 2939 2004 2996 p.
2041 2918 2099 2978 X

176 3013 264 3076 ed.
308 3011 436 3090 Ox.,
482 3012 589 3072 ubi
634 3008 839 3074 εὔνοοι
883 3012 946 3074 C.
981 3033 1071 3090 pr.
1110 3017 1168 3088 2,
1209 3016 1270 3095 4,
1309 3018 1413 3078 16.
1551 3030 1555 3036 ’

352 3110 524 3172 Idem
575 3110 876 3173 Diodorus
938 3131 1060 3173 non
1122 3113 1272 3172 dixit
1332 3109 1516 3191 ἠιών,
1580 3113 1685 3173 sed
1746 3107 1907 3197 ᾐών,
1977 3134 2103 3176 non

175 3210 513 3288 ληίζεσθαι,
579 3208 741 3287 (111οᾶ
795 3209 939 3270 libri
997 3212 1344 3271 constanter
1402 3211 1586 3270 etiam
1648 3210 1808 3286 apud
1861 3210 2104 3271 Atticos

175 3308 487 3385 praebent,
535 3307 639 3366 sed
674 3301 979 3391 λῄζεσθαι,
1023 3309 1096 3366 ut
1131 3305 1361 3391 λῃστής.
1432 3308 1641 3385 Neque
1677 3303 1833 3385 πρωὶ
1864 3310 1966 3382 17,
1995 3309 2099 3376 37,

181 3406 237 3481 3,
286 3403 394 3464 sed
430 3396 590 3488 πρῴς
636 3420 831 3480 neque
867 3399 1187 3489 περιῄεσαν
1239 3408 1295 3484 1,
1338 3407 1437 3482 72,
1478 3408 1543 3482 23
1591 3397 1849 3487 ἐπῄεσαν
1895 3403 1956 3480 4,
2000 3402 2102 3470 12,

179 3502 247 3577 53
298 3503 401 3580 13,
431 3502 535 3576 80,
568 3503 633 3579 33
678 3497 948 3585 ἀπῄεσαν
997 3505 1099 3580 19,
1131 3503 1231 3581 68,
1264 3505 1299 3561 1
1352 3505 1414 3561 et
1459 3500 1622 3576 alibi,
1670 3498 1775 3558 sed
1806 3527 1883 3537 —
1916 3502 2101 3575 ᾖσαν;

320 3626 371 3696 *)
407 3620 688 3696 τοῦνομα,
742 3622 1093 3697 τούμφανές,
1142 3621 1415 3694 τούπίσω,
1462 3619 1889 3691 τοῦμπροσθεν,
1938 3607 2113 3667 κάκεῖ

181 3705 342 3763 addit
377 3705 623 3762 Kaelker
657 3724 713 3776 p.
754 3713 874 3766 312.
