2569 4061
356 337 489 402 394
1032 337 1338 395 DIODORI
1374 337 1604 395 SICULI

354 498 737 586 πραχθέντα
797 499 1290 585 συνταξάμενος
1346 501 1597 585 ταύτην
1658 500 1867 587 ἀρχὴν
1928 501 2289 585 ἐποιήσατο

355 616 473 689 τῆς
531 606 842 690 ἱστορίας.
934 607 1179 691 ὁμοίως
1244 603 1319 672 δὲ
1376 608 1590 697 τούτῳ
1647 607 2115 692 Καλλισθένης
2170 608 2288 674 καὶ

357 712 768 798 Θεόπομπος,
814 715 981 780 κατὰ
1014 715 1138 798 τὴν
1176 714 1385 797 αὐτὴν
1420 714 1685 798 ἡλικίαν
1720 716 2088 797 γεγονότες,
2129 714 2287 780 ἀπέ-

285 840 319 887 4
357 832 609 901 στησαν
662 830 799 885 τῶν
851 824 1154 887 παλαιῶν
1208 820 1466 904 μύθων.
1558 820 1747 904 ἡμεῖς
1803 816 1875 885 δὲ
1922 822 2044 904 τὴν
2091 820 2286 886 ε’ναν-

355 927 506 990 τίαν
560 927 822 1003 τούτοις
873 930 1098 1012 κρίσιν
1152 928 1442 1011 ἔχοντες,
1499 924 1609 992 καὶ
1661 929 1782 992 τὸν
1838 926 1909 991 ἐκ
1960 935 2078 1010 τῆς
2124 927 2285 992 ἀνα·
2314 952 2344 992 5

354 1041 619 1117 γραφῆς
671 1036 884 1098 πόνον
942 1033 1380 1115 ὑποστάντες,
1442 1035 1564 1117 τὴν
1624 1042 1844 1098 πᾶσαν
1905 1031 2282 1117 ἐπιμέλειαν

355 1136 812 1225 ἐποιησάμεθα
869 1147 985 1221 τῆς
1045 1138 1528 1224 ἀρχαιολογίας.
1620 1139 1922 1223 μέγισται
1981 1140 2108 1225 γὰρ
2167 1136 2281 1204 καὶ

352 1248 653 1309 πλεῖσται
709 1242 1286 1327 συνετελέσθησαν
1340 1246 1608 1332 πράξεις
1659 1245 1790 1310 ὑπὸ
1845 1256 1981 1311 τῶν
2039 1246 2282 1332 ἡρώων

352 1372 422 1414 τε
479 1347 590 1413 καὶ
647 1348 952 1433 ἡμιθέων
1010 1348 1122 1415 καὶ
1180 1357 1449 1417 πολλῶν
1509 1354 1730 1417 ἄλλων
1791 1352 2060 1435 ἀνδρῶν
2120 1352 2279 1434 ἀγα-

350 1461 525 1519 θῶν·
592 1450 689 1520 ὧν
749 1456 862 1520 διὰ
918 1458 1034 1534 τὰς
1086 1459 1319 1534 κοινὰς
1373 1458 1753 1545 εὐεργεσίας
1810 1459 1881 1522 οί
1920 1458 2267 1542 μεταγενέ-
2282 1489 2398 1537 24⁷

353 1577 575 1646 στεροι
611 1564 768 1640 τοὺς
813 1559 937 1647 μὲν
983 1563 1301 1648 ἰσοθέοις,
1346 1566 1505 1641 τοὺς
1543 1562 1603 1630 δ’
1647 1565 1964 1650 ἡρωικαῖς
2006 1567 2283 1643 θυσίαις
2312 1593 2366 1631 11

353 1667 693 1753 ἐτίμησαν,
730 1670 981 1747 πάντας
1011 1666 1073 1736 δ’
1107 1670 1143 1737 ὁ
1180 1680 1296 1754 τῆς
1333 1672 1626 1757 ἱστορίας
1664 1675 1860 1754 λόγος
1896 1683 2034 1748 τοῖς
2069 1675 2283 1755 καθή-

281 1800 314 1848 5
351 1792 590 1842 κουσιν
635 1776 933 1854 ἐπαίνοις
979 1780 1074 1854 εἰς
1117 1780 1236 1843 τὸν
1273 1779 1486 1842 αἰῶνα
1520 1779 1973 1862 καθύμνησεν.
2048 1778 2121 1843 ἐν
2157 1775 2281 1864 μὲν

353 1879 477 1949 οὖν
536 1895 680 1961 ταῖς
733 1886 861 1970 πρὸ
917 1884 1158 1967 ταύτης
1213 1885 1471 1967 βίβλοις
1529 1882 1751 1970 τρισὶν
1811 1884 2277 1970 ἀνεγράψαμεν

350 1991 467 2069 τὰς
501 1992 681 2078 παρὰ
706 2000 847 2068 τοῖς
872 1991 1100 2068 ἄλλοις
1127 1991 1359 2056 ἔθνεσι
1377 1990 1987 2082 μυθολογουμένας
2011 1989 2276 2078 πράξεις
2306 2016 2365 2057 15

349 2096 462 2164 καὶ
514 2100 594 2163 τὰ
649 2096 800 2185 περὶ
854 2104 1039 2163 θεῶν
1093 2091 1248 2182 παρ’
1303 2097 1529 2174 αὐτοῖς
1585 2098 2057 2184 ἱστορούμενα,
2111 2100 2278 2184 πρὸς

352 2202 428 2270 δὲ
471 2206 734 2282 τούτοις
777 2207 892 2282 τὰς
938 2207 1340 2281 τοποθεσίας
1384 2213 1500 2287 τῆς
1537 2199 1691 2291 παρ’
1726 2203 2026 2282 ἑκάστοις
2061 2207 2279 2290 χώρας

350 2310 460 2378 καὶ
513 2313 596 2377 τὰ
651 2315 957 2398 φυόμενα
1001 2309 1155 2398 παρ’
1210 2312 1438 2388 αὐτοῖς
1481 2314 1691 2396 θηρία
1735 2309 1846 2376 καὶ
1889 2313 2098 2377 τᾶλλα
2147 2316 2276 2401 ζῷα

349 2417 461 2484 καὶ
504 2422 807 2485 καθόλου
852 2420 1068 2484 πάντα
1114 2419 1194 2482 τὰ
1241 2419 1504 2503 μνήμης
1547 2416 1706 2505 ζάξια
1750 2416 1863 2483 καὶ
1907 2420 2276 2506 παραδοξο-

349 2527 727 2610 λογούμενα
786 2526 1168 2606 διεξιόντες,
1231 2524 1306 2589 ἐν
1364 2526 1571 2609 ταύτῃ
1632 2521 1706 2590 δὲ
1764 2526 1845 2589 τὰ
1902 2527 2080 2612 παρὰ
2135 2537 2278 2604 τοϊς
2304 2551 2359 2590 20

336 2629 653 2714 Ἕλλησιν
711 2631 1151 2716 ἱστορούμενα
1204 2631 1371 2695 κατὰ
1425 2632 1582 2706 τοὺς
1630 2630 1948 2717 ἀρχαίους
1991 2634 2278 2718 χρόνους

350 2734 501 2820 περὶ
559 2747 696 2801 τῶν
760 2735 1303 2819 ἐπιφανεστάτων
1366 2736 1606 2822 ἡρώων
1670 2760 1736 2802 τε
1799 2735 1910 2803 καὶ
1972 2737 2276 2823 ἡμιθέων

347 2840 459 2909 καὶ
495 2845 796 2913 καθόλου
833 2853 969 2907 τῶν
1005 2843 1171 2908 κατὰ
1206 2845 1500 2927 πόλεμον
1537 2842 1888 2927 ἀξιόλογόν
1922 2868 1986 2909 τι
2021 2868 2277 2930 κατειρ-

351 2949 723 3036 γασμένων,
762 2948 1005 3034 ὁμοίως
1036 2946 1109 3015 δὲ
1144 2948 1256 3014 καὶ
1292 2959 1429 3014 τῶν
1468 2950 1541 3015 ἐν
1579 2951 1811 3036 εἰρήνῃ
1846 2973 1911 3015 τι
1948 2955 2276 3035 χρήσιμον

351 3062 516 3145 πρὸς
560 3060 679 3124 τὸν
723 3058 956 3123 κοινὸν
1002 3059 1156 3142 βίον
1194 3057 1533 3143 εὑρόντων
1570 3055 1611 3139 ἢ
1650 3059 2272 3141 νομοθετησάντων.
2302 3080 2357 3121 25

281 3188 312 3235 6
350 3169 770 3251 ποιησόμεθα
835 3160 909 3230 δὲ
970 3165 1094 3248 τὴν
1160 3164 1372 3251 ἀρχὴν
1437 3162 1564 3227 ἀπὸ
1619 3163 1972 3228 Διονύσου
2031 3165 2143 3229 διὰ
2198 3168 2274 3231 τὸ

347 3270 458 3337 καὶ
530 3275 816 3338 παλαιὸν
888 3265 1063 3336 εἶναι
1134 3271 1402 3355 σφόδρα
1474 3277 1716 3334 τοῦτον
1787 3267 1900 3334 καὶ
1965 3273 2276 3355 μεγίστας

493 3467 525 3513 9
563 3457 746 3515 ἄλλων
786 3456 1011 3528 ἀνδρῶν
1048 3457 1327 3547 dynastes-vl
1356 3455 1597 3545 άγαθοξν
1635 3455 1747 3515 «ivd
1784 3462 1861 3515 ὧν
1898 3461 1947 3516 D
2061 3468 2127 3517 11
2164 3467 2273 3518 θυ-

350 3527 519 3645 σίαιςέ
575 3531 986 3615 vtuoe?c‚W9⁵³·
1093 3599 1107 3618 Ι
1169 3536 1236 3583 21
1291 3550 1365 3595 αρ
1401 3549 1700 3592 αιοτατους
1985 3539 2053 3587 25
2104 3531 2272 3608 πρὸς]

353 3590 430 3651 Εἷς
465 3594 490 3644 I
653 3603 722 3649 26
760 3599 965 3668 αρχην]
1003 3618 1248 3670 γράφειν
1288 3599 1361 3654 ad
1403 3641 1416 3653 .
1453 3598 1519 3655 D.
