<?xml version="1.0" encoding="UTF-8"?>
<!DOCTYPE html PUBLIC "-//W3C//DTD XHTML 1.0 Transitional//EN"
    "http://www.w3.org/TR/xhtml1/DTD/xhtml1-transitional.dtd">
<html xmlns="http://www.w3.org/1999/xhtml" xml:lang="en" lang="en">
 <head>
  <title>
</title>
<meta http-equiv="Content-Type" content="text/html;charset=utf-8" />
  <meta name='ocr-system' content='tesseract 3.04.00' />
  <meta name='ocr-capabilities' content='ocr_page ocr_carea ocr_par ocr_line ocrx_word'/>
</head>
<body>
  <div class='ocr_page' id='page_1' title='image "./diodoribiblioth02dindgoog/diodoribiblioth02dindgoog_0267.png"; bbox 0 0 2569 4061; ppageno 0'>
   <div class='ocr_carea' id='block_1_1' title="bbox 943 290 2012 355">
    <p class='ocr_par' dir='ltr' id='par_1_1' title="bbox 943 290 2012 355">
     <span class='ocr_line' id='line_1_1' title="bbox 943 290 2012 355; baseline 0.013 -14"><span class='ocrx_word' id='word_1_1' title='bbox 943 290 969 341; x_wconf 91' lang='lat'>1</span> <span class='ocrx_word' id='word_1_2' title='bbox 1009 294 1093 343; x_wconf 85' lang='lat'><strong><em>98.</em></strong></span> <span class='ocrx_word' id='word_1_3' title='bbox 1885 291 2012 355; x_wconf 83' lang='lat'><strong><em>167</em></strong></span> 
     </span>
    </p>
   </div>
   <div class='ocr_carea' id='block_1_2' title="bbox 0 450 2105 3312">
    <p class='ocr_par' dir='ltr' id='par_1_2' title="bbox 0 450 2105 2870">
     <span class='ocr_line' id='line_1_2' title="bbox 88 450 2016 539; baseline 0.002 -23"><span class='ocrx_word' id='word_1_4' title='bbox 88 450 363 516; x_wconf 81' lang='grc' dir='ltr'><strong><em>ἐπειδὰν</em></strong></span> <span class='ocrx_word' id='word_1_5' title='bbox 426 453 583 527; x_wconf 88' lang='grc' dir='ltr'><strong><em>τοὺς</em></strong></span> <span class='ocrx_word' id='word_1_6' title='bbox 646 452 887 526; x_wconf 79' lang='grc' dir='ltr'><em>λίθους</em></span> <span class='ocrx_word' id='word_1_7' title='bbox 948 453 1391 515; x_wconf 80' lang='grc' dir='ltr'><strong><em>κατακλίνωσι</em></strong></span> <span class='ocrx_word' id='word_1_8' title='bbox 1453 452 1563 518; x_wconf 87' lang='grc' dir='ltr'><strong><em>καὶ</em></strong></span> <span class='ocrx_word' id='word_1_9' title='bbox 1627 454 2016 539; x_wconf 88' lang='grc' dir='ltr'><strong><em>μερίσαντες</em></strong></span> 
     </span>
     <span class='ocr_line' id='line_1_3' title="bbox 89 557 2015 643; baseline 0.002 -21"><span class='ocrx_word' id='word_1_10' title='bbox 89 557 647 643; x_wconf 74' lang='grc' dir='ltr'><em>κατεργάσωνται,</em></span> <span class='ocrx_word' id='word_1_11' title='bbox 694 558 769 621; x_wconf 88' lang='grc' dir='ltr'><strong><em>τὸ</em></strong></span> <span class='ocrx_word' id='word_1_12' title='bbox 814 565 1176 640; x_wconf 85' lang='grc' dir='ltr'><strong><em>τηνικαῦτα</em></strong></span> <span class='ocrx_word' id='word_1_13' title='bbox 1220 558 1296 622; x_wconf 86' lang='grc' dir='ltr'><strong><em>τὸ</em></strong></span> <span class='ocrx_word' id='word_1_14' title='bbox 1342 557 1674 642; x_wconf 88' lang='grc' dir='ltr'><strong><em>ἀνάλογον</em></strong></span> <span class='ocrx_word' id='word_1_15' title='bbox 1712 560 1841 626; x_wconf 87' lang='grc' dir='ltr'><strong><em>ἀπὸ</em></strong></span> <span class='ocrx_word' id='word_1_16' title='bbox 1880 572 2015 625; x_wconf 82' lang='grc' dir='ltr'><strong><em>τῶν</em></strong></span> 
     </span>
     <span class='ocr_line' id='line_1_4' title="bbox 95 660 2083 753; baseline 0.002 -25"><span class='ocrx_word' id='word_1_17' title='bbox 95 663 456 747; x_wconf 80' lang='grc' dir='ltr'><strong><em>ἐλαχίστων</em></strong></span> <span class='ocrx_word' id='word_1_18' title='bbox 511 660 617 728; x_wconf 80' lang='grc' dir='ltr'><strong><em>ἐπὶ</em></strong></span> <span class='ocrx_word' id='word_1_19' title='bbox 681 664 759 727; x_wconf 79' lang='grc' dir='ltr'><strong><em>τὰ</em></strong></span> <span class='ocrx_word' id='word_1_20' title='bbox 817 662 1091 748; x_wconf 87' lang='grc' dir='ltr'><strong><em>μέγιστα</em></strong></span> <span class='ocrx_word' id='word_1_21' title='bbox 1155 664 1643 747; x_wconf 76' lang='grc' dir='ltr'><strong><em>λαμβάνεσθαι·</em></strong></span> <span class='ocrx_word' id='word_1_22' title='bbox 1706 676 1828 731; x_wconf 87' lang='grc' dir='ltr'><strong><em>τοῦ</em></strong></span> <span class='ocrx_word' id='word_1_23' title='bbox 1884 669 2011 753; x_wconf 86' lang='grc' dir='ltr'><strong><em>γὰρ</em></strong></span> <span class='ocrx_word' id='word_1_24' title='bbox 2052 691 2083 737; x_wconf 80' lang='lat'>8</span> 
     </span>
     <span class='ocr_line' id='line_1_5' title="bbox 92 768 2018 853; baseline 0.003 -20"><span class='ocrx_word' id='word_1_25' title='bbox 92 768 340 846; x_wconf 88' lang='grc' dir='ltr'><strong><em>παντὸς</em></strong></span> <span class='ocrx_word' id='word_1_26' title='bbox 388 770 689 853; x_wconf 85' lang='grc' dir='ltr'><strong><em>σώματος</em></strong></span> <span class='ocrx_word' id='word_1_27' title='bbox 741 770 865 852; x_wconf 84' lang='grc' dir='ltr'><strong><em>τὴν</em></strong></span> <span class='ocrx_word' id='word_1_28' title='bbox 918 770 1335 853; x_wconf 82' lang='grc' dir='ltr'><strong><em>κατασκευὴν</em></strong></span> <span class='ocrx_word' id='word_1_29' title='bbox 1382 772 1477 846; x_wconf 90' lang='grc' dir='ltr'><strong><em>εἰς</em></strong></span> <span class='ocrx_word' id='word_1_30' title='bbox 1531 770 1606 834; x_wconf 74' lang='grc' dir='ltr'><strong><em>ἓν</em></strong></span> <span class='ocrx_word' id='word_1_31' title='bbox 1649 769 1761 836; x_wconf 83' lang='grc' dir='ltr'><strong><em>καὶ</em></strong></span> <span class='ocrx_word' id='word_1_32' title='bbox 1806 776 2018 838; x_wconf 79' lang='grc' dir='ltr'><strong><em>εἴκοσι’</em></strong></span> 
     </span>
     <span class='ocr_line' id='line_1_6' title="bbox 0 873 2014 962; baseline -0.001 -18"><span class='ocrx_word' id='word_1_33' title='bbox 0 895 90 944; x_wconf 73' lang='grc'><strong><em>[11</em></strong></span> <span class='ocrx_word' id='word_1_34' title='bbox 116 874 280 961; x_wconf 89' lang='grc' dir='ltr'><strong><em>μέρη</em></strong></span> <span class='ocrx_word' id='word_1_35' title='bbox 326 874 434 941; x_wconf 85' lang='grc' dir='ltr'><strong><em>καὶ</em></strong></span> <span class='ocrx_word' id='word_1_36' title='bbox 476 874 751 962; x_wconf 77' lang='grc' dir='ltr'><strong><em>προσέτι</em></strong></span> <span class='ocrx_word' id='word_1_37' title='bbox 785 873 1100 962; x_wconf 84' lang='grc' dir='ltr'><strong><em>τέταρτον</em></strong></span> <span class='ocrx_word' id='word_1_38' title='bbox 1139 873 1652 961; x_wconf 78' lang='grc' dir='ltr'><strong><em>διαιρουμένους</em></strong></span> <span class='ocrx_word' id='word_1_39' title='bbox 1691 876 1814 958; x_wconf 84' lang='grc' dir='ltr'><strong><em>τὴν</em></strong></span> <span class='ocrx_word' id='word_1_40' title='bbox 1852 876 2014 959; x_wconf 83' lang='grc' dir='ltr'><strong><em>ὅλην</em></strong></span> 
     </span>
     <span class='ocr_line' id='line_1_7' title="bbox 36 978 2015 1069; baseline 0 -23"><span class='ocrx_word' id='word_1_41' title='bbox 36 1000 63 1038; x_wconf 84' lang='grc'>6</span> <span class='ocrx_word' id='word_1_42' title='bbox 96 980 492 1048; x_wconf 72' lang='grc' dir='ltr'><strong><em>ἀποδιδόναι</em></strong></span> <span class='ocrx_word' id='word_1_43' title='bbox 529 985 937 1067; x_wconf 76' lang='grc' dir='ltr'><strong><em>συμμετρίαν</em></strong></span> <span class='ocrx_word' id='word_1_44' title='bbox 973 990 1094 1047; x_wconf 87' lang='grc' dir='ltr'><strong><em>τοῦ</em></strong></span> <span class='ocrx_word' id='word_1_45' title='bbox 1134 978 1322 1069; x_wconf 72' lang='grc' dir='ltr'><strong><em>ζῴου.</em></strong></span> <span class='ocrx_word' id='word_1_46' title='bbox 1397 983 1630 1068; x_wconf 79' lang='grc' dir='ltr'><strong><em>διόπερ</em></strong></span> <span class='ocrx_word' id='word_1_47' title='bbox 1668 981 1829 1046; x_wconf 78' lang='grc' dir='ltr'><strong><em>ὅταν</em></strong></span> <span class='ocrx_word' id='word_1_48' title='bbox 1864 980 2015 1067; x_wconf 87' lang='grc' dir='ltr'><strong><em>περὶ</em></strong></span> 
     </span>
     <span class='ocr_line' id='line_1_8' title="bbox 88 1086 2015 1173; baseline 0 -21"><span class='ocrx_word' id='word_1_49' title='bbox 88 1097 209 1152; x_wconf 89' lang='grc' dir='ltr'><strong><em>τοῦ</em></strong></span> <span class='ocrx_word' id='word_1_50' title='bbox 246 1087 577 1173; x_wconf 81' lang='grc' dir='ltr'><strong><em>μεγέθους</em></strong></span> <span class='ocrx_word' id='word_1_51' title='bbox 611 1087 683 1153; x_wconf 84' lang='grc' dir='ltr'><strong><em>οἰ</em></strong></span> <span class='ocrx_word' id='word_1_52' title='bbox 713 1098 998 1171; x_wconf 82' lang='grc' dir='ltr'><strong><em>τεχνῖται</em></strong></span> <span class='ocrx_word' id='word_1_53' title='bbox 1035 1089 1200 1173; x_wconf 89' lang='grc' dir='ltr'><strong><em>πρὸς</em></strong></span> <span class='ocrx_word' id='word_1_54' title='bbox 1238 1086 1567 1171; x_wconf 76' lang='grc' dir='ltr'><strong><em>ἀλλήλους</em></strong></span> <span class='ocrx_word' id='word_1_55' title='bbox 1604 1089 2015 1172; x_wconf 82' lang='grc' dir='ltr'><strong><em>σύνθωνται,</em></strong></span> 
     </span>
     <span class='ocr_line' id='line_1_9' title="bbox 87 1188 2015 1280; baseline 0 -21"><span class='ocrx_word' id='word_1_56' title='bbox 87 1194 531 1280; x_wconf 77' lang='grc' dir='ltr'><strong><em>χωρισθέντες</em></strong></span> <span class='ocrx_word' id='word_1_57' title='bbox 577 1188 686 1258; x_wconf 84' lang='grc' dir='ltr'><strong><em>ἀπ’</em></strong></span> <span class='ocrx_word' id='word_1_58' title='bbox 731 1192 1037 1276; x_wconf 81' lang='grc' dir='ltr'><strong><em>ἀλλήλων</em></strong></span> <span class='ocrx_word' id='word_1_59' title='bbox 1083 1194 1412 1277; x_wconf 85' lang='grc' dir='ltr'><strong><em>σύμφωνα</em></strong></span> <span class='ocrx_word' id='word_1_60' title='bbox 1452 1194 2015 1273; x_wconf 76' lang='grc' dir='ltr'><strong><em>κατασκευάζουσι</em></strong></span> 
     </span>
     <span class='ocr_line' id='line_1_10' title="bbox 86 1298 2014 1386; baseline 0.002 -23"><span class='ocrx_word' id='word_1_61' title='bbox 86 1302 166 1364; x_wconf 83' lang='grc' dir='ltr'><strong><em>τὰ</em></strong></span> <span class='ocrx_word' id='word_1_62' title='bbox 212 1298 465 1384; x_wconf 79' lang='grc' dir='ltr'><strong><em>μεγέθη</em></strong></span> <span class='ocrx_word' id='word_1_63' title='bbox 502 1311 637 1364; x_wconf 80' lang='grc' dir='ltr'><strong><em>τῶν</em></strong></span> <span class='ocrx_word' id='word_1_64' title='bbox 674 1302 890 1385; x_wconf 84' lang='grc' dir='ltr'><strong><em>ἔργων</em></strong></span> <span class='ocrx_word' id='word_1_65' title='bbox 928 1298 1139 1375; x_wconf 82' lang='grc' dir='ltr'><strong><em>οὕτως</em></strong></span> <span class='ocrx_word' id='word_1_66' title='bbox 1176 1299 1461 1386; x_wconf 76' lang='grc' dir='ltr'><strong><em>ἀκριβῶς</em></strong></span> <span class='ocrx_word' id='word_1_67' title='bbox 1497 1302 1664 1365; x_wconf 79' lang='grc' dir='ltr'><strong><em>ὥστε</em></strong></span> <span class='ocrx_word' id='word_1_68' title='bbox 1701 1300 2014 1385; x_wconf 79' lang='grc' dir='ltr'><strong><em>ἔκπληξιν</em></strong></span> 
     </span>
     <span class='ocr_line' id='line_1_11' title="bbox 2 1406 2077 1490; baseline 0.003 -21"><span class='ocrx_word' id='word_1_69' title='bbox 2 1422 56 1462; x_wconf 84' lang='grc'><strong><em>10</em></strong></span> <span class='ocrx_word' id='word_1_70' title='bbox 84 1408 399 1490; x_wconf 87' lang='grc' dir='ltr'><strong><em>παρέχειν</em></strong></span> <span class='ocrx_word' id='word_1_71' title='bbox 444 1407 567 1489; x_wconf 83' lang='grc' dir='ltr'><strong><em>τὴν</em></strong></span> <span class='ocrx_word' id='word_1_72' title='bbox 616 1406 913 1487; x_wconf 86' lang='grc' dir='ltr'><strong><em>ἰδιότητα</em></strong></span> <span class='ocrx_word' id='word_1_73' title='bbox 957 1412 1072 1487; x_wconf 79' lang='grc' dir='ltr'><strong><em>τῆς</em></strong></span> <span class='ocrx_word' id='word_1_74' title='bbox 1117 1410 1559 1490; x_wconf 77' lang='grc' dir='ltr'><strong><em>πραγματείας</em></strong></span> <span class='ocrx_word' id='word_1_75' title='bbox 1604 1407 1841 1473; x_wconf 81' lang='grc' dir='ltr'><strong><em>αὐτῶν.</em></strong></span> <span class='ocrx_word' id='word_1_76' title='bbox 1932 1409 2009 1473; x_wconf 90' lang='grc' dir='ltr'><strong><em>τὸ</em></strong></span> <span class='ocrx_word' id='word_1_77' title='bbox 2048 1428 2077 1475; x_wconf 86' lang='grc'><strong>9</strong></span> 
     </span>
     <span class='ocr_line' id='line_1_12' title="bbox 88 1509 2011 1598; baseline 0.001 -22"><span class='ocrx_word' id='word_1_78' title='bbox 88 1509 150 1576; x_wconf 85' lang='grc' dir='ltr'><strong><em>δ’</em></strong></span> <span class='ocrx_word' id='word_1_79' title='bbox 208 1510 281 1576; x_wconf 82' lang='grc' dir='ltr'><strong><em>ἐν</em></strong></span> <span class='ocrx_word' id='word_1_80' title='bbox 338 1520 418 1595; x_wconf 74' lang='grc' dir='ltr'><strong><em>τῇ</em></strong></span> <span class='ocrx_word' id='word_1_81' title='bbox 474 1512 684 1598; x_wconf 76' lang='grc' dir='ltr'><strong><em>Σάμῳ</em></strong></span> <span class='ocrx_word' id='word_1_82' title='bbox 752 1510 993 1587; x_wconf 80' lang='grc' dir='ltr'><strong><em>ξόανον</em></strong></span> <span class='ocrx_word' id='word_1_83' title='bbox 1049 1512 1427 1594; x_wconf 83' lang='grc' dir='ltr'><strong><em>συμφώνως</em></strong></span> <span class='ocrx_word' id='word_1_84' title='bbox 1479 1521 1559 1596; x_wconf 78' lang='grc' dir='ltr'><strong><em>τῇ</em></strong></span> <span class='ocrx_word' id='word_1_85' title='bbox 1613 1524 1748 1578; x_wconf 83' lang='grc' dir='ltr'><strong><em>τῶν</em></strong></span> <span class='ocrx_word' id='word_1_86' title='bbox 1800 1515 2011 1596; x_wconf 88' lang='grc' dir='ltr'><strong><em>Αἰγυ-</em></strong></span> 
     </span>
     <span class='ocr_line' id='line_1_13' title="bbox 86 1616 2010 1701; baseline 0.003 -22"><span class='ocrx_word' id='word_1_87' title='bbox 86 1619 301 1680; x_wconf 90' lang='grc' dir='ltr'><strong><em>πτίων</em></strong></span> <span class='ocrx_word' id='word_1_88' title='bbox 339 1618 724 1701; x_wconf 78' lang='grc' dir='ltr'><strong><em>φιλοτεχνίᾳ</em></strong></span> <span class='ocrx_word' id='word_1_89' title='bbox 751 1617 916 1680; x_wconf 79' lang='grc' dir='ltr'><strong><em>κατὰ</em></strong></span> <span class='ocrx_word' id='word_1_90' title='bbox 951 1616 1075 1699; x_wconf 78' lang='grc' dir='ltr'><strong><em>τὴν</em></strong></span> <span class='ocrx_word' id='word_1_91' title='bbox 1109 1617 1417 1700; x_wconf 81' lang='grc' dir='ltr'><strong><em>κορυφὴν</em></strong></span> <span class='ocrx_word' id='word_1_92' title='bbox 1447 1618 2010 1701; x_wconf 86' lang='grc' dir='ltr'><strong><em>διχοτομούμενον</em></strong></span> 
     </span>
     <span class='ocr_line' id='line_1_14' title="bbox 84 1719 2009 1808; baseline 0.002 -25"><span class='ocrx_word' id='word_1_93' title='bbox 84 1722 403 1805; x_wconf 83' lang='grc' dir='ltr'><strong><em>διορίζειν</em></strong></span> <span class='ocrx_word' id='word_1_94' title='bbox 455 1728 577 1784; x_wconf 84' lang='grc' dir='ltr'><strong><em>τοῦ</em></strong></span> <span class='ocrx_word' id='word_1_95' title='bbox 635 1719 804 1808; x_wconf 71' lang='grc' dir='ltr'><strong><em>ζςόου</em></strong></span> <span class='ocrx_word' id='word_1_96' title='bbox 867 1722 942 1786; x_wconf 88' lang='grc' dir='ltr'><strong><em>τὸ</em></strong></span> <span class='ocrx_word' id='word_1_97' title='bbox 1006 1719 1213 1805; x_wconf 80' lang='grc' dir='ltr'><strong><em>μέσον</em></strong></span> <span class='ocrx_word' id='word_1_98' title='bbox 1267 1719 1456 1805; x_wconf 89' lang='grc' dir='ltr'><strong><em>μέχρι</em></strong></span> <span class='ocrx_word' id='word_1_99' title='bbox 1519 1731 1655 1785; x_wconf 82' lang='grc' dir='ltr'><strong><em>τῶν</em></strong></span> <span class='ocrx_word' id='word_1_100' title='bbox 1709 1723 2009 1806; x_wconf 80' lang='grc' dir='ltr'><strong><em>αἰδοίων,</em></strong></span> 
     </span>
     <span class='ocr_line' id='line_1_15' title="bbox 84 1822 2007 1915; baseline 0.002 -25"><span class='ocrx_word' id='word_1_101' title='bbox 84 1826 315 1904; x_wconf 80' lang='grc' dir='ltr'><strong><em>ἰσάζον</em></strong></span> <span class='ocrx_word' id='word_1_102' title='bbox 373 1826 615 1910; x_wconf 87' lang='grc' dir='ltr'><strong><em>ὁμοίως</em></strong></span> <span class='ocrx_word' id='word_1_103' title='bbox 660 1825 871 1915; x_wconf 79' lang='grc' dir='ltr'><strong><em>ἑαυτῷ</em></strong></span> <span class='ocrx_word' id='word_1_104' title='bbox 916 1828 1280 1892; x_wconf 84' lang='grc' dir='ltr'><strong><em>πάντοθεν·</em></strong></span> <span class='ocrx_word' id='word_1_105' title='bbox 1347 1822 1520 1892; x_wconf 86' lang='grc' dir='ltr'><strong><em>εἶναι</em></strong></span> <span class='ocrx_word' id='word_1_106' title='bbox 1576 1823 1638 1889; x_wconf 88' lang='grc' dir='ltr'><strong><em>δ’</em></strong></span> <span class='ocrx_word' id='word_1_107' title='bbox 1694 1827 1856 1892; x_wconf 85' lang='grc' dir='ltr'><strong><em>αὐτὸ</em></strong></span> <span class='ocrx_word' id='word_1_108' title='bbox 1904 1827 2007 1894; x_wconf 86' lang='grc' dir='ltr'><strong><em>λέ-</em></strong></span> 
     </span>
     <span class='ocr_line' id='line_1_16' title="bbox 0 1930 2004 2020; baseline 0.001 -23"><span class='ocrx_word' id='word_1_109' title='bbox 0 1950 51 1990; x_wconf 84' lang='lat'><strong><em>15</em></strong></span> <span class='ocrx_word' id='word_1_110' title='bbox 80 1949 279 2015; x_wconf 81' lang='grc' dir='ltr'><strong><em>γουσι</em></strong></span> <span class='ocrx_word' id='word_1_111' title='bbox 314 1933 479 1998; x_wconf 78' lang='grc' dir='ltr'><strong><em>κατὰ</em></strong></span> <span class='ocrx_word' id='word_1_112' title='bbox 516 1935 590 1998; x_wconf 91' lang='grc' dir='ltr'><strong><em>τὸ</em></strong></span> <span class='ocrx_word' id='word_1_113' title='bbox 628 1937 941 1999; x_wconf 75' lang='grc' dir='ltr'><strong><em>πλεῖστον</em></strong></span> <span class='ocrx_word' id='word_1_114' title='bbox 966 1930 1385 2020; x_wconf 73' lang='grc' dir='ltr'><strong><em>παρεμφερὲς</em></strong></span> <span class='ocrx_word' id='word_1_115' title='bbox 1419 1943 1560 2011; x_wconf 75' lang='grc' dir='ltr'><strong><em>τοῖς</em></strong></span> <span class='ocrx_word' id='word_1_116' title='bbox 1586 1934 2004 2018; x_wconf 82' lang='grc' dir='ltr'><strong><em>Αἰγυπτίοις,</em></strong></span> 
     </span>
     <span class='ocr_line' id='line_1_17' title="bbox 80 2037 2004 2127; baseline 0.001 -22"><span class='ocrx_word' id='word_1_117' title='bbox 80 2041 168 2117; x_wconf 85' lang='grc' dir='ltr'><strong><em>ὡς</em></strong></span> <span class='ocrx_word' id='word_1_118' title='bbox 214 2038 298 2106; x_wconf 73' lang='grc' dir='ltr'><strong><em>ἂν</em></strong></span> <span class='ocrx_word' id='word_1_119' title='bbox 351 2042 467 2118; x_wconf 77' lang='grc' dir='ltr'><strong><em>τὰς</em></strong></span> <span class='ocrx_word' id='word_1_120' title='bbox 521 2037 643 2125; x_wconf 76' lang='grc' dir='ltr'><strong><em>μὲν</em></strong></span> <span class='ocrx_word' id='word_1_121' title='bbox 695 2051 918 2125; x_wconf 79' lang='grc' dir='ltr'><strong><em>χεῖρας</em></strong></span> <span class='ocrx_word' id='word_1_122' title='bbox 972 2043 1127 2125; x_wconf 80' lang='grc' dir='ltr'><strong><em>ἔχον</em></strong></span> <span class='ocrx_word' id='word_1_123' title='bbox 1171 2039 1734 2127; x_wconf 85' lang='grc' dir='ltr'><strong><em>παρατεταμένας,</em></strong></span> <span class='ocrx_word' id='word_1_124' title='bbox 1790 2043 1871 2106; x_wconf 77' lang='grc' dir='ltr'><strong><em>τὰ</em></strong></span> <span class='ocrx_word' id='word_1_125' title='bbox 1929 2038 2004 2107; x_wconf 71' lang='grc' dir='ltr'><strong><em>δὲ</em></strong></span> 
     </span>
     <span class='ocr_line' id='line_1_18' title="bbox 79 2145 779 2230; baseline 0 -19"><span class='ocrx_word' id='word_1_126' title='bbox 79 2145 273 2230; x_wconf 81' lang='grc' dir='ltr'><strong><em>σκέλη</em></strong></span> <span class='ocrx_word' id='word_1_127' title='bbox 324 2148 779 2230; x_wconf 85' lang='grc' dir='ltr'><strong><em>διαβεβηκότα.</em></strong></span> 
     </span>
     <span class='ocr_line' id='line_1_19' title="bbox 254 2247 2105 2339; baseline 0.003 -22"><span class='ocrx_word' id='word_1_128' title='bbox 254 2250 426 2337; x_wconf 82' lang='grc' dir='ltr'><strong><em>Περὶ</em></strong></span> <span class='ocrx_word' id='word_1_129' title='bbox 463 2250 585 2336; x_wconf 75' lang='grc' dir='ltr'><strong><em>μὲν</em></strong></span> <span class='ocrx_word' id='word_1_130' title='bbox 614 2247 740 2317; x_wconf 78' lang='grc' dir='ltr'><strong><em>οὖν</em></strong></span> <span class='ocrx_word' id='word_1_131' title='bbox 765 2264 901 2318; x_wconf 81' lang='grc' dir='ltr'><strong><em>τῶν</em></strong></span> <span class='ocrx_word' id='word_1_132' title='bbox 935 2250 1075 2317; x_wconf 86' lang='grc' dir='ltr'><strong><em>κατ’</em></strong></span> <span class='ocrx_word' id='word_1_133' title='bbox 1113 2258 1462 2336; x_wconf 81' lang='grc' dir='ltr'><strong><em>Αἴγυπτον</em></strong></span> <span class='ocrx_word' id='word_1_134' title='bbox 1501 2251 2000 2339; x_wconf 75' lang='grc' dir='ltr'><strong><em>ἱστορουμένων</em></strong></span> <span class='ocrx_word' id='word_1_135' title='bbox 2039 2275 2105 2322; x_wconf 85' lang='grc'><strong><em>10</em></strong></span> 
     </span>
     <span class='ocr_line' id='line_1_20' title="bbox 77 2356 1998 2445; baseline 0.002 -23"><span class='ocrx_word' id='word_1_136' title='bbox 77 2357 186 2423; x_wconf 85' lang='grc' dir='ltr'><strong><em>καὶ</em></strong></span> <span class='ocrx_word' id='word_1_137' title='bbox 232 2362 490 2443; x_wconf 84' lang='grc' dir='ltr'><strong><em>μνήμης</em></strong></span> <span class='ocrx_word' id='word_1_138' title='bbox 537 2358 739 2437; x_wconf 83' lang='grc' dir='ltr'><strong><em>ἀξίων</em></strong></span> <span class='ocrx_word' id='word_1_139' title='bbox 786 2358 978 2445; x_wconf 78' lang='grc' dir='ltr'><strong><em>ἀρκεῖ</em></strong></span> <span class='ocrx_word' id='word_1_140' title='bbox 1017 2360 1097 2423; x_wconf 77' lang='grc' dir='ltr'><strong><em>τὰ</em></strong></span> <span class='ocrx_word' id='word_1_141' title='bbox 1135 2356 1455 2444; x_wconf 76' lang='grc' dir='ltr'><strong><em>ρηθέντα·</em></strong></span> <span class='ocrx_word' id='word_1_142' title='bbox 1499 2358 1687 2443; x_wconf 75' lang='grc' dir='ltr'><strong><em>ἡμεῖς</em></strong></span> <span class='ocrx_word' id='word_1_143' title='bbox 1725 2356 1798 2424; x_wconf 73' lang='grc' dir='ltr'><strong><em>δὲ</em></strong></span> <span class='ocrx_word' id='word_1_144' title='bbox 1835 2363 1998 2425; x_wconf 81' lang='grc' dir='ltr'><strong><em>κατὰ</em></strong></span> 
     </span>
     <span class='ocr_line' id='line_1_21' title="bbox 0 2464 1996 2553; baseline 0.002 -25"><span class='ocrx_word' id='word_1_145' title='bbox 0 2481 51 2520; x_wconf 81' lang='lat'><strong><em>20</em></strong></span> <span class='ocrx_word' id='word_1_146' title='bbox 77 2465 200 2546; x_wconf 84' lang='grc' dir='ltr'><strong><em>τὴν</em></strong></span> <span class='ocrx_word' id='word_1_147' title='bbox 255 2464 327 2529; x_wconf 83' lang='grc' dir='ltr'><strong><em>ἐν</em></strong></span> <span class='ocrx_word' id='word_1_148' title='bbox 382 2464 547 2550; x_wconf 78' lang='grc' dir='ltr'><strong><em>ἀρχῇ</em></strong></span> <span class='ocrx_word' id='word_1_149' title='bbox 604 2473 720 2547; x_wconf 80' lang='grc' dir='ltr'><strong><em>τῆς</em></strong></span> <span class='ocrx_word' id='word_1_150' title='bbox 778 2466 1020 2548; x_wconf 88' lang='grc' dir='ltr'><strong><em>βίβλου</em></strong></span> <span class='ocrx_word' id='word_1_151' title='bbox 1073 2468 1403 2551; x_wconf 87' lang='grc' dir='ltr'><strong><em>πρόθεσιν</em></strong></span> <span class='ocrx_word' id='word_1_152' title='bbox 1456 2466 1572 2542; x_wconf 79' lang='grc' dir='ltr'><strong><em>τὰς</em></strong></span> <span class='ocrx_word' id='word_1_153' title='bbox 1634 2464 1779 2549; x_wconf 77' lang='grc' dir='ltr'><strong><em>ἑξῆς</em></strong></span> <span class='ocrx_word' id='word_1_154' title='bbox 1831 2468 1996 2553; x_wconf 88' lang='grc' dir='ltr'><strong><em>πρά-</em></strong></span> 
     </span>
     <span class='ocr_line' id='line_1_22' title="bbox 79 2568 1994 2675; baseline 0.002 -38"><span class='ocrx_word' id='word_1_155' title='bbox 79 2568 208 2648; x_wconf 82' lang='grc' dir='ltr'><strong><em>ξεις</em></strong></span> <span class='ocrx_word' id='word_1_156' title='bbox 269 2569 379 2636; x_wconf 82' lang='grc' dir='ltr'><strong><em>καὶ</em></strong></span> <span class='ocrx_word' id='word_1_157' title='bbox 432 2573 847 2655; x_wconf 88' lang='grc' dir='ltr'><strong><em>μυθολογίας</em></strong></span> <span class='ocrx_word' id='word_1_158' title='bbox 900 2571 975 2636; x_wconf 80' lang='grc' dir='ltr'><strong><em>έν</em></strong></span> <span class='ocrx_word' id='word_1_159' title='bbox 1027 2580 1107 2656; x_wconf 75' lang='grc' dir='ltr'><strong><em>τῇ</em></strong></span> <span class='ocrx_word' id='word_1_160' title='bbox 1168 2573 1330 2656; x_wconf 80' lang='grc' dir='ltr'><strong><em>μετὰ</em></strong></span> <span class='ocrx_word' id='word_1_161' title='bbox 1382 2573 1630 2654; x_wconf 89' lang='grc' dir='ltr'><strong><em>ταύτην</em></strong></span> <span class='ocrx_word' id='word_1_162' title='bbox 1685 2572 1994 2675; x_wconf 83' lang='grc' dir='ltr'><strong><em>διέξιμεν</em></strong></span> 
     </span>
     <span class='ocr_line' id='line_1_23' title="bbox 76 2672 1991 2762; baseline 0.003 -21"><span class='ocrx_word' id='word_1_163' title='bbox 76 2677 285 2762; x_wconf 82' lang='grc' dir='ltr'><strong><em>ἀρχὴν</em></strong></span> <span class='ocrx_word' id='word_1_164' title='bbox 328 2679 765 2761; x_wconf 89' lang='grc' dir='ltr'><strong><em>ποιησάμενοι</em></strong></span> <span class='ocrx_word' id='word_1_165' title='bbox 810 2678 891 2743; x_wconf 79' lang='grc' dir='ltr'><strong><em>τὰ</em></strong></span> <span class='ocrx_word' id='word_1_166' title='bbox 934 2679 1099 2743; x_wconf 79' lang='grc' dir='ltr'><strong><em>κατὰ</em></strong></span> <span class='ocrx_word' id='word_1_167' title='bbox 1142 2678 1265 2762; x_wconf 75' lang='grc' dir='ltr'><strong><em>τὴν</em></strong></span> <span class='ocrx_word' id='word_1_168' title='bbox 1313 2676 1541 2743; x_wconf 85' lang='grc' dir='ltr'><strong><em>Ἀσίαν</em></strong></span> <span class='ocrx_word' id='word_1_169' title='bbox 1585 2687 1724 2755; x_wconf 78' lang='grc' dir='ltr'><strong><em>τοῖς</em></strong></span> <span class='ocrx_word' id='word_1_170' title='bbox 1762 2672 1991 2746; x_wconf 86' lang='grc' dir='ltr'><strong><em>’Λσσυ-</em></strong></span> 
     </span>
     <span class='ocr_line' id='line_1_24' title="bbox 73 2782 683 2870; baseline 0.002 -23"><span class='ocrx_word' id='word_1_171' title='bbox 73 2787 242 2868; x_wconf 87' lang='grc' dir='ltr'><strong><em>ρίοις</em></strong></span> <span class='ocrx_word' id='word_1_172' title='bbox 285 2782 683 2870; x_wconf 86' lang='grc' dir='ltr'><strong><em>πραχθέντα.</em></strong></span> 
     </span>
    </p>

    <p class='ocr_par' dir='ltr' id='par_1_3' title="bbox 71 2940 1990 3295">
     <span class='ocr_line' id='line_1_25' title="bbox 179 2940 1989 3010; baseline 0.002 -14"><span class='ocrx_word' id='word_1_173' title='bbox 179 2949 207 2996; x_wconf 93' lang='grc'>1</span> <span class='ocrx_word' id='word_1_174' title='bbox 249 2944 634 2996; x_wconf 75' lang='grc' dir='ltr'><strong><em>κατακαίνουσι</em></strong></span> <span class='ocrx_word' id='word_1_175' title='bbox 674 2941 738 3010; x_wconf 82' lang='lat' dir='ltr'><strong><em>G,</em></strong></span> <span class='ocrx_word' id='word_1_176' title='bbox 785 2943 1139 2997; x_wconf 78' lang='grc' dir='ltr'><strong><em>κατακενῶσι</em></strong></span> <span class='ocrx_word' id='word_1_177' title='bbox 1173 2943 1235 3010; x_wconf 81' lang='lat' dir='ltr'><strong><em>F,</em></strong></span> <span class='ocrx_word' id='word_1_178' title='bbox 1289 2940 1645 3008; x_wconf 79' lang='grc' dir='ltr'><strong><em>καταξάνωσι</em></strong></span> <span class='ocrx_word' id='word_1_179' title='bbox 1682 2943 1845 2999; x_wconf 83' lang='lat' dir='ltr'><strong>Dind.</strong></span> <span class='ocrx_word' id='word_1_180' title='bbox 1958 2949 1989 2999; x_wconf 87' lang='grc'>6</span> 
     </span>
     <span class='ocr_line' id='line_1_26' title="bbox 72 2981 1990 3102; baseline -0.001 -36"><span class='ocrx_word' id='word_1_181' title='bbox 72 3014 170 3067; x_wconf 77' lang='grc' dir='ltr'><strong><em>τοῦ</em></strong></span> <span class='ocrx_word' id='word_1_182' title='bbox 230 3009 376 3082; x_wconf 74' lang='grc' dir='ltr'><strong><em>ζῴου</em></strong></span> <span class='ocrx_word' id='word_1_183' title='bbox 433 3030 539 3068; x_wconf 89' lang='lat' dir='ltr'><strong><em>om.</em></strong></span> <span class='ocrx_word' id='word_1_184' title='bbox 594 3011 646 3066; x_wconf 90' lang='grc' dir='ltr'><strong><em>ΙΙ</em></strong></span> <span class='ocrx_word' id='word_1_185' title='bbox 793 3016 858 3067; x_wconf 81' lang='lat'><strong><em>12</em></strong></span> <span class='ocrx_word' id='word_1_186' title='bbox 910 3009 1171 3102; x_wconf 75' lang='grc' dir='ltr'><strong><em>κορυφήν</em></strong></span> <span class='ocrx_word' id='word_1_187' title='bbox 1219 2981 1432 3100; x_wconf 41' lang='lat' dir='ltr'>’Rhodq</span> <span class='ocrx_word' id='word_1_188' title='bbox 1490 3009 1714 3082; x_wconf 83' lang='grc' dir='ltr'><strong><em>ὀροφὴν</em></strong></span> <span class='ocrx_word' id='word_1_189' title='bbox 1771 3015 1990 3068; x_wconf 80' lang='lat' dir='ltr'>codices</span> 
     </span>
     <span class='ocr_line' id='line_1_27' title="bbox 74 3068 1990 3173; baseline -0.002 -37"><span class='ocrx_word' id='word_1_190' title='bbox 74 3089 138 3138; x_wconf 81' lang='lat'><strong><em>23</em></strong></span> <span class='ocrx_word' id='word_1_191' title='bbox 194 3068 553 3169; x_wconf 84' lang='grc' dir='ltr'><strong><em>πραχθέντα]</em></strong></span> <span class='ocrx_word' id='word_1_192' title='bbox 600 3083 731 3173; x_wconf 81' lang='grc' dir='ltr'><strong><em>περὶ</em></strong></span> <span class='ocrx_word' id='word_1_193' title='bbox 781 3081 898 3170; x_wconf 77' lang='grc' dir='ltr'><strong><em>μὲν</em></strong></span> <span class='ocrx_word' id='word_1_194' title='bbox 937 3103 1038 3139; x_wconf 91' lang='grc' dir='ltr'><strong><em>ουν</em></strong></span> <span class='ocrx_word' id='word_1_195' title='bbox 1084 3104 1197 3138; x_wconf 85' lang='grc' dir='ltr'><strong><em>των</em></strong></span> <span class='ocrx_word' id='word_1_196' title='bbox 1242 3078 1372 3138; x_wconf 78' lang='grc' dir='ltr'><strong><em>κατ’</em></strong></span> <span class='ocrx_word' id='word_1_197' title='bbox 1412 3085 1703 3170; x_wconf 80' lang='grc' dir='ltr'><strong><em>Αἴγυπτον</em></strong></span> <span class='ocrx_word' id='word_1_198' title='bbox 1743 3080 1990 3167; x_wconf 74' lang='grc' dir='ltr'><strong><em>ἱστορου-</em></strong></span> 
     </span>
     <span class='ocr_line' id='line_1_28' title="bbox 72 3149 1989 3242; baseline -0.002 -35"><span class='ocrx_word' id='word_1_199' title='bbox 72 3150 255 3241; x_wconf 80' lang='grc' dir='ltr'><strong><em>μένων</em></strong></span> <span class='ocrx_word' id='word_1_200' title='bbox 284 3153 382 3208; x_wconf 82' lang='grc' dir='ltr'><strong><em>καὶ</em></strong></span> <span class='ocrx_word' id='word_1_201' title='bbox 411 3151 632 3240; x_wconf 84' lang='grc' dir='ltr'><strong><em>μνήμης</em></strong></span> <span class='ocrx_word' id='word_1_202' title='bbox 659 3151 833 3219; x_wconf 80' lang='grc' dir='ltr'><strong><em>ἀξίων</em></strong></span> <span class='ocrx_word' id='word_1_203' title='bbox 862 3149 1241 3242; x_wconf 80' lang='grc' dir='ltr'><strong><em>ἀρκεσθέντες</em></strong></span> <span class='ocrx_word' id='word_1_204' title='bbox 1267 3151 1482 3242; x_wconf 85' lang='grc' dir='ltr'><strong><em>ταύτην</em></strong></span> <span class='ocrx_word' id='word_1_205' title='bbox 1511 3153 1615 3239; x_wconf 75' lang='grc' dir='ltr'><strong><em>μὲν</em></strong></span> <span class='ocrx_word' id='word_1_206' title='bbox 1642 3151 1748 3221; x_wconf 89' lang='grc' dir='ltr'><strong><em>τὴν</em></strong></span> <span class='ocrx_word' id='word_1_207' title='bbox 1780 3149 1989 3236; x_wconf 78' lang='grc' dir='ltr'><strong><em>βύβλον</em></strong></span> 
     </span>
     <span class='ocr_line' id='line_1_29' title="bbox 71 3218 1988 3312; baseline -0.004 -34"><span class='ocrx_word' id='word_1_208' title='bbox 71 3221 246 3280; x_wconf 75' lang='grc' dir='ltr'><strong><em>αυτοῦ</em></strong></span> <span class='ocrx_word' id='word_1_209' title='bbox 256 3221 690 3312; x_wconf 78' lang='grc' dir='ltr'><strong><em>καταλήξομεν,</em></strong></span> <span class='ocrx_word' id='word_1_210' title='bbox 726 3221 829 3293; x_wconf 88' lang='grc' dir='ltr'><strong><em>τὴν</em></strong></span> <span class='ocrx_word' id='word_1_211' title='bbox 859 3222 917 3277; x_wconf 86' lang='grc' dir='ltr'><strong><em>δ’</em></strong></span> <span class='ocrx_word' id='word_1_212' title='bbox 950 3222 1225 3312; x_wconf 77' lang='grc' dir='ltr'><strong><em>ἐχομένην</em></strong></span> <span class='ocrx_word' id='word_1_213' title='bbox 1260 3222 1472 3311; x_wconf 81' lang='grc' dir='ltr'><strong><em>ταύτης</em></strong></span> <span class='ocrx_word' id='word_1_214' title='bbox 1508 3218 1988 3290; x_wconf 78' lang='grc' dir='ltr'><strong><em>ἀναπληρώσομεν</em></strong></span> 
     </span>
    </p>
   </div>
   <div class='ocr_carea' id='block_1_3' title="bbox 69 3289 1988 3436">
    <p class='ocr_par' dir='ltr' id='par_1_4' title="bbox 69 3289 1988 3436">
     <span class='ocr_line' id='line_1_30' title="bbox 70 3289 1988 3383; baseline -0.004 -35"><span class='ocrx_word' id='word_1_215' title='bbox 70 3300 191 3357; x_wconf 78' lang='grc' dir='ltr'><strong><em>ταῖς</em></strong></span> <span class='ocrx_word' id='word_1_216' title='bbox 244 3290 439 3358; x_wconf 83' lang='grc' dir='ltr'><strong><em>αλλαις</em></strong></span> <span class='ocrx_word' id='word_1_217' title='bbox 497 3297 869 3383; x_wconf 78' lang='grc' dir='ltr'><strong><em>βαρβαρικαῖς</em></strong></span> <span class='ocrx_word' id='word_1_218' title='bbox 922 3294 1192 3382; x_wconf 79' lang='grc' dir='ltr'><strong><em>πράξεσιν</em></strong></span> <span class='ocrx_word' id='word_1_219' title='bbox 1247 3289 1436 3354; x_wconf 75' lang='grc' dir='ltr'><strong><em>ἄλλοις</em></strong></span> <span class='ocrx_word' id='word_1_220' title='bbox 1487 3292 1686 3347; x_wconf 72' lang='grc' dir='ltr'><strong><em>ἔθνεσι</em></strong></span> <span class='ocrx_word' id='word_1_221' title='bbox 1737 3291 1988 3343; x_wconf 76' lang='grc' dir='ltr'><strong><em>συντελε-</em></strong></span> 
     </span>
     <span class='ocr_line' id='line_1_31' title="bbox 69 3361 1434 3436; baseline -0.003 -16"><span class='ocrx_word' id='word_1_222' title='bbox 69 3367 327 3428; x_wconf 85' lang='grc' dir='ltr'><strong><em>σθείσαις</em></strong></span> <span class='ocrx_word' id='word_1_223' title='bbox 366 3362 429 3422; x_wconf 81' lang='grc' dir='ltr'><strong><em>ἐν</em></strong></span> <span class='ocrx_word' id='word_1_224' title='bbox 466 3372 583 3428; x_wconf 82' lang='grc' dir='ltr'><strong><em>τοῖς</em></strong></span> <span class='ocrx_word' id='word_1_225' title='bbox 619 3361 806 3430; x_wconf 82' lang='grc' dir='ltr'><strong><em>ἄλλοις</em></strong></span> <span class='ocrx_word' id='word_1_226' title='bbox 843 3363 1066 3436; x_wconf 85' lang='grc' dir='ltr'><strong><em>χρόνοις</em></strong></span> <span class='ocrx_word' id='word_1_227' title='bbox 1103 3365 1229 3420; x_wconf 84' lang='lat' dir='ltr'>add.</span> <span class='ocrx_word' id='word_1_228' title='bbox 1268 3363 1434 3418; x_wconf 88' lang='lat' dir='ltr'><strong>ABD.</strong></span> 
     </span>
    </p>
   </div>
   <div class='ocr_carea' id='block_1_4' title="bbox 69 3445 1987 3611">
    <p class='ocr_par' dir='ltr' id='par_1_5' title="bbox 69 3445 1987 3611">
     <span class='ocr_line' id='line_1_32' title="bbox 209 3445 1987 3526; baseline -0.001 -16"><span class='ocrx_word' id='word_1_229' title='bbox 209 3449 506 3524; x_wconf 74' lang='grc' dir='ltr'><strong><em>Διοδώρου</em></strong></span> <span class='ocrx_word' id='word_1_230' title='bbox 526 3450 870 3510; x_wconf 75' lang='grc' dir='ltr'><strong><em>Σικελιώτου</em></strong></span> <span class='ocrx_word' id='word_1_231' title='bbox 891 3448 1269 3526; x_wconf 78' lang='grc' dir='ltr'><strong><em>’βιβλιοθήκης</em></strong></span> <span class='ocrx_word' id='word_1_232' title='bbox 1299 3447 1578 3518; x_wconf 72' lang='grc' dir='ltr'><strong><em>ἱστορικῆς</em></strong></span> <span class='ocrx_word' id='word_1_233' title='bbox 1603 3449 1702 3514; x_wconf 80' lang='grc' dir='ltr'><strong><em>τῆς</em></strong></span> <span class='ocrx_word' id='word_1_234' title='bbox 1720 3451 1764 3498; x_wconf 83' lang='grc' dir='ltr'><em>Α</em></span> <span class='ocrx_word' id='word_1_235' title='bbox 1793 3445 1987 3512; x_wconf 63' lang='lat' dir='ltr'><strong><em>&amp;nw-</em></strong></span> 
     </span>
     <span class='ocr_line' id='line_1_33' title="bbox 69 3539 773 3611; baseline 0.003 -17"><span class='ocrx_word' id='word_1_236' title='bbox 69 3541 237 3611; x_wconf 83' lang='grc' dir='ltr'><strong><em>μένης</em></strong></span> <span class='ocrx_word' id='word_1_237' title='bbox 273 3539 336 3597; x_wconf 82' lang='grc' dir='ltr'><strong><em>τὸ</em></strong></span> <span class='ocrx_word' id='word_1_238' title='bbox 378 3548 420 3596; x_wconf 92' lang='grc' dir='ltr'><em>Β</em></span> <span class='ocrx_word' id='word_1_239' title='bbox 459 3542 667 3600; x_wconf 79' lang='lat' dir='ltr'><strong>subscr.</strong></span> <span class='ocrx_word' id='word_1_240' title='bbox 705 3542 773 3598; x_wconf 90' lang='lat' dir='ltr'><strong><em>D.</em></strong></span> 
     </span>
    </p>
   </div>
   <div class='ocr_carea' id='block_1_5' title="bbox 817 3644 1239 3660">
    <p class='ocr_par' dir='ltr' id='par_1_6' title="bbox 817 3644 1239 3660">
     <span class='ocr_line' id='line_1_34' title="bbox 817 3644 1239 3660; baseline -0.021 0"><span class='ocrx_word' id='word_1_241' title='bbox 817 3644 1239 3660; x_wconf 72' lang='lat'>——..———-.—-—-</span> 
     </span>
    </p>
   </div>
  </div>
 </body>
</html>
