2569 4061
1014 336 1093 391 111
1134 343 1217 393 12.
1260 342 1343 394 13.
1390 345 1469 393 14.
2081 341 2212 407 283

282 499 533 586 πέτραν
578 499 688 564 καὶ
743 502 908 586 πρὸς
953 502 1073 565 τὸν
1120 499 1304 577 ἐκτὸς
1358 511 1479 568 τοῦ
1536 507 1812 588 στομίου
1866 507 2072 569 τόπον
2120 507 2215 580 εἰς

283 607 626 692 ὕπαιθρον
675 606 1207 691 ἀποκομίζουσιν.
1293 609 1364 673 οἱ
1397 606 1457 672 δ’
1503 606 1669 694 ὑπὲρ
1712 612 1821 695 ἔτη
1860 611 2214 693 τριάκοντα

284 716 464 796 παρὰ
525 715 784 780 τούτων
841 715 1290 798 λαμβάνοντες
1356 714 1730 801 ὡρισμένον
1793 716 2034 803 μέτρον
2092 726 2213 782 τοῦ

287 823 743 905 λατομήματος
797 820 871 885 ἐν
918 822 1148 906 ὅλμοις
1193 824 1486 898 λιθίνοις
1543 823 1866 888 ’τύπτουσι
1913 824 2216 908 σιδηροῖς

228 946 256 986 5
285 925 576 1012 ὑπέροις,
625 928 777 1012 ἄχρι
814 926 898 992 ἂν
936 927 1185 1011 ὀρόβου
1219 930 1296 993 τὸ
1339 928 1625 1012 μέγεθος
1661 929 2212 1015 κατεργάσωνται.

180 1057 279 1106 183
302 1036 479 1122 παρὰ
516 1031 590 1099 δὲ
628 1035 886 1105 τούτων
921 1035 1041 1098 τὸν
1078 1034 1395 1119 ὀροβίτην
1424 1038 1625 1099 λίθον
1653 1035 1728 1099 αἱ
1758 1045 2068 1118 γυναῖκες
2102 1033 2213 1100 καὶ
2251 1064 2282 1111 2

271 1143 357 1206 ,οἰ
396 1142 835 1227 πρεσβύτεροι
879 1150 1016 1206 τῶν
1063 1139 1334 1227 ἀνδρῶν
1379 1140 1781 1226 ἐκδέχονται,
1826 1140 1938 1208 καὶ
1983 1142 2215 1226 μύλων

285 1246 434 1331 ἑξῆς
477 1251 807 1314 πλειόνων
855 1249 1071 1313 ὄντων
1117 1246 1225 1312 ἐπὶ
1268 1252 1548 1325 τούτους
1594 1248 2055 1333 ἐπιβάλλουσι,
2102 1245 2215 1313 καὶ

283 1355 733 1436 παραστάντες
779 1354 908 1418 ἀνὰ
952 1364 1129 1439 τρεῖς
1174 1352 1216 1436 ἢ
1266 1354 1390 1418 δύο
1428 1356 1595 1439 πρὸς
1629 1355 1754 1437 τὴν
1788 1356 2019 1439 κώπην
2058 1354 2215 1438 ἀλή-

203 1483 256 1522 ιο
285 1467 567 1541 θουσιν,
633 1458 756 1535 ἕως
810 1457 894 1524 ἂν
949 1461 1044 1536 εἰς
1099 1460 1503 1544 σεμιδάλεως
1556 1463 1806 1545 τρόπον
1860 1462 1936 1526 τὸ
2004 1458 2214 1527 δοθὲν

285 1564 531 1649 μέτρον
575 1565 1124 1648 κατεργάσωνται.
1216 1566 1602 1650 προσούσης
1647 1564 1709 1630 δ’
1763 1567 2010 1631 ἅπασιν
2057 1567 2214 1632 ἀθε-

288 1654 652 1755 ραπευσίας
696 1670 998 1753 σώματος
1042 1671 1153 1736 καὶ
1207 1680 1324 1754 τῆς
1369 1673 1491 1755 τὴν
1538 1673 1704 1737 αἰδῶ
1750 1673 2214 1757 περιστελλού-

287 1793 409 1859 σης
455 1775 738 1861 ἐσθῆτος
782 1777 870 1861 μὴ
919 1779 1320 1863 προσούσης,
1369 1778 1491 1842 οὐκ
1538 1780 1720 1843 ἔστιν
1757 1776 1831 1854 ὃς
1878 1778 2043 1841 ἰδὼν
2091 1778 2215 1842 οὐκ

286 1882 373 1949 ἂν
429 1883 715 1966 ἐλεήσειε
769 1871 927 1962 τοὺς
982 1885 1436 1971 ἀκληροῦντας
1491 1886 1604 1950 διὰ
1657 1886 1780 1969 τήν
1832 1884 2214 1970 ὑπερβολὴν

202 2012 253 2053 15
282 1999 398 2076 τῆς
444 1996 904 2079 ταλαιπωρίας.
980 1992 1063 2058 οὐ
1100 1993 1226 2078 γὰρ
1273 1993 1585 2078 τυγχάνει
1622 1991 2020 2076 συγγνώμης
2058 1987 2206 2056 οὐδ’
2250 2021 2282 2069 3

283 2099 569 2176 ἀνέσεως
615 2099 837 2175 ἁπλῶς
882 2099 1008 2163 οὐκ
1053 2100 1413 2183 ἄρρωστος,
1462 2100 1545 2164 οὐ
1590 2097 2082 2184 πεπηρωμένος,
2132 2097 2213 2162 οὐ

279 2207 691 2292 γεγηρακώς,
755 2205 835 2270 οὐ
882 2205 1197 2288 γυναικὸς
1244 2204 1590 2288 ἀσθένεια,
1645 2207 1886 2282 πάντες
1933 2201 2006 2269 δὲ
2051 2209 2213 2289 πλη-

282 2325 431 2396 γαῖς
476 2313 958 2397 ἀναγκάζονται
1003 2321 1523 2395 προσκαρτερεῖν
1559 2322 1699 2388 τοῖς
1734 2313 1976 2397 ἔργοις,
2024 2308 2213 2395 μέχρι

284 2419 370 2494 ἂν
423 2420 951 2505 κακουχούμενοι
1004 2419 1489 2499 τελευτήσωσιν
1546 2417 1620 2482 ἐν
1674 2430 1817 2494 ταῖς
1877 2416 2212 2501 ἀνάγκαις,

201 2547 256 2585 20
290 2528 518 2612 διόπερ
558 2527 629 2591 οἱ
671 2527 1017 2610 δυστυχεῖς
1053 2525 1520 2610 φοβερώτερον
1560 2523 1661 2588 ἀεὶ
1697 2524 1772 2589 τὸ
1809 2520 2054 2608 μέλλον
2089 2533 2214 2591 τοῦ

284 2635 615 2718 παρόντος
676 2632 999 2716 ἡγοῦνται
1064 2633 1175 2696 διὰ
1234 2632 1358 2713 τὴν
1411 2630 1792 2716 ὑπερβολὴν
1845 2638 1962 2713 τῆς
2015 2655 2213 2717 τιμω-

282 2742 461 2824 ρίας,
520 2741 997 2823 ποθεινότερον
1045 2734 1118 2803 δὲ
1164 2746 1288 2802 τοῦ
1336 2739 1451 2820 ζῆν
1496 2738 1615 2802 τὸν
1660 2736 1963 2803 θάνατον
2008 2755 2213 2824 προσ-

282 2845 605 2930 δέχονται.
687 2847 763 2910 τὸ
812 2842 885 2910 δὲ
930 2850 1311 2909 τελευταῖον
1358 2844 1430 2909 οἱ
1467 2854 1757 2929 τεχνῖται
1793 2848 2212 2930 παραλαβόν-
2236 2856 2321 2919 14

283 2976 389 3030 τες
443 2953 562 3017 τὸν
608 2949 1057 3036 ἀληλεσμένον
1103 2955 1306 3016 λίθον
1362 2952 1529 3036 πρὸς
1581 2951 1705 3034 τὴν
1761 2951 1924 3035 ὅλην
1970 2954 2211 3036 ἄγουσι

201 3078 254 3119 25
284 3057 704 3124 συντέλειαν·
751 3055 859 3123 ἐπὶ
905 3058 1032 3142 γὰρ
1080 3060 1389 3134 πλατείας
1435 3058 1710 3134 σανίδος
1755 3055 1995 3142 μικρὸν
2032 3056 2211 3138 ἐγκε-

284 3163 595 3249 κλιμένης
666 3165 970 3249 τρίβουσι
1043 3164 1166 3246 τὴν
1228 3163 1797 3249 κατειργασμένην
1860 3162 2211 3246 μάρμαρον

283 3270 469 3356 ὕδωρ
525 3269 919 3355 ἐπιχέοντες
980 3263 1120 3335 εἶτα
1174 3270 1248 3334 τὸ
1296 3265 1419 3355 μὲν
1471 3270 1716 3354 γεῶδες
1772 3268 1972 3349 αὐτῆς
2028 3265 2210 3348 ἐκτη-

426 3471 458 3519 2
496 3459 642 3534 ὑπὲρ
680 3461 801 3535 ἔτη]
843 3458 1003 3524 ἐντὸς
1038 3462 1151 3516 τῶν
1186 3461 1238 3514 Α
1317 3460 1397 3517 ssh.
1427 3468 1498 3517 26
1627 3466 1660 3515 8
1695 3454 1930 3520 τούτους
1966 3456 2038 3525 Ε,
2076 3454 2209 3510 τού-

281 3554 399 3598 τοις
450 3537 557 3589 cet.
705 3540 772 3589 10
812 3532 917 3597 ἕως
962 3528 1038 3589 ἂν
1075 3550 1182 3589 om.
1220 3532 1246 3586 Ι
1394 3531 1497 3604 εἰς]
1540 3527 1598 3594 ἐς
1636 3531 1758 3585 cod.
1907 3532 1971 3581 11
2010 3544 2208 3595 κατερ-

283 3603 585 3682 γαζόμενοι
620 3604 675 3659 ΙΙ
784 3610 876 3673 ‚13
915 3601 1017 3677 μὴ]
1055 3601 1235 3675 μόνον
1270 3604 1482 3674 Agath.
1628 3607 1696 3655 27
1734 3595 2049 3668 τηκόμενον
2085 3595 2153 3651 D.
