2569 4061
1073 409 1100 462 1
1140 414 1223 463 17.
1265 414 1348 464 ιε.
1390 414 1473 465 19.
2145 408 2230 474 29

303 596 510 658 ρωνα,
558 580 682 638 τοῦ
730 568 804 636 δὲ
850 573 1014 638 κατὰ
1059 573 1178 638 τὸν
1226 582 1415 637 σῖτον
1453 574 1710 656 σπόρου
1754 569 1865 637 καὶ
1911 579 2028 653 τῆς
2072 570 2233 655 ὅλης

307 679 716 763 συγκομιδῆς
770 680 1236 764 Τριπτόλεμον.
1311 678 1581 743 πάντων
1628 675 1687 743 δ’
1743 677 2081 761 εὐτρεπῶν
2126 701 2233 760 γε·
2271 699 2303 749 3

305 783 611 869 νομένων
655 785 774 850 τὸν
799 782 1087 871 ”οσιριν,
1133 782 1499 868 εὐξάμενον
1533 794 1675 862 τοῖς
1717 789 1906 862 θεοῖς
1949 782 2233 870 θρέψειν

309 892 432 973 τὴν
485 892 696 975 κόμην
751 888 941 976 μέχρι
996 889 1081 956 ἂν
1135 892 1230 968 εἰς
1276 895 1627 974 Αἴγυπτον
1673 889 2057 975 ἀνακάμψῃ,
2109 892 2233 974 τὴν

249 1014 282 1055 5
310 1000 584 1081 πορείαν
620 1003 964 1063 ποιεῖσθαι
1002 990 1092 1062 δι’
1126 998 1521 1073 Αάθιοπίας·
1561 993 1647 1060 δι’
1684 995 1772 1079 ἣν
1800 996 2018 1061 αἰτίαν
2046 994 2233 1081 μέχρι

307 1114 441 1167 τῶν
484 1102 833 1189 νεωτέρων
867 1105 1132 1189 χρόνων
1178 1103 1522 1188 ἐνισχῦσαι
1557 1105 1634 1168 τὸ
1681 1101 1835 1187 περὶ
1878 1110 1996 1185 τῆς
2029 1104 2237 1185 κόμης

304 1211 594 1293 νόμιμον
637 1206 793 1291 παρ’
833 1212 1253 1292 Αἰγυπτίοις,
1291 1209 1402 1275 καὶ
1434 1214 1595 1287 τοὺς
1639 1206 2087 1293 ποιουμένους
2120 1208 2238 1284 τὰς

308 1314 682 1400 ἀποδημίας
718 1314 908 1402 μέχρι
953 1324 1069 1399 τῆς
1106 1317 1203 1392 εἰς
1245 1310 1437 1382 οἷκον
1472 1316 1880 1401 ἀνακομιδῆς
1914 1335 2235 1399 κομοτρο-
2352 1385 2365 1404 φ

201 1425 270 1474 22
310 1431 482 1505 φεῖν.
576 1423 721 1487 ὄντι
778 1418 839 1486 δ’
906 1422 1084 1510 αὐτῷ
1140 1420 1289 1507 περὶ
1348 1424 1470 1505 τὴν
1516 1424 1889 1488 Αὐθιοπίαν
1942 1421 2235 1505 ἀχθῆναι
2272 1442 2308 1493 4

227 1546 282 1586 10
309 1526 583 1610 λέγουσι
637 1528 806 1613 πρὸς
864 1528 1069 1593 αὐτὸν
1124 1530 1199 1593 τὸ
1255 1538 1391 1592 τῶν
1445 1528 1774 1614 Σατύρων
1827 1526 2051 1611 γένος,
2117 1527 2237 1604 οὕς

311 1649 522 1719 φασιν
569 1633 677 1699 ἐπὶ
722 1641 840 1715 τῆς
886 1632 1143 1717 ὀσφύος
1188 1635 1364 1716 ἔχειν
1409 1635 1630 1716 κόμας.
1722 1627 1895 1698 εἶναι
1943 1634 2071 1719 γὰρ
2116 1635 2236 1699 τὸν

293 1738 561 1822 Ὄσιριν
598 1735 1014 1822 φιλογέλωτά
1037 1759 1119 1804 τε
1154 1735 1267 1804 καὶ
1303 1741 1618 1822 χαίροντα
1663 1746 1947 1822 μουσικῇ
1983 1736 2092 1805 καὶ
2128 1763 2237 1822 χο-

315 1854 487 1929 ροῖς·
538 1845 644 1909 διὸ
691 1841 802 1909 καὶ
846 1844 1284 1929 περιάγεσθαι
1329 1850 1590 1928 πλῆθος
1635 1854 2109 1928 μουσουργῶν,
2165 1843 2238 1909 ἐν

314 1941 418 2027 οἷς
463 1948 851 2037 παρθένους
895 1948 1091 2017 ἐννέα
1136 1949 1515 2037 δυναμένας
1559 1948 1752 2040 ᾅδειν
1796 1947 1905 2028 καὶ
1948 1950 2117 2015 κατὰ
2160 1950 2241 2013 τὰ
2330 1985 2335 1990 ·

230 2078 282 2120 15
311 2058 479 2122 ἄλλα
534 2057 1089 2142 πεπαιδευμένας,
1144 2060 1262 2136 τὰς
1314 2059 1494 2145 παρὰ
1548 2068 1689 2137 τοῖς
1729 2056 2046 2143 Ἕλλησιν
2091 2056 2240 2125 ὀνο-

311 2162 678 2248 μαζομένας
715 2165 1024 2243 Μούσας·
1072 2165 1332 2232 τούτων
1378 2162 1439 2230 δ’
1492 2165 1807 2248 ἡγεῖσθαι
1851 2167 1971 2231 τὸν
2010 2161 2238 2231 Ἀπόλ-

313 2274 494 2335 λωνα
528 2268 873 2353 λέγουσιν,
911 2267 1026 2354 ἀφ’
1074 2264 1160 2337 οὗ
1193 2269 1305 2336 καὶ
1341 2269 1792 2354 Μουσηγέτην
1831 2270 2038 2337 αὐτὸν
2074 2270 2239 2335 ὠνο-

312 2375 586 2460 μάσθαι.
680 2376 840 2453 τούς
883 2400 953 2442 τε
998 2377 1355 2462 Σατύρους
1399 2378 1566 2460 πρὸς
1611 2377 1889 2462 ὄρχησιν
1933 2372 2044 2440 καὶ
2089 2380 2239 2459 μελ-
2277 2380 2310 2431 5

314 2483 526 2569 ωδίαν
562 2481 673 2548 καὶ
712 2491 933 2549 πᾶσαν
961 2483 1193 2549 ἄνεσιν
1231 2480 1344 2549 καὶ
1379 2482 1657 2549 παιδιὰν
1692 2482 1892 2558 ὄντας
1918 2479 2238 2560 εὐθέτους

234 2629 288 2667 20
312 2593 843 2674 παραληφθῆναι
896 2591 1063 2674 πρὸς
1116 2591 1239 2674 τὴν
1295 2592 1670 2675 στρατείαν·
1726 2588 1809 2654 οὐ
1862 2590 1991 2675 γὰρ
2044 2594 2237 2655 πολε-

314 2696 513 2779 μικὸν
566 2690 740 2762 εἶναι
792 2697 913 2761 τὸν
948 2693 1210 2781 Ὄσιριν
1270 2692 1432 2763 οὐδὲ
1482 2695 1875 2781 παρατάξεις
1928 2700 2236 2764 συνίστα-

314 2806 481 2866 σθαι
533 2799 647 2867 mxl
697 2802 1094 2884 κινδύνους,
1155 2802 1270 2867 ἅτε
1325 2803 1571 2879 παντὸς
1628 2804 1875 2880 ἔθνους
1929 2803 2020 2879 ὡς
2069 2804 2239 2870 θεὸν

315 2906 819 2992 ἀποδεχομένου
867 2909 979 2974 διὰ
1013 2909 1129 2985 τὰς
1166 2907 1562 2993 εὐεργεσίας.
1642 2909 1809 2973 κατὰ
1848 2904 1922 2973 δὲ
1956 2909 2081 2991 τὴν
2118 2910 2240 2972 Αἰ·
2277 2910 2310 2959 6

312 3016 598 3079 θιοπίαν
660 3013 1016 3092 διδάξαντα
1072 3018 1231 3092 τοὺς
1295 3015 1698 3100 ἀνθρώπους
1759 3016 1841 3079 τὰ
1902 3012 2055 3100 περὶ
2116 3015 2241 3095 τὴν

233 3158 287 3199 25
314 3123 652 3205 γεωργίαν
711 3118 821 3186 καὶ
873 3123 1101 3199 πόλεις
1168 3119 1558 3203 ἀξιολόγους
1609 3121 1924 3187 κτίσαντα
1978 3123 2241 3185 καταλι-

313 3235 469 3291 πεῖν
521 3230 681 3303 τοὺς
736 3225 1336 3312 ἐπιμελησομένους
1386 3236 1506 3310 τῆς
1558 3226 1776 3312 χώρας
1828 3223 1940 3291 καὶ
1986 3225 2242 3307 φόρους

312 3330 789 3418 πραξομένους.
1976 3325 1979 3328 ’

475 3440 776 3505 ·Τούτων
814 3437 876 3503 δ’
921 3440 1137 3505 ὄντων
1175 3438 1328 3528 περὶ
1362 3448 1591 3521 ταῦτα,
1627 3439 1747 3502 τὸν
1784 3434 2036 3500 Νεῖλόν
2072 3444 2240 3513 φασι
2264 3424 2345 3490 19

466 3601 533 3650 12
588 3615 647 3652 τε
690 3611 800 3653 om.
835 3596 885 3651 D
1051 3603 1116 3651 17
1175 3591 1515 3664 ὠνομάσθαι
1551 3586 1728 3646 αὐτόν
1754 3589 1804 3641 D
1977 3592 2046 3640 23
2100 3580 2244 3637 ἀπο·
2352 3620 2361 3623 -

318 3665 660 3738 δεχομένου]
702 3661 878 3722 αὐτὸν
917 3668 1044 3723 add.
1075 3666 1137 3720 F
1276 3671 1347 3720 27
1387 3655 1864 3729 εἰσπραξομένους
1899 3654 1962 3706 F
1960 3695 1971 3706 ·
