2569 4061
385 202 473 266 30
1056 197 1361 257 DIODORI
1399 200 1633 257 SICULI

384 366 550 434 κατὰ
595 365 718 447 τὴν
762 372 884 429 τοῦ
930 365 1188 448 σειρίου
1225 364 1476 449 ἄστρου
1512 362 1846 448 ἐπιτολήν,
1895 363 1968 429 ἐν
2006 356 2059 452 ᾧ
2096 374 2307 454 καιρςὸ

383 472 665 556 μάλιστα
738 477 955 546 εἴωθε,
1010 475 1468 556 πληροῦσθαι,
1550 469 1833 555 ῥαγέντα
1904 472 2308 537 κατακλύσαι

380 578 637 661 πολλὴν
682 585 798 661 τῆς
841 578 1214 661 Αἰγύπτου,
1258 573 1368 641 καὶ
1417 576 1698 660 μάλιστα
1743 585 1940 642 τοῦτο
1988 579 2062 642 τὸ
2110 576 2309 664 μέρος

381 682 689 749 ἐπελθεῖν
743 679 830 750 οὗ
877 686 1286 770 Προμηθεὺς
1339 677 1470 767 εἶχε
1524 684 1649 766 τὴν
1706 680 2108 767 ἐπιμέλειαν·
2168 686 2308 750 δια-

380 788 783 876 φθαρέντων
840 786 914 855 δὲ
970 791 1212 873 σχεδὸν
1276 788 1590 854 ἁπάντων
1645 798 1780 854 τῶν
1839 790 2005 854 κατὰ
2058 792 2307 875 ταύτην
2334 810 2360 849 5

378 898 503 980 τὴν
556 898 782 983 χώραν
834 896 953 961 τὸν
1010 893 1384 981 Προμηθέα
1444 896 1556 960 διὰ
1609 896 1733 978 τὴν
1799 896 2018 980 λύπην
2080 897 2309 961 κινδυ-

310 1024 342 1072 2
381 1005 606 1069 νεύειν
652 1003 944 1069 ἐκλιπεῖν
979 1004 1098 1067 τὸν
1134 1004 1289 1085 βίον
1327 1000 1659 1078 ἑκουσίως.
1737 1003 1849 1067 διὰ
1886 999 1959 1067 δὲ
1995 1003 2120 1086 τὴν
2157 1001 2306 1081 ὀξύ-

379 1132 540 1193 τητα
584 1107 696 1173 καὶ
741 1109 865 1193 τὴν
910 1111 1068 1192 βίαν
1111 1117 1233 1174 τοῦ
1269 1106 1782 1192 κατενεχθέντος
1829 1108 2152 1194 ῥεύματος
2188 1109 2306 1174 τὸν

380 1212 502 1298 μὲν
546 1217 846 1299 ποταμὸν
883 1212 1108 1281 Ἀετὸν
1155 1214 1643 1299 ὀνομασθῆναι,
1691 1217 1810 1280 τὸν
1853 1212 1913 1278 δ’
1950 1211 2305 1301 Ἡρακλέα,

380 1322 904 1404 μεγαλεπίβολον
967 1321 1129 1386 ὄντα
1186 1319 1300 1386 καὶ
1357 1321 1480 1403 τὴν
1543 1319 1862 1407 ἀνδρείαν
1917 1319 2305 1404 ἐζηλωκότα,
2336 1344 2388 1381 10

378 1428 454 1490 τό
499 1449 571 1491 τε
617 1429 981 1511 γενόμενον
1027 1429 1322 1513 ἔκρηγμα
1366 1424 1612 1512 ταχέως
1658 1425 1988 1513 ἐμφράξαι
2031 1425 2144 1492 καὶ
2188 1428 2307 1493 τὸν

378 1534 677 1619 ποταμὸν
722 1533 829 1600 ἐπὶ
873 1535 998 1617 τὴν
1042 1534 1565 1620 προϋπάρξασαν
1622 1534 1821 1620 ῥύσιν
1877 1532 2305 1620 ἀποστρέψαι.

309 1660 340 1708 3
382 1641 488 1706 διὸ
535 1638 646 1706 καὶ
690 1650 826 1706 τῶν
870 1639 1025 1726 παρ’
1064 1639 1341 1722 Ἕλλησι
1377 1651 1673 1723 ποιητῶν
1710 1664 1896 1717 τινας
1941 1641 2035 1717 είς
2081 1646 2308 1725 μῦθον

378 1744 653 1830 ἀγαγεῖν
689 1748 763 1811 τὸ
801 1745 1127 1831 πραχθέν,
1176 1746 1265 1822 ὡς
1295 1743 1703 1829 Ἡρακλέους
1746 1749 1867 1810 τὸν
1914 1745 2110 1811 ἀετὸν
2147 1746 2306 1831 ἀνῃ-

305 1875 339 1922 4
378 1854 656 1938 ρηκότος
691 1854 810 1916 τὸν
846 1852 921 1917 τὸ
958 1860 1080 1916 τοῦ
1112 1847 1534 1941 Προμηθέως
1569 1845 1747 1936 ἧπαρ
1785 1849 2119 1915 ἐσθίοντα.
2185 1852 2304 1916 τὸν
2334 1871 2384 1911 15

377 1954 452 2023 δὲ
498 1959 798 2043 ποταμὸν
835 1958 1274 2044 ἀρχαιότατον
1312 1954 1435 2043 μὲν
1480 1958 1694 2042 ὄνομα
1735 1967 1920 2043 σχεῖν
1958 1952 2305 2042 Ὠκεάνην,

378 2066 451 2144 ὅς
497 2065 679 2132 ἐστιν
725 2064 1058 2151 ἑλληνιστὶ
1095 2064 1436 2143 Ὠκεανός·
1485 2066 1707 2131 ἔπειτα
1756 2066 1869 2130 διὰ
1911 2067 1987 2132 τὸ
2033 2068 2305 2151 γενόμε-

376 2196 502 2239 νον
566 2174 859 2260 ἔκρηγμά
911 2190 1123 2259 φασιν
1180 2172 1407 2240 Ἀετὸν
1462 2172 1955 2257 ὀνομασθῆναι,
2021 2172 2306 2258 ὕστερον

378 2278 439 2343 δ’
475 2286 826 2362 Αἴγυπτον
855 2280 982 2345 ἀπὸ
1011 2288 1137 2344 τοῦ
1163 2280 1685 2364 βασιλεύσαντος
1713 2288 1829 2361 τῆς
1856 2278 2075 2364 χώρας
2101 2295 2302 2364 προσ·
2341 2302 2411 2352 23

377 2392 858 2469 αγορευθῆναι·
898 2394 1262 2471 μαρτυρεῖν
1302 2381 1376 2449 δὲ
1411 2383 1523 2449 καὶ
1557 2387 1678 2450 τὸν
1704 2385 1988 2467 ποιητὴν
2026 2384 2304 2467 λέγοντα
2333 2405 2386 2445 20

466 2498 673 2573 στῆσα
721 2490 783 2556 δ’
837 2492 911 2556 ἐν
956 2490 1277 2579 Αὐγύπτῳ
1325 2498 1597 2577 ποταμῷ
1645 2488 1800 2565 νέας
1847 2489 2303 2573 ἀμφιελίσσας.

373 2597 540 2662 κατὰ
592 2597 719 2683 γὰρ
774 2598 897 2680 τὴν
949 2594 1372 2681 καλουμένην
1427 2600 1653 2661 Θῶνιν
1708 2594 2154 2679 ἐμβάλλοντος
2210 2596 2304 2672 εἰς

373 2703 717 2770 θάλατταν
761 2712 884 2770 τοῦ
919 2712 1245 2788 ποταμοῦ,
1293 2711 1535 2770 τοῦτον
1579 2704 1702 2768 τὸν
1736 2704 1945 2768 τόπον
1982 2701 2303 2788 ἐμπόριον

373 2804 548 2874 εἶναι
591 2812 668 2874 τὸ
715 2812 1000 2876 παλαιὸν
1042 2818 1159 2894 τῆς
1203 2810 1580 2893 Αἰγύπτου·
1636 2810 2015 2885 τελευταίας
2070 2804 2145 2873 δὲ
2189 2830 2302 2874 τυ-

373 2925 517 3001 χεῖν
554 2915 761 2981 αὐτὸν
796 2910 876 2999 ἦς
914 2923 1043 2981 νῦν
1088 2917 1225 2999 ἔχει
1270 2916 1726 3001 προσηγορίας
1772 2914 1899 2980 ἀπὸ
1945 2922 2066 2979 τοῦ
2114 2917 2301 2996 βασι-
2329 2936 2384 2977 25

305 3045 337 3094 5
376 3024 762 3099 λεύσαντος’
781 3019 1091 3099 Νειλέως.
1188 3023 1308 3088 τὸν
1354 3019 1413 3086 δ’
1471 3016 1597 3088 οὗν
1623 3020 1889 3106 ’Ὄσιριν
1933 3025 2303 3106 παραγενό-

376 3154 583 3215 μενον
620 3126 727 3196 ἐπὶ
763 3133 920 3208 τοὺς
954 3137 1071 3214 τῆς
1102 3129 1465 3206 Αὐθιοπίας
1501 3129 1705 3215 ὅρους
1740 3128 1860 3193 τὸν
1896 3128 2196 3212 ποταμὸν
2234 3127 2301 3209 ἐξ

522 3330 550 3377 1
590 3320 721 3448 τὴὸ]
760 3325 860 3378 τοῦ
910 3319 1083 3386 κυνὸς
1119 3322 1247 3379 add.
1286 3321 1335 3377 D
1476 3328 1508 3377 ὅ
1546 3319 1611 3376 δὲ
1634 3337 1759 3408 nom.
1802 3320 1955 3390 vulg.
2105 3317 2301 3410 ⁶‚”5²,']

375 3391 439 3445 δὲ
480 3393 609 3448 add.
812 3400 883 3449 14
920 3390 1233 3464 ἀναγαγεῖν
1272 3393 1323 3447 D
1454 3398 1521 3448 15
1559 3412 1660 3448 του
1698 3410 1807 3449 om.
1844 3390 1894 3444 D
2016 3396 2081 3446 16
2122 3409 2301 3446 ωκεα-

375 3478 485 3527 μην
524 3461 577 3513 ΙΙ
720 3471 786 3519 21
828 3466 993 3535 στῆσε
1033 3464 1172 3521 CDF
1318 3470 1386 3522 22
1428 3462 1648 3521 Θέωνιν
1687 3464 1747 3535 O,
1786 3459 2022 3532 Θεῶνην
2059 3461 2122 3514 F.
