2569 4061
1069 286 1151 341 ΙΙΙ
1188 295 1274 343 69.
1311 294 1393 344 το.
2039 290 2165 354 381

250 453 356 516 διὸ
410 449 522 517 καὶ
577 460 716 527 τοῖς
769 448 1137 534 θεωμένοις
1193 450 1275 515 οὐ
1331 453 1541 534 μόνον
1589 451 1899 537 ἐπιτερπῆ
1947 453 2174 534 φαίνε-

250 564 415 623 σθαι
458 559 581 641 τὴν
617 560 974 643 πρόσοψιν,
1022 556 1188 622 ἀλλὰ
1223 554 1336 622 καὶ
1372 558 1494 640 τὴν
1531 557 1819 623 εὐωδίαν
1854 574 2175 643 προσηνε·

254 665 513 748 στάτην.

427 773 553 847 Ἐἰς
597 779 794 835 τοῦτο
845 764 969 835 οὗν
1013 771 1088 834 τὸ
1138 771 1385 855 ἄντρον
1430 771 1550 834 τὸν
1596 768 1915 853 ’Ἄμμωνα
1970 792 2176 855 παρα-
2193 775 2285 838 ·70

199 892 226 933 5
254 880 618 962 γενόμενον
670 875 1103 962 παραθέσθαι
1156 877 1275 942 τὸν
1330 877 1536 941 παῖδα
1588 874 1701 941 καὶ
1763 878 2180 961 παραδοῦναι

253 982 523 1070 τρέφειν
560 985 785 1068 Νύσῃ,
832 992 949 1069 μιᾷ
986 994 1122 1046 τῶν
1161 979 1537 1068 Ἀρισταίου
1574 980 1997 1068 θυγατέρων·
2046 982 2181 1047 ἐπι-

256 1091 501 1175 στάτην
564 1085 627 1154 δ’
680 1090 888 1155 αὐτοῦ
942 1088 1129 1167 τάξαι
1184 1090 1304 1154 τὸν
1341 1087 1740 1175 Ἀρισταῖον,
1795 1091 2009 1175 ἄνδρα
2065 1105 2182 1153 συ-

255 1196 436 1262 νέσει
469 1193 583 1261 καὶ
622 1195 1032 1280 σωφροσύνῃ
1069 1192 1180 1260 καὶ
1225 1195 1403 1280 πάσῃ
1440 1197 1708 1282 παιδεία
1756 1194 2180 1281 διαφέροντα.

256 1304 422 1389 πρὸς
468 1299 543 1367 δὲ
587 1303 703 1378 τὰς
750 1300 877 1366 ἀπὸ
923 1311 1039 1385 τῆς
1083 1312 1406 1387 μητρυιᾶς
1453 1301 1624 1379 Ῥέας
1660 1302 2016 1386 ἐπιβουλὰς
2054 1303 2180 1387 φύ-
2219 1331 2250 1377 2

179 1424 232 1464 10
260 1414 427 1474 λακα
471 1417 593 1473 τοῦ
647 1409 884 1484 παιδὸς
936 1418 1340 1491 καταστῆσαι
1393 1409 1516 1492 τὴν
1565 1404 1887 1493 Ἀθηνᾶν,
1942 1411 2181 1494 μικρὸν

257 1508 388 1600 πρὸ
433 1514 689 1578 τούτων
733 1524 869 1578 τῶν
913 1516 1177 1599 χρόνων
1223 1525 1470 1598 γηγενῆ
1518 1526 1847 1598 φανεῖσαν
1901 1514 2007 1580 ἐπὶ
2059 1523 2181 1580 τοῦ

268 1623 602 1705 Τρίτωνος
658 1628 979 1704 ποταμοῦ,
1038 1618 1125 1683 δι’
1181 1619 1260 1684 ὃν
1316 1622 1688 1705 Τριτωνίδα
1733 1630 2182 1707 προσηγορεῦ-

261 1731 442 1790 σθαι.
535 1729 1002 1810 μυθολογοῦσι
1058 1722 1131 1790 δὲ
1186 1726 1309 1809 τὴν
1354 1727 1521 1791 θεὸν
1566 1727 1814 1809 ταύτην
1861 1724 2182 1809 ἑλομένην
2222 1756 2253 1803 3

258 1832 378 1896 τὸν
440 1831 658 1897 πάντα
720 1834 968 1916 χρόνον
1031 1834 1155 1916 τὴν
1214 1836 1591 1919 παρθενίαν
1651 1833 2057 1918 σωφροσύνῃ
2116 1855 2185 1897 τε

179 1952 235 1993 15
263 1940 628 2021 διενεγκεῖν
681 1937 794 2004 καὶ
847 1940 963 2016 τὰς
1015 1942 1325 2016 πλείστας
1378 1951 1513 2005 τῶν
1564 1952 1816 2025 τεχνῶν
1872 1940 2187 2036 ἐξευρεῖν,

153 2064 259 2114 239
278 2046 600 2130 ἀγχίνουν
636 2040 848 2112 οὖσαν
883 2044 1040 2111 καθ’
1075 2046 1479 2133 ὑπερβολήν·
1531 2051 1815 2131 ζηλῶσαι
1852 2045 1926 2114 δὲ
1961 2047 2073 2114 καὶ
2105 2051 2189 2114 τὰ

260 2153 426 2218 κατὰ
469 2154 588 2218 τὸν
633 2154 948 2236 πόλεμον,
1006 2152 1170 2238 ἀλκῇ
1219 2150 1295 2218 δὲ
1337 2151 1451 2218 καὶ
1496 2153 1683 2240 ῥώμῃ
1731 2153 2187 2242 διαφέρουσαν

261 2260 428 2324 ἄλλα
474 2282 545 2323 τε
589 2259 803 2323 πολλὰ
848 2259 1090 2343 πρᾶξαι
1135 2262 1395 2344 μνήμης
1440 2260 1589 2339 ἄξια
1633 2258 1744 2326 καὶ
1779 2262 1903 2344 τὴν
1939 2264 2187 2345 Αἰγίδα

262 2362 936 2450 προσαγορευομένην
993 2365 1275 2449 ἀνελεῖν,
1342 2369 1590 2449 θηρίον
1640 2391 1705 2432 τι
1757 2373 2184 2451 καταπληκτι-

184 2486 239 2526 20
265 2472 387 2534 κὸν
442 2470 552 2535 καὶ
609 2477 955 2565 παντελῶς,
1007 2474 1664 2556 δυσκαταγώνιστον·
1727 2471 1999 2559 γηγενὲς
2061 2477 2188 2562 γὰρ
2227 2500 2260 2546 4

266 2574 565 2662 ὑπάρχον
626 2576 737 2643 καὶ
804 2590 1104 2663 φυσικῶς
1169 2577 1242 2644 ἐκ
1304 2588 1427 2645 τοῦ
1501 2583 1823 2665 στόματος
1894 2583 2189 2650 ἄπλατον

264 2682 589 2767 ἐκβάλλον
645 2687 863 2769 φλόγα
917 2687 992 2750 τὸ
1048 2682 1170 2769 μὲν
1217 2697 1484 2772 πρῶτον
1532 2696 1828 2772 φανῆναι
1873 2688 2024 2776 περὶ
2069 2691 2192 2773 τὴν

270 2794 597 2876 Φρυγίαν,
643 2789 755 2856 καὶ
790 2799 1197 2856 κατακαῦσαι
1244 2794 1367 2876 τὴν
1412 2794 1658 2878 χώραν,
1704 2794 1792 2878 ἣν
1838 2795 2027 2882 μέχρι
2071 2805 2191 2861 τοῦ

261 2904 392 2960 νῦν
447 2894 1027 2980 κατακεκαυμένην
1090 2901 1400 2982 Φρυγίαν
1454 2898 1926 2984 ὀνομάζεσθαι·
1984 2895 2179 2966 ἔπειτ’

184 3017 238 3060 25
268 3003 580 3067 ἐπελθεῖν
639 3004 720 3067 τὰ
778 3001 929 3088 περὶ
987 3004 1106 3067 τὸν
1176 3007 1443 3090 Ταῦρον
1503 3006 1625 3091 ὄρη
1692 3018 2017 3089 συνεχῶς,
2081 3005 2191 3071 καὶ

264 3116 672 3173 κατακαῦσαι
725 3111 883 3185 τοὺς
936 3107 1082 3193 ἑξῆς
1139 3110 1439 3196 δρυμοὺς
1492 3110 1681 3198 μέχρι
1735 3122 1848 3195 τῆς
1896 3108 2191 3193 Ἰνδικῆς.

266 3215 427 3298 μετὰ
482 3211 557 3279 δὲ
612 3223 819 3280 ταῦτα
872 3216 1073 3280 πάλιν
1130 3214 1236 3281 ἐπὶ
1290 3217 1631 3282 θάλατταν
1684 3218 1807 3300 τὴν
1863 3215 2194 3281 ἐπάνοδον

445 3412 480 3460 4
516 3403 617 3461 τὸν
656 3423 766 3461 om.
803 3404 852 3459 D
1000 3412 1066 3460 12
1105 3400 1200 3479 ὃν]
1243 3401 1313 3462 ὃν
1351 3407 1450 3462 καὶ
1489 3408 1535 3463 0
1689 3413 1756 3461 14
1791 3427 1851 3462 τε
1892 3424 2001 3463 om.
2040 3409 2194 3477 vulg.

269 3481 335 3531 17
376 3475 441 3531 δὲ·
481 3494 590 3532 om.
627 3479 779 3546 vulg.
925 3483 993 3533 21
1033 3473 1289 3533 ἄπλατον
1328 3480 1423 3547 Da,
1461 3475 1704 3534 ἄπλετον
1743 3480 1848 3534 oet.
1993 3484 2062 3533 25
2099 3478 2192 3533 καὶ

266 3548 517 3617 συνεχῶς
553 3549 707 3618 vulg.
