<?xml version="1.0" encoding="UTF-8"?>
<!DOCTYPE html PUBLIC "-//W3C//DTD XHTML 1.0 Transitional//EN"
    "http://www.w3.org/TR/xhtml1/DTD/xhtml1-transitional.dtd">
<html xmlns="http://www.w3.org/1999/xhtml" xml:lang="en" lang="en">
 <head>
  <title>
</title>
<meta http-equiv="Content-Type" content="text/html;charset=utf-8" />
  <meta name='ocr-system' content='tesseract 3.04.00' />
  <meta name='ocr-capabilities' content='ocr_page ocr_carea ocr_par ocr_line ocrx_word'/>
</head>
<body>
  <div class='ocr_page' id='page_1' title='image "./diodoribiblioth02dindgoog/diodoribiblioth02dindgoog_0543.png"; bbox 0 0 2569 4061; ppageno 0'>
   <div class='ocr_carea' id='block_1_1' title="bbox 1028 323 2136 388">
    <p class='ocr_par' dir='ltr' id='par_1_1' title="bbox 1028 323 2136 388">
     <span class='ocr_line' id='line_1_1' title="bbox 1028 323 2136 388; baseline 0.01 -11"><span class='ocrx_word' id='word_1_1' title='bbox 1028 323 1108 377; x_wconf 77' lang='lat' dir='ltr'><em>IV</em></span> <span class='ocrx_word' id='word_1_2' title='bbox 1146 330 1232 380; x_wconf 80' lang='lat'><em>29.</em></span> <span class='ocrx_word' id='word_1_3' title='bbox 1276 329 1360 378; x_wconf 83' lang='lat'><em>30.</em></span> <span class='ocrx_word' id='word_1_4' title='bbox 2003 323 2136 388; x_wconf 88' lang='lat'><em>443</em></span> 
     </span>
    </p>
   </div>
   <div class='ocr_carea' id='block_1_2' title="bbox 77 484 2211 3437">
    <p class='ocr_par' dir='ltr' id='par_1_2' title="bbox 77 484 2211 3437">
     <span class='ocr_line' id='line_1_2' title="bbox 203 484 2137 574; baseline -0.002 -21"><span class='ocrx_word' id='word_1_5' title='bbox 203 491 429 574; x_wconf 74' lang='grc' dir='ltr'><em>κελία,</em></span> <span class='ocrx_word' id='word_1_6' title='bbox 499 486 622 551; x_wconf 87' lang='grc' dir='ltr'><em>οὐκ</em></span> <span class='ocrx_word' id='word_1_7' title='bbox 686 486 917 569; x_wconf 79' lang='grc' dir='ltr'><em>ὀλίγον</em></span> <span class='ocrx_word' id='word_1_8' title='bbox 972 489 1220 571; x_wconf 89' lang='grc' dir='ltr'><em>χρόνον</em></span> <span class='ocrx_word' id='word_1_9' title='bbox 1277 484 1615 572; x_wconf 76' lang='grc' dir='ltr'><em>διέτριψεν</em></span> <span class='ocrx_word' id='word_1_10' title='bbox 1670 486 1742 552; x_wconf 80' lang='grc' dir='ltr'><em>ἐν</em></span> <span class='ocrx_word' id='word_1_11' title='bbox 1796 495 1875 572; x_wconf 75' lang='grc' dir='ltr'><em>τῇ</em></span> <span class='ocrx_word' id='word_1_12' title='bbox 1936 488 2137 574; x_wconf 77' lang='grc' dir='ltr'><em>νήσω.</em></span> 
     </span>
     <span class='ocr_line' id='line_1_3' title="bbox 203 591 2139 679; baseline 0 -21"><span class='ocrx_word' id='word_1_13' title='bbox 203 591 370 659; x_wconf 86' lang='grc' dir='ltr'><em>καθ’</em></span> <span class='ocrx_word' id='word_1_14' title='bbox 423 592 504 658; x_wconf 84' lang='grc' dir='ltr'><em>ὃν</em></span> <span class='ocrx_word' id='word_1_15' title='bbox 551 595 635 678; x_wconf 84' lang='grc' dir='ltr'><em>δὴ</em></span> <span class='ocrx_word' id='word_1_16' title='bbox 700 596 947 679; x_wconf 92' lang='grc' dir='ltr'><em>χρόνον</em></span> <span class='ocrx_word' id='word_1_17' title='bbox 1002 596 1120 657; x_wconf 89' lang='grc' dir='ltr'><em>καί</em></span> <span class='ocrx_word' id='word_1_18' title='bbox 1167 614 1343 669; x_wconf 89' lang='grc' dir='ltr'><em>τινες</em></span> <span class='ocrx_word' id='word_1_19' title='bbox 1398 603 1531 657; x_wconf 88' lang='grc' dir='ltr'><em>τῶν</em></span> <span class='ocrx_word' id='word_1_20' title='bbox 1589 593 2139 677; x_wconf 89' lang='grc' dir='ltr'><em>συναποδημούν-</em></span> 
     </span>
     <span class='ocr_line' id='line_1_4' title="bbox 209 697 2138 788; baseline 0.001 -24"><span class='ocrx_word' id='word_1_21' title='bbox 209 723 351 766; x_wconf 90' lang='grc' dir='ltr'><em>των</em></span> <span class='ocrx_word' id='word_1_22' title='bbox 398 700 575 788; x_wconf 76' lang='grc' dir='ltr'><em>αὐτῷ</em></span> <span class='ocrx_word' id='word_1_23' title='bbox 624 701 735 765; x_wconf 78' lang='grc' dir='ltr'><em>διὰ</em></span> <span class='ocrx_word' id='word_1_24' title='bbox 780 700 855 764; x_wconf 92' lang='grc' dir='ltr'><em>τὸ</em></span> <span class='ocrx_word' id='word_1_25' title='bbox 902 700 1143 777; x_wconf 90' lang='grc' dir='ltr'><em>κάλλος</em></span> <span class='ocrx_word' id='word_1_26' title='bbox 1188 709 1304 783; x_wconf 80' lang='grc' dir='ltr'><em>τῆς</em></span> <span class='ocrx_word' id='word_1_27' title='bbox 1361 699 1579 784; x_wconf 82' lang='grc' dir='ltr'><em>χώρας</em></span> <span class='ocrx_word' id='word_1_28' title='bbox 1630 697 2018 782; x_wconf 84' lang='grc' dir='ltr'><em>κατέμειναν</em></span> <span class='ocrx_word' id='word_1_29' title='bbox 2065 700 2138 765; x_wconf 82' lang='grc' dir='ltr'><em>έν</em></span> 
     </span>
     <span class='ocr_line' id='line_1_5' title="bbox 212 803 2137 893; baseline -0.001 -23"><span class='ocrx_word' id='word_1_30' title='bbox 212 815 296 890; x_wconf 78' lang='grc' dir='ltr'><em>τῇ</em></span> <span class='ocrx_word' id='word_1_31' title='bbox 325 808 622 893; x_wconf 76' lang='grc' dir='ltr'><strong><em>Σικελίᾳ,</em></strong></span> <span class='ocrx_word' id='word_1_32' title='bbox 662 803 772 871; x_wconf 86' lang='grc' dir='ltr'><em>καὶ</em></span> <span class='ocrx_word' id='word_1_33' title='bbox 808 815 948 882; x_wconf 80' lang='grc' dir='ltr'><em>τοῖς</em></span> <span class='ocrx_word' id='word_1_34' title='bbox 975 810 1297 883; x_wconf 76' lang='grc' dir='ltr'><em>Σικανοῖς</em></span> <span class='ocrx_word' id='word_1_35' title='bbox 1331 803 1795 889; x_wconf 76' lang='grc' dir='ltr'><em>καταμιγέντες</em></span> <span class='ocrx_word' id='word_1_36' title='bbox 1826 804 1899 869; x_wconf 82' lang='grc' dir='ltr'><em>έν</em></span> <span class='ocrx_word' id='word_1_37' title='bbox 1932 807 2137 891; x_wconf 80' lang='grc' dir='ltr'><em>ταύτῃ</em></span> 
     </span>
     <span class='ocr_line' id='line_1_6' title="bbox 152 908 2140 1001; baseline 0.003 -30"><span class='ocrx_word' id='word_1_38' title='bbox 152 931 180 971; x_wconf 88' lang='lat'>5</span> <span class='ocrx_word' id='word_1_39' title='bbox 211 908 630 1001; x_wconf 71' lang='grc' dir='ltr'><em>κατῴκησαν,</em></span> <span class='ocrx_word' id='word_1_40' title='bbox 677 913 1038 996; x_wconf 81' lang='grc' dir='ltr'><em>τιμώμενοι</em></span> <span class='ocrx_word' id='word_1_41' title='bbox 1085 913 1539 998; x_wconf 76' lang='grc' dir='ltr'><em>διαφερόντως</em></span> <span class='ocrx_word' id='word_1_42' title='bbox 1582 911 1713 977; x_wconf 85' lang='grc' dir='ltr'><em>ὑπὸ</em></span> <span class='ocrx_word' id='word_1_43' title='bbox 1759 922 1895 976; x_wconf 90' lang='grc' dir='ltr'><em>τῶν</em></span> <span class='ocrx_word' id='word_1_44' title='bbox 1940 910 2140 994; x_wconf 83' lang='grc' dir='ltr'><em>ἐγχω-</em></span> 
     </span>
     <span class='ocr_line' id='line_1_7' title="bbox 210 1015 2140 1105; baseline -0.001 -23"><span class='ocrx_word' id='word_1_45' title='bbox 210 1020 394 1105; x_wconf 91' lang='grc' dir='ltr'><em>ρίων.</em></span> <span class='ocrx_word' id='word_1_46' title='bbox 459 1018 495 1084; x_wconf 86' lang='grc' dir='ltr'>ὁ</span> <span class='ocrx_word' id='word_1_47' title='bbox 535 1016 596 1082; x_wconf 81' lang='grc' dir='ltr'><em>δ’</em></span> <span class='ocrx_word' id='word_1_48' title='bbox 636 1015 883 1093; x_wconf 77' lang='grc' dir='ltr'><em>Ἰόλαος</em></span> <span class='ocrx_word' id='word_1_49' title='bbox 929 1018 1217 1101; x_wconf 77' lang='grc' dir='ltr'><em>μεγάλης</em></span> <span class='ocrx_word' id='word_1_50' title='bbox 1264 1017 1597 1102; x_wconf 79' lang='grc' dir='ltr'><em>ἀποδοχῆς</em></span> <span class='ocrx_word' id='word_1_51' title='bbox 1640 1018 1991 1102; x_wconf 77' lang='grc' dir='ltr'><em>τυγχάνων</em></span> <span class='ocrx_word' id='word_1_52' title='bbox 2028 1015 2140 1081; x_wconf 89' lang='grc' dir='ltr'><em>καὶ</em></span> 
     </span>
     <span class='ocr_line' id='line_1_8' title="bbox 207 1122 2139 1217; baseline -0.001 -29"><span class='ocrx_word' id='word_1_53' title='bbox 207 1128 502 1217; x_wconf 88' lang='grc' dir='ltr'><em>πολλοὺς</em></span> <span class='ocrx_word' id='word_1_54' title='bbox 566 1125 930 1210; x_wconf 76' lang='grc' dir='ltr'><em>εὐεργετῶν</em></span> <span class='ocrx_word' id='word_1_55' title='bbox 996 1123 1069 1187; x_wconf 83' lang='grc' dir='ltr'><em>ἐν</em></span> <span class='ocrx_word' id='word_1_56' title='bbox 1143 1128 1420 1202; x_wconf 87' lang='grc' dir='ltr'><em>πολλαῖς</em></span> <span class='ocrx_word' id='word_1_57' title='bbox 1481 1136 1618 1191; x_wconf 89' lang='grc' dir='ltr'><em>τῶν</em></span> <span class='ocrx_word' id='word_1_58' title='bbox 1683 1128 1946 1190; x_wconf 91' lang='grc' dir='ltr'><em>πόλεων</em></span> <span class='ocrx_word' id='word_1_59' title='bbox 2012 1122 2139 1187; x_wconf 77' lang='grc' dir='ltr'><em>ἐτι-</em></span> 
     </span>
     <span class='ocr_line' id='line_1_9' title="bbox 140 1228 2211 1316; baseline 0.001 -21"><span class='ocrx_word' id='word_1_60' title='bbox 140 1268 157 1285; x_wconf 65' lang='grc'><strong>»</strong></span> <span class='ocrx_word' id='word_1_61' title='bbox 208 1232 395 1315; x_wconf 84' lang='grc' dir='ltr'><em>μήθη</em></span> <span class='ocrx_word' id='word_1_62' title='bbox 442 1229 740 1315; x_wconf 82' lang='grc' dir='ltr'><em>τεμένεσι</em></span> <span class='ocrx_word' id='word_1_63' title='bbox 785 1228 897 1294; x_wconf 89' lang='grc' dir='ltr'><em>καὶ</em></span> <span class='ocrx_word' id='word_1_64' title='bbox 940 1241 1160 1313; x_wconf 84' lang='grc' dir='ltr'><em>τιμαῖς</em></span> <span class='ocrx_word' id='word_1_65' title='bbox 1203 1229 1535 1316; x_wconf 78' lang='grc' dir='ltr'><em>ἡρωικαῖς.</em></span> <span class='ocrx_word' id='word_1_66' title='bbox 1599 1233 1777 1297; x_wconf 77' lang='grc' dir='ltr'><em>ἴδιον</em></span> <span class='ocrx_word' id='word_1_67' title='bbox 1816 1229 1896 1297; x_wconf 86' lang='grc' dir='ltr'><em>δέ</em></span> <span class='ocrx_word' id='word_1_68' title='bbox 1927 1252 1991 1295; x_wconf 89' lang='grc' dir='ltr'><em>τι</em></span> <span class='ocrx_word' id='word_1_69' title='bbox 2027 1228 2138 1294; x_wconf 87' lang='grc' dir='ltr'><em>καὶ</em></span> <span class='ocrx_word' id='word_1_70' title='bbox 2175 1251 2211 1298; x_wconf 89' lang='lat'>4</span> 
     </span>
     <span class='ocr_line' id='line_1_10' title="bbox 207 1333 2137 1423; baseline 0.001 -23"><span class='ocrx_word' id='word_1_71' title='bbox 207 1335 591 1423; x_wconf 81' lang='grc' dir='ltr'><em>παράδοξον</em></span> <span class='ocrx_word' id='word_1_72' title='bbox 629 1334 876 1419; x_wconf 82' lang='grc' dir='ltr'><em>συνέβη</em></span> <span class='ocrx_word' id='word_1_73' title='bbox 915 1333 1235 1418; x_wconf 86' lang='grc' dir='ltr'><em>γενέσθαι</em></span> <span class='ocrx_word' id='word_1_74' title='bbox 1272 1339 1437 1401; x_wconf 80' lang='grc' dir='ltr'><em>κατὰ</em></span> <span class='ocrx_word' id='word_1_75' title='bbox 1471 1339 1596 1422; x_wconf 85' lang='grc' dir='ltr'><em>τὴν</em></span> <span class='ocrx_word' id='word_1_76' title='bbox 1632 1336 1944 1402; x_wconf 79' lang='grc' dir='ltr'><em>ἀποικίαν</em></span> <span class='ocrx_word' id='word_1_77' title='bbox 1981 1336 2137 1401; x_wconf 89' lang='grc' dir='ltr'><em>ταύ-</em></span> 
     </span>
     <span class='ocr_line' id='line_1_11' title="bbox 124 1438 2146 1528; baseline 0.002 -25"><span class='ocrx_word' id='word_1_78' title='bbox 124 1464 179 1503; x_wconf 87' lang='lat'><em>10</em></span> <span class='ocrx_word' id='word_1_79' title='bbox 206 1464 358 1527; x_wconf 89' lang='grc' dir='ltr'><em>την·</em></span> <span class='ocrx_word' id='word_1_80' title='bbox 409 1442 445 1508; x_wconf 86' lang='grc' dir='ltr'>ὁ</span> <span class='ocrx_word' id='word_1_81' title='bbox 491 1438 614 1526; x_wconf 72' lang='grc' dir='ltr'><em>μὲν</em></span> <span class='ocrx_word' id='word_1_82' title='bbox 659 1442 785 1527; x_wconf 78' lang='grc' dir='ltr'><em>γὰρ</em></span> <span class='ocrx_word' id='word_1_83' title='bbox 832 1443 994 1519; x_wconf 88' lang='grc' dir='ltr'><em>θεὸς</em></span> <span class='ocrx_word' id='word_1_84' title='bbox 1040 1444 1322 1528; x_wconf 79' lang='grc' dir='ltr'><em>ἔχρησεν</em></span> <span class='ocrx_word' id='word_1_85' title='bbox 1368 1443 1594 1520; x_wconf 84' lang='grc' dir='ltr'><em>αὐτοῖς</em></span> <span class='ocrx_word' id='word_1_86' title='bbox 1639 1444 1740 1509; x_wconf 82' lang='grc' dir='ltr'><em>ὅτι</em></span> <span class='ocrx_word' id='word_1_87' title='bbox 1786 1445 2027 1521; x_wconf 88' lang='grc' dir='ltr'><em>πάντες</em></span> <span class='ocrx_word' id='word_1_88' title='bbox 2075 1444 2146 1508; x_wconf 78' lang='grc' dir='ltr'><em>οἱ</em></span> 
     </span>
     <span class='ocr_line' id='line_1_12' title="bbox 206 1546 2139 1631; baseline 0.002 -20"><span class='ocrx_word' id='word_1_89' title='bbox 206 1557 325 1630; x_wconf 79' lang='grc' dir='ltr'><em>τῆς</em></span> <span class='ocrx_word' id='word_1_90' title='bbox 389 1547 693 1625; x_wconf 81' lang='grc' dir='ltr'><em>ἀποικίας</em></span> <span class='ocrx_word' id='word_1_91' title='bbox 764 1549 1006 1631; x_wconf 87' lang='grc' dir='ltr'><em>ταύτης</em></span> <span class='ocrx_word' id='word_1_92' title='bbox 1081 1551 1514 1631; x_wconf 89' lang='grc' dir='ltr'><em>μετασχόντες</em></span> <span class='ocrx_word' id='word_1_93' title='bbox 1577 1546 1686 1613; x_wconf 88' lang='grc' dir='ltr'><em>καὶ</em></span> <span class='ocrx_word' id='word_1_94' title='bbox 1752 1550 1823 1613; x_wconf 75' lang='grc' dir='ltr'><em>οἰ</em></span> <span class='ocrx_word' id='word_1_95' title='bbox 1880 1551 2139 1614; x_wconf 91' lang='grc' dir='ltr'><em>τούτων</em></span> 
     </span>
     <span class='ocr_line' id='line_1_13' title="bbox 210 1653 2138 1738; baseline 0.001 -20"><span class='ocrx_word' id='word_1_96' title='bbox 210 1656 476 1734; x_wconf 84' lang='grc' dir='ltr'><em>ἔκγονοι</em></span> <span class='ocrx_word' id='word_1_97' title='bbox 525 1653 1023 1718; x_wconf 83' lang='grc' dir='ltr'><em>διατελέσουσιν</em></span> <span class='ocrx_word' id='word_1_98' title='bbox 1069 1654 1326 1718; x_wconf 82' lang='grc' dir='ltr'><em>ἅπαντα</em></span> <span class='ocrx_word' id='word_1_99' title='bbox 1371 1655 1490 1718; x_wconf 90' lang='grc' dir='ltr'><em>τὸν</em></span> <span class='ocrx_word' id='word_1_100' title='bbox 1536 1655 1746 1718; x_wconf 82' lang='grc' dir='ltr'><em>αἰῶνα</em></span> <span class='ocrx_word' id='word_1_101' title='bbox 1793 1654 2138 1738; x_wconf 90' lang='grc' dir='ltr'><em>διαμένον-</em></span> 
     </span>
     <span class='ocr_line' id='line_1_14' title="bbox 206 1757 2140 1844; baseline 0.001 -22"><span class='ocrx_word' id='word_1_102' title='bbox 206 1781 314 1835; x_wconf 85' lang='grc' dir='ltr'><em>τες</em></span> <span class='ocrx_word' id='word_1_103' title='bbox 362 1759 730 1844; x_wconf 85' lang='grc' dir='ltr'><em>έλεύθεροι,</em></span> <span class='ocrx_word' id='word_1_104' title='bbox 767 1760 844 1823; x_wconf 91' lang='grc' dir='ltr'><em>τὸ</em></span> <span class='ocrx_word' id='word_1_105' title='bbox 886 1757 946 1824; x_wconf 89' lang='grc' dir='ltr'><em>δ’</em></span> <span class='ocrx_word' id='word_1_106' title='bbox 992 1757 1402 1843; x_wconf 80' lang='grc' dir='ltr'><em>ἀποτέλεσμα</em></span> <span class='ocrx_word' id='word_1_107' title='bbox 1443 1759 1705 1824; x_wconf 90' lang='grc' dir='ltr'><em>τούτων</em></span> <span class='ocrx_word' id='word_1_108' title='bbox 1750 1758 2140 1835; x_wconf 78' lang='grc' dir='ltr'><em>ἀκολούθως</em></span> 
     </span>
     <span class='ocr_line' id='line_1_15' title="bbox 77 1858 2137 1953; baseline 0 -25"><span class='ocrx_word' id='word_1_109' title='bbox 77 1877 82 1881; x_wconf 84' lang='grc'><strong>’</strong></span> <span class='ocrx_word' id='word_1_110' title='bbox 207 1872 299 1952; x_wconf 74' lang='grc' dir='ltr'><em>τῷ</em></span> <span class='ocrx_word' id='word_1_111' title='bbox 346 1872 618 1953; x_wconf 76' lang='grc' dir='ltr'><em>χρησμῷ</em></span> <span class='ocrx_word' id='word_1_112' title='bbox 676 1863 962 1948; x_wconf 82' lang='grc' dir='ltr'><em>διέμεινε</em></span> <span class='ocrx_word' id='word_1_113' title='bbox 1006 1863 1197 1951; x_wconf 86' lang='grc' dir='ltr'><em>μέχρι</em></span> <span class='ocrx_word' id='word_1_114' title='bbox 1248 1875 1385 1929; x_wconf 89' lang='grc' dir='ltr'><em>τῶν</em></span> <span class='ocrx_word' id='word_1_115' title='bbox 1438 1858 1596 1929; x_wconf 89' lang='grc' dir='ltr'><em>καθ’</em></span> <span class='ocrx_word' id='word_1_116' title='bbox 1646 1863 1817 1949; x_wconf 81' lang='grc' dir='ltr'><em>ἡμᾶς</em></span> <span class='ocrx_word' id='word_1_117' title='bbox 1868 1876 2137 1950; x_wconf 90' lang='grc' dir='ltr'><em>καιρῶν.</em></span> 
     </span>
     <span class='ocr_line' id='line_1_16' title="bbox 130 1968 2209 2059; baseline 0.002 -25"><span class='ocrx_word' id='word_1_118' title='bbox 130 1992 181 2034; x_wconf 82' lang='lat'><em>15</em></span> <span class='ocrx_word' id='word_1_119' title='bbox 211 1971 282 2037; x_wconf 80' lang='grc' dir='ltr'><em>οί</em></span> <span class='ocrx_word' id='word_1_120' title='bbox 320 1968 444 2057; x_wconf 76' lang='grc' dir='ltr'><em>μὲν</em></span> <span class='ocrx_word' id='word_1_121' title='bbox 489 1972 616 2058; x_wconf 79' lang='grc' dir='ltr'><em>γὰρ</em></span> <span class='ocrx_word' id='word_1_122' title='bbox 663 1968 814 2037; x_wconf 84' lang='grc' dir='ltr'><em>λαοὶ</em></span> <span class='ocrx_word' id='word_1_123' title='bbox 862 1972 973 2037; x_wconf 79' lang='grc' dir='ltr'><em>διὰ</em></span> <span class='ocrx_word' id='word_1_124' title='bbox 1018 1972 1093 2036; x_wconf 92' lang='grc' dir='ltr'><em>τὸ</em></span> <span class='ocrx_word' id='word_1_125' title='bbox 1139 1974 1400 2056; x_wconf 82' lang='grc' dir='ltr'><em>πλῆθος</em></span> <span class='ocrx_word' id='word_1_126' title='bbox 1445 1980 1567 2037; x_wconf 87' lang='grc' dir='ltr'><em>τοῦ</em></span> <span class='ocrx_word' id='word_1_127' title='bbox 1612 1974 1882 2059; x_wconf 91' lang='grc' dir='ltr'><em>χρόνου,</em></span> <span class='ocrx_word' id='word_1_128' title='bbox 1920 1974 2139 2037; x_wconf 91' lang='grc' dir='ltr'><em>πλειό-</em></span> <span class='ocrx_word' id='word_1_129' title='bbox 2177 1990 2209 2040; x_wconf 84' lang='lat'>5</span> 
     </span>
     <span class='ocr_line' id='line_1_17' title="bbox 211 2079 2140 2165; baseline 0.001 -23"><span class='ocrx_word' id='word_1_130' title='bbox 211 2102 351 2143; x_wconf 90' lang='grc' dir='ltr'><em>νων</em></span> <span class='ocrx_word' id='word_1_131' title='bbox 403 2089 539 2143; x_wconf 91' lang='grc' dir='ltr'><em>τῶν</em></span> <span class='ocrx_word' id='word_1_132' title='bbox 595 2079 956 2165; x_wconf 89' lang='grc' dir='ltr'><em>βαρβάρων</em></span> <span class='ocrx_word' id='word_1_133' title='bbox 1011 2079 1229 2144; x_wconf 77' lang='grc' dir='ltr'><em>ὄντων</em></span> <span class='ocrx_word' id='word_1_134' title='bbox 1282 2090 1419 2143; x_wconf 91' lang='grc' dir='ltr'><em>τῶν</em></span> <span class='ocrx_word' id='word_1_135' title='bbox 1474 2082 1969 2163; x_wconf 86' lang='grc' dir='ltr'><em>μετεσχηκότων</em></span> <span class='ocrx_word' id='word_1_136' title='bbox 2024 2088 2140 2162; x_wconf 79' lang='grc' dir='ltr'><em>τῆς</em></span> 
     </span>
     <span class='ocr_line' id='line_1_18' title="bbox 215 2183 2139 2271; baseline -0.001 -21"><span class='ocrx_word' id='word_1_137' title='bbox 215 2183 547 2268; x_wconf 87' lang='grc' dir='ltr'><em>ἀποικίας,</em></span> <span class='ocrx_word' id='word_1_138' title='bbox 613 2184 1293 2271; x_wconf 79' lang='grc' dir='ltr'><em>ἐξεβαρβαρώθησαν,</em></span> <span class='ocrx_word' id='word_1_139' title='bbox 1368 2183 1477 2249; x_wconf 87' lang='grc' dir='ltr'><em>καὶ</em></span> <span class='ocrx_word' id='word_1_140' title='bbox 1550 2185 1982 2269; x_wconf 82' lang='grc' dir='ltr'><em>μεταστάντες</em></span> <span class='ocrx_word' id='word_1_141' title='bbox 2045 2186 2139 2261; x_wconf 83' lang='grc' dir='ltr'><em>εἰς</em></span> 
     </span>
     <span class='ocr_line' id='line_1_19' title="bbox 208 2286 2140 2378; baseline 0.001 -24"><span class='ocrx_word' id='word_1_142' title='bbox 208 2291 332 2373; x_wconf 83' lang='grc' dir='ltr'><em>τὴν</em></span> <span class='ocrx_word' id='word_1_143' title='bbox 377 2291 647 2376; x_wconf 88' lang='grc' dir='ltr'><em>ὀρεινὴν</em></span> <span class='ocrx_word' id='word_1_144' title='bbox 684 2290 757 2355; x_wconf 82' lang='grc' dir='ltr'><em>έν</em></span> <span class='ocrx_word' id='word_1_145' title='bbox 792 2301 937 2366; x_wconf 84' lang='grc' dir='ltr'><em>ταῖς</em></span> <span class='ocrx_word' id='word_1_146' title='bbox 976 2293 1378 2376; x_wconf 88' lang='grc' dir='ltr'><em>δυσχωρίαις</em></span> <span class='ocrx_word' id='word_1_147' title='bbox 1411 2286 1823 2378; x_wconf 72' lang='grc' dir='ltr'><em>κατῴκησαν,</em></span> <span class='ocrx_word' id='word_1_148' title='bbox 1872 2290 2140 2355; x_wconf 83' lang='grc' dir='ltr'><em>ἐθίσαν-</em></span> 
     </span>
     <span class='ocr_line' id='line_1_20' title="bbox 194 2394 2140 2484; baseline 0.001 -25"><span class='ocrx_word' id='word_1_149' title='bbox 194 2415 316 2471; x_wconf 68' lang='grc' dir='ltr'><em>’τες</em></span> <span class='ocrx_word' id='word_1_150' title='bbox 371 2395 431 2461; x_wconf 86' lang='grc' dir='ltr'><em>δ’</em></span> <span class='ocrx_word' id='word_1_151' title='bbox 485 2396 763 2474; x_wconf 83' lang='grc' dir='ltr'><em>ἑαυτοὺς</em></span> <span class='ocrx_word' id='word_1_152' title='bbox 823 2395 1194 2483; x_wconf 86' lang='grc' dir='ltr'><em>τρέφεσθαι</em></span> <span class='ocrx_word' id='word_1_153' title='bbox 1247 2398 1523 2479; x_wconf 90' lang='grc' dir='ltr'><em>γάλακτι</em></span> <span class='ocrx_word' id='word_1_154' title='bbox 1581 2395 1691 2462; x_wconf 86' lang='grc' dir='ltr'><em>καὶ</em></span> <span class='ocrx_word' id='word_1_155' title='bbox 1744 2395 1974 2484; x_wconf 78' lang='grc' dir='ltr'><em>κρέασι</em></span> <span class='ocrx_word' id='word_1_156' title='bbox 2029 2394 2140 2460; x_wconf 87' lang='grc' dir='ltr'><em>καὶ</em></span> 
     </span>
     <span class='ocr_line' id='line_1_21' title="bbox 138 2502 2139 2588; baseline 0.001 -24"><span class='ocrx_word' id='word_1_157' title='bbox 138 2522 189 2562; x_wconf 78' lang='lat'><em>20</em></span> <span class='ocrx_word' id='word_1_158' title='bbox 215 2504 461 2578; x_wconf 83' lang='grc' dir='ltr'><em>πολλὰς</em></span> <span class='ocrx_word' id='word_1_159' title='bbox 524 2502 760 2586; x_wconf 83' lang='grc' dir='ltr'><em>ἀγέλας</em></span> <span class='ocrx_word' id='word_1_160' title='bbox 832 2514 1096 2587; x_wconf 84' lang='grc' dir='ltr'><em>κτηνῶν</em></span> <span class='ocrx_word' id='word_1_161' title='bbox 1165 2502 1523 2588; x_wconf 80' lang='grc' dir='ltr'><em>τρέφοντες</em></span> <span class='ocrx_word' id='word_1_162' title='bbox 1594 2503 1718 2568; x_wconf 85' lang='grc' dir='ltr'><em>οὐκ</em></span> <span class='ocrx_word' id='word_1_163' title='bbox 1790 2502 2139 2568; x_wconf 82' lang='grc' dir='ltr'><em>ἐπεδέοντο</em></span> 
     </span>
     <span class='ocr_line' id='line_1_22' title="bbox 215 2604 2142 2693; baseline 0.002 -22"><span class='ocrx_word' id='word_1_164' title='bbox 215 2610 429 2673; x_wconf 86' lang='grc' dir='ltr'><em>σίτου·</em></span> <span class='ocrx_word' id='word_1_165' title='bbox 501 2611 1109 2685; x_wconf 88' lang='grc' dir='ltr'><em>κατασκευάσαντες</em></span> <span class='ocrx_word' id='word_1_166' title='bbox 1167 2604 1231 2674; x_wconf 89' lang='grc' dir='ltr'><em>δ’</em></span> <span class='ocrx_word' id='word_1_167' title='bbox 1293 2612 1582 2693; x_wconf 82' lang='grc' dir='ltr'><em>οἰκήσεις</em></span> <span class='ocrx_word' id='word_1_168' title='bbox 1637 2609 1896 2687; x_wconf 81' lang='grc' dir='ltr'><em>ἑαυτοῖς</em></span> <span class='ocrx_word' id='word_1_169' title='bbox 1948 2632 2142 2675; x_wconf 88' lang='grc' dir='ltr'><em>κατα-</em></span> 
     </span>
     <span class='ocr_line' id='line_1_23' title="bbox 213 2703 2141 2802; baseline 0.001 -23"><span class='ocrx_word' id='word_1_170' title='bbox 213 2718 433 2797; x_wconf 90' lang='grc' dir='ltr'><em>γείους</em></span> <span class='ocrx_word' id='word_1_171' title='bbox 477 2713 588 2780; x_wconf 89' lang='grc' dir='ltr'><em>καὶ</em></span> <span class='ocrx_word' id='word_1_172' title='bbox 632 2717 757 2800; x_wconf 81' lang='grc' dir='ltr'><em>τὴν</em></span> <span class='ocrx_word' id='word_1_173' title='bbox 801 2724 923 2780; x_wconf 86' lang='grc' dir='ltr'><em>τοῦ</em></span> <span class='ocrx_word' id='word_1_174' title='bbox 978 2717 1134 2798; x_wconf 93' lang='grc' dir='ltr'><em>βίου</em></span> <span class='ocrx_word' id='word_1_175' title='bbox 1183 2715 1592 2801; x_wconf 82' lang='grc' dir='ltr'><em>διεξαγωγὴν</em></span> <span class='ocrx_word' id='word_1_176' title='bbox 1639 2714 1713 2781; x_wconf 86' lang='grc' dir='ltr'><em>ἐν</em></span> <span class='ocrx_word' id='word_1_177' title='bbox 1757 2726 1897 2793; x_wconf 92' lang='grc' dir='ltr'><em>τοῖς</em></span> <span class='ocrx_word' id='word_1_178' title='bbox 1944 2703 2141 2802; x_wconf 89' lang='grc' dir='ltr'><em>ὀρύγ-</em></span> 
     </span>
     <span class='ocr_line' id='line_1_24' title="bbox 213 2820 2141 2907; baseline 0.001 -22"><span class='ocrx_word' id='word_1_179' title='bbox 213 2836 371 2905; x_wconf 90' lang='grc' dir='ltr'><em>μασι</em></span> <span class='ocrx_word' id='word_1_180' title='bbox 427 2822 822 2906; x_wconf 84' lang='grc' dir='ltr'><em>ποιούμενοι</em></span> <span class='ocrx_word' id='word_1_181' title='bbox 873 2824 1033 2898; x_wconf 87' lang='grc' dir='ltr'><em>τοὺς</em></span> <span class='ocrx_word' id='word_1_182' title='bbox 1089 2822 1160 2887; x_wconf 79' lang='grc' dir='ltr'><em>ἐκ</em></span> <span class='ocrx_word' id='word_1_183' title='bbox 1217 2832 1355 2887; x_wconf 89' lang='grc' dir='ltr'><em>τῶν</em></span> <span class='ocrx_word' id='word_1_184' title='bbox 1408 2820 1718 2907; x_wconf 86' lang='grc' dir='ltr'><em>πολέμων</em></span> <span class='ocrx_word' id='word_1_185' title='bbox 1780 2823 2141 2898; x_wconf 86' lang='grc' dir='ltr'><em>κινδύνους</em></span> 
     </span>
     <span class='ocr_line' id='line_1_25' title="bbox 215 2924 2206 3015; baseline 0.002 -25"><span class='ocrx_word' id='word_1_186' title='bbox 215 2925 554 3012; x_wconf 79' lang='grc' dir='ltr'><em>ἐξέφυγον.</em></span> <span class='ocrx_word' id='word_1_187' title='bbox 618 2929 724 2992; x_wconf 92' lang='grc' dir='ltr'><em>διὸ</em></span> <span class='ocrx_word' id='word_1_188' title='bbox 772 2925 884 2993; x_wconf 86' lang='grc' dir='ltr'><em>καὶ</em></span> <span class='ocrx_word' id='word_1_189' title='bbox 928 2930 1256 3015; x_wconf 89' lang='grc' dir='ltr'><em>πρότερον</em></span> <span class='ocrx_word' id='word_1_190' title='bbox 1302 2924 1425 3012; x_wconf 72' lang='grc' dir='ltr'><em>μὲν</em></span> <span class='ocrx_word' id='word_1_191' title='bbox 1462 2930 1937 3013; x_wconf 88' lang='grc' dir='ltr'><em>Καρχηδόνιοι,</em></span> <span class='ocrx_word' id='word_1_192' title='bbox 1978 2928 2138 3010; x_wconf 78' lang='grc' dir='ltr'><em>μετὰ</em></span> <span class='ocrx_word' id='word_1_193' title='bbox 2174 2947 2206 2994; x_wconf 83' lang='grc'><strong>6</strong></span> 
     </span>
     <span class='ocr_line' id='line_1_26' title="bbox 140 3029 2140 3118; baseline 0.002 -26"><span class='ocrx_word' id='word_1_194' title='bbox 140 3051 190 3092; x_wconf 80' lang='lat'><em>25</em></span> <span class='ocrx_word' id='word_1_195' title='bbox 218 3029 288 3096; x_wconf 72' lang='grc' dir='ltr'><em>δὲ</em></span> <span class='ocrx_word' id='word_1_196' title='bbox 342 3040 549 3097; x_wconf 84' lang='grc' dir='ltr'><em>ταῦτα</em></span> <span class='ocrx_word' id='word_1_197' title='bbox 594 3030 901 3117; x_wconf 89' lang='grc' dir='ltr'><em>Ῥωμαῖοι</em></span> <span class='ocrx_word' id='word_1_198' title='bbox 955 3034 1272 3110; x_wconf 89' lang='grc' dir='ltr'><em>πολλάκις</em></span> <span class='ocrx_word' id='word_1_199' title='bbox 1329 3037 1820 3118; x_wconf 87' lang='grc' dir='ltr'><em>πολεμήσαντες</em></span> <span class='ocrx_word' id='word_1_200' title='bbox 1875 3033 2140 3107; x_wconf 89' lang='grc' dir='ltr'><em>τούτοις</em></span> 
     </span>
     <span class='ocr_line' id='line_1_27' title="bbox 216 3137 1580 3226; baseline -0.003 -24"><span class='ocrx_word' id='word_1_201' title='bbox 216 3147 327 3220; x_wconf 83' lang='grc' dir='ltr'><em>τῆς</em></span> <span class='ocrx_word' id='word_1_202' title='bbox 372 3137 760 3223; x_wconf 80' lang='grc' dir='ltr'><em>προθέσεως</em></span> <span class='ocrx_word' id='word_1_203' title='bbox 807 3141 1193 3226; x_wconf 84' lang='grc' dir='ltr'><em>διήμαρτον.</em></span> <span class='ocrx_word' id='word_1_204' title='bbox 1555 3173 1580 3198; x_wconf 58' lang='lat'><em>2</em></span> 
     </span>
     <span class='ocr_line' id='line_1_28' title="bbox 390 3237 2138 3331; baseline -0.002 -23"><span class='ocrx_word' id='word_1_205' title='bbox 390 3241 525 3309; x_wconf 88' lang='grc' dir='ltr'><em>Καὶ</em></span> <span class='ocrx_word' id='word_1_206' title='bbox 580 3242 731 3331; x_wconf 87' lang='grc' dir='ltr'><em>περὶ</em></span> <span class='ocrx_word' id='word_1_207' title='bbox 784 3242 909 3330; x_wconf 73' lang='grc' dir='ltr'><em>μὲν</em></span> <span class='ocrx_word' id='word_1_208' title='bbox 959 3242 1219 3310; x_wconf 88' lang='grc' dir='ltr'><em>Ἰολάου</em></span> <span class='ocrx_word' id='word_1_209' title='bbox 1271 3243 1383 3309; x_wconf 87' lang='grc' dir='ltr'><em>καὶ</em></span> <span class='ocrx_word' id='word_1_210' title='bbox 1434 3243 1852 3325; x_wconf 83' lang='grc' dir='ltr'><em>Θεσπιαδῶν,</em></span> <span class='ocrx_word' id='word_1_211' title='bbox 1908 3243 2003 3305; x_wconf 82' lang='grc' dir='ltr'><em>ἔτι</em></span> <span class='ocrx_word' id='word_1_212' title='bbox 2063 3237 2138 3306; x_wconf 70' lang='grc' dir='ltr'><em>δὲ</em></span> 
     </span>
     <span class='ocr_line' id='line_1_29' title="bbox 213 3347 2141 3437; baseline -0.002 -23"><span class='ocrx_word' id='word_1_213' title='bbox 213 3360 324 3435; x_wconf 79' lang='grc' dir='ltr'><em>τῆς</em></span> <span class='ocrx_word' id='word_1_214' title='bbox 360 3350 666 3428; x_wconf 88' lang='grc' dir='ltr'><em>ἀποικίας</em></span> <span class='ocrx_word' id='word_1_215' title='bbox 700 3360 816 3436; x_wconf 82' lang='grc' dir='ltr'><em>τῆς</em></span> <span class='ocrx_word' id='word_1_216' title='bbox 853 3353 948 3428; x_wconf 76' lang='grc' dir='ltr'><em>εἰς</em></span> <span class='ocrx_word' id='word_1_217' title='bbox 974 3353 1296 3437; x_wconf 89' lang='grc' dir='ltr'><em>Σαρδόνα</em></span> <span class='ocrx_word' id='word_1_218' title='bbox 1331 3348 1693 3434; x_wconf 88' lang='grc' dir='ltr'><em>γενομένης</em></span> <span class='ocrx_word' id='word_1_219' title='bbox 1727 3347 2141 3434; x_wconf 87' lang='grc' dir='ltr'><em>ἀρκεσθησό-</em></span> 
     </span>
    </p>
   </div>
   <div class='ocr_carea' id='block_1_3' title="bbox 391 3574 1073 3650">
    <p class='ocr_par' dir='ltr' id='par_1_3' title="bbox 391 3574 1073 3650">
     <span class='ocr_line' id='line_1_30' title="bbox 391 3574 1073 3650; baseline 0.001 -18"><span class='ocrx_word' id='word_1_220' title='bbox 391 3584 457 3633; x_wconf 83' lang='grc'><em>13</em></span> <span class='ocrx_word' id='word_1_221' title='bbox 495 3575 738 3650; x_wconf 87' lang='grc' dir='ltr'><em>τούτων]</em></span> <span class='ocrx_word' id='word_1_222' title='bbox 777 3574 969 3633; x_wconf 73' lang='grc' dir='ltr'><em>αὐτῶν</em></span> <span class='ocrx_word' id='word_1_223' title='bbox 1007 3576 1073 3633; x_wconf 90' lang='lat' dir='ltr'><em>D.</em></span> 
     </span>
    </p>
   </div>
  </div>
 </body>
</html>
