2569 4061
372 180 463 245 40
1052 179 1356 236 DIODORI
1395 180 1632 237 SICULI

375 357 574 425 γουσι
610 341 691 408 δέ
720 365 895 419 τινες
930 344 1244 429 Σάραπιν
1280 338 1453 409 εἶναι
1490 345 1609 409 τὸν
1645 344 1821 429 παρὰ
1856 354 1996 421 τοῖς
2026 342 2301 430 Ἕλλησι

378 450 750 514 Πλούτωνα
813 449 1319 535 ὀνομαζόμενον.
1412 448 1579 533 φασὶ
1639 447 1699 515 δ’
1763 451 2123 533 Αἰγύπτιοι
2175 454 2300 535 τὴν

368 547 531 621 Ἶσιν
568 556 938 641 φαρμάκων
973 579 1043 622 τε
1088 560 1357 622 πολλῶν
1392 557 1559 643 πρὸς
1594 556 1875 640 ὑγίειαν.
1896 556 2157 644 εὑρέτιν
2194 582 2300 642 γε-.

375 660 648 746 γονέναι
692 661 806 727 καὶ
849 670 965 746 τῆς
1021 664 1316 750 ἰατρικῆς
1372 662 1730 748 ἐπιστήμης
1784 665 2078 749 μεγάλην
2124 667 2300 750 ἔχειν

307 787 339 834 3
379 767 746 856 ἐμπειρίαν·
823 771 929 835 διὸ
993 767 1106 835 καὶ
1177 777 1515 854 τυχοῦσαν
1578 779 1694 854 τῆς
1755 770 2129 849 ἀθανασίας
2195 770 2299 838 ἐπὶ
2326 806 2355 847 5

376 887 520 954 ταῖς
576 880 964 962 θεραπείαις
1026 887 1160 941 τῶν
1225 875 1606 962 ἀνθρώπων
1645 879 1951 962 μάλιστα
2022 881 2300 964 χαίρειν,

376 981 487 1048 καὶ
533 984 696 1048 κατὰ
741 985 899 1059 τοὺς
942 981 1200 1059 ὕπνους
1243 992 1385 1060 τοῖς
1431 981 1692 1061 ἀξιοῦσι
1738 985 2001 1050 διδόναι
2047 988 2295 1068 βοηθή-

379 1114 571 1175 ματα,
618 1100 926 1175 φανερῶς
972 1087 1523 1175 ἐπιδεικνυμένην
1558 1091 1681 1173 τήν
1722 1113 1792 1156 τε
1841 1092 2021 1156 ἰδίαν
2067 1089 2302 1175 ἐπιφά-

378 1220 567 1262 νειαν
621 1193 732 1260 καὶ
775 1198 851 1261 τὸ
905 1197 1071 1281 πρὸς
1114 1199 1272 1273 τοὺς
1333 1196 1693 1281 δεομένους
1737 1208 1874 1262 τῶν
1921 1196 2302 1282 ἀνθρώπων

308 1320 343 1368 4
381 1303 811 1388 εὐεργετικόν.
885 1301 1252 1383 ἀποδείξεις
1290 1299 1365 1368 δὲ
1400 1304 1658 1369 τούτων
1686 1301 1852 1387 φασὶ
1891 1301 2123 1390 φέρειν
2151 1302 2301 1368 ἑαυ-
2331 1338 2385 1379 10

378 1412 536 1486 τοὺς
565 1409 647 1474 οὐ
676 1411 1089 1492 μυθολογίας
1117 1408 1361 1494 ὁμοίως
1396 1419 1537 1486 τοῖς
1558 1407 1896 1494 Ἕλλησιν,
1936 1408 2103 1475 ἀλλὰ
2138 1410 2303 1496 πρά-

382 1516 511 1596 ξεις
566 1515 887 1602 ἐναργεῖς·
953 1525 1174 1582 πᾶσαν
1235 1518 1365 1603 γὰρ
1422 1518 1662 1601 σχεδὸν
1717 1518 1841 1601 τὴν
1901 1515 2304 1601 οἰκουμένην

381 1631 741 1708 μαρτυρεῖν
787 1619 1068 1705 ἑαυτοῖς,
1115 1624 1210 1699 εἰς
1253 1623 1372 1699 τὰς
1415 1623 1656 1705 ταύτης
1689 1623 1881 1707 τιμὰς
1917 1628 2306 1709 φιλοτιμου-

311 1746 343 1795 5
379 1727 589 1814 μένην
627 1730 738 1793 διὰ
775 1730 898 1812 τὴν
937 1727 1010 1793 ἐν
1045 1738 1189 1805 ταῖς
1224 1730 1614 1810 θεραπείαις
1657 1727 2067 1813 ἐπιφάνειαν.
2141 1733 2305 1794 κατὰ

381 1838 507 1921 γὰρ
544 1838 702 1912 τοὺς
737 1834 993 1911 ὕπνους
1031 1832 1478 1917 ἐφισταμένην
1507 1835 1768 1899 διδόναι
1806 1845 1946 1911 τοῖς
1976 1835 2305 1919 κάμνουσι
2336 1869 2390 1912 15·

381 1945 778 2027 βοηθήματα
822 1942 989 2027 πρὸς
1033 1941 1149 2017 τὰς
1193 1943 1470 2023 νόσους,
1529 1938 1639 2005 καὶ
1684 1943 1843 2018 τοὺς
1886 1941 2306 2007 ὑπακούσαν-

381 2073 497 2126 τας
542 2049 707 2135 αὐτῇ
761 2048 1154 2135 παραδόξως
1204 2047 1619 2132 ὑγιάζεσθαι·
1676 2046 1786 2114 καὶ
1839 2053 2130 2127 πολλοὺς
2184 2046 2307 2134 μὲν
2345 2070 2414 2120 30

382 2157 511 2222 ὑπὸ
558 2166 693 2221 τῶν
741 2158 986 2242 ἰατρῶν
1034 2156 1146 2221 διὰ
1192 2157 1316 2240 τὴν
1361 2155 1727 2222 δυσκολίαν
1766 2165 1888 2223 τοῦ
1934 2160 2308 2243 νοσήματος

384 2261 911 2339 ἀπελπισθέντας
974 2263 1104 2327 ὑπὸ
1163 2263 1407 2346 ταύτης
1463 2264 1824 2347 σώζεσθαι,
1890 2266 2179 2350 συχνοὺς
2235 2260 2309 2329 δὲ

382 2373 721 2446 παντελῶς
764 2366 1199 2454 πηρωθέντας
1242 2370 1358 2445 τὰς
1414 2368 1680 2455 ὁράσεις
1723 2371 1767 2453 ἤ
1812 2394 1962 2436 τινα
2016 2381 2151 2436 τῶν
2197 2372 2305 2435 άλὲ-
2337 2387 2391 2428 20

385 2479 522 2539 λων
585 2485 805 2560 μερῶν
868 2483 990 2557 τοῦ
1045 2474 1375 2560 σώματος,
1443 2477 1604 2543 ὅταν
1662 2478 1828 2563 πρὸς
1881 2477 2131 2559 ταύτην
2185 2476 2309 2559 τὴν

382 2582 550 2647 θεὸν
593 2581 1089 2665 καταφύγωσιν,
1136 2583 1231 2660 εἰς
1274 2582 1400 2666 τὴν
1445 2582 1966 2669 προϋπάρξασαν
2012 2582 2308 2647 ἀποκαθ-

315 2708 346 2756 6
387 2691 701 2754 ίστασθαι
754 2687 955 2767 τάξιν.
1031 2688 1254 2772 εὑρεῖν
1311 2687 1372 2755 δ’
1431 2690 1641 2775 αὐτὴν
1693 2686 1804 2753 καὶ
1840 2689 1941 2753 ’τὸ
1988 2696 2103 2781 τῆς
2140 2686 2309 2752 ἀθα-

386 2798 621 2873 νασίας
665 2796 1042 2881 φάρμακον,
1091 2792 1180 2861 δι’
1235 2791 1318 2861 οὗ
1364 2798 1481 2861 τὸν
1526 2797 1678 2860 υἱὸν
1714 2786 1950 2878 Ὦρον,
1996 2794 2127 2859 ὑπὸ
2174 2804 2308 2859 τῶν

395 2902 696 2968 Τιτάνων
725 2900 1291 2987 ἐπιβουλευθέντα
1326 2900 1437 2967 καὶ
1464 2902 1705 2984 νεκρὸν
1743 2898 2104 2983 εὑρεθέντα
2142 2897 2299 2965 καθ’
2337 2916 2392 2959 25

385 3009 661 3093 ὕδατος,
717 3011 806 3094 μὴ
867 3012 1081 3094 μόνον
1136 3007 1532 3090 ἀναστῆσαι,
1590 3007 1844 3070 δοῦσαν
1899 3008 2019 3091 τὴν
2064 3009 2309 3092 ψυχήν,

319 3135 349 3184 ’7
388 3115 553 3182 ἀλλὰ
590 3114 701 3181 καὶ
746 3124 863 3198 τῆς
910 3114 1282 3189 ἀθανασίας
1328 3120 1600 3195 ποιῆσαι
1645 3115 2052 3197 μεταλαβεῖν.
2129 3115 2316 3181 δοκεῖ

390 3217 456 3287 δ’
517 3221 798 3298 ὕστατος
851 3231 987 3285 τῶν
1040 3227 1224 3285 θεῶν
1279 3214 1476 3297 οὗτος
1529 3224 1919 3304 βασιλεῦσαι
1975 3223 2136 3306 μετὰ
2188 3224 2313 3307 τὴν

501 3383 533 3430 2
571 3349 942 3446 νομιζόμενον
982 3376 1077 3433 OD
1188 3383 1220 3432 5
1261 3375 1583 3451 ἐμπειρίαν]
1623 3380 1722 3434 καὶ
1757 3374 1820 3434 τὸ
1862 3375 2101 3435 σύνολον
2137 3377 2314 3435 πολλὰ

401 3444 842 3513 μηχανήσασθαι
880 3449 1010 3503 add.
1049 3445 1098 3501 D
1245 3450 1366 3520 καὶ]
1403 3449 1501 3506 καὶ
1538 3451 1645 3506 νῦν
1681 3450 1748 3506 D.
