2569 4061
388 287 522 354 482
1059 283 1366 342 monom
1404 283 1635 341 slctm

319 476 354 523 4
391 456 677 533 συγγενῆ
733 449 854 512 τὸν
899 456 1022 513 τοῦ
1076 444 1401 532 βασιλέως
1448 442 1636 512 οἶκον
1685 454 1973 529 ποιῆσαι.
2066 444 2337 527 ἀγανα-

388 556 671 638 κτούσης
726 548 801 619 δὲ
847 560 963 637 τῆς
1018 554 1334 637 γυναικὸς
1386 550 1497 619 καὶ
1549 554 1758 629 θεοὺς
1809 550 2343 638 μαρτυρομένης

388 664 546 739 τοὺς
601 660 884 738 ἐπόπτας
946 657 1350 744 γενομένους
1420 669 1556 724 τῶν
1621 658 1872 745 ὅρκων,
1946 656 2116 743 φασὶ
2176 660 2316 724 τὸν
2340 668 2466 721 298

383 765 650 835 Ἰάσονα
694 769 1293 854 καταφρονήσαντα
1338 775 1473 830 τῶν
1510 766 1730 851 ὅρκων
1774 774 1979 849 γῆμαι
2023 765 2147 848 τὴν
2193 776 2337 831 τοῦ

320 898 352 946 5
391 874 715 959 βασιλέως
748 871 1110 957 θυγατέρα.
1173 872 1297 957 τὴν
1333 868 1410 938 δὲ
1440 873 1752 957 Μήδειαν
1788 870 2332 957 ἐξελαυνομένην
2367 897 2400 937 5

391 980 464 1047 ἐκ
500 991 615 1066 τῆς
658 982 933 1063 πόλεως,
969 977 1082 1045 καὶ
1117 981 1278 1063 μίαν
1313 977 1568 1065 ἡμέραν
1602 979 1784 1062 παρὰ
1818 986 1942 1044 τοῦ
1980 977 2333 1063 Κρέοντος

391 1091 733 1172 λαβοῦσαν
779 1088 874 1163 εἰς
926 1087 1050 1169 τὴν
1103 1093 1221 1168 τῆς
1273 1093 1495 1169 φυγῆς
1537 1087 1997 1170 παρασκευήν,
2054 1086 2148 1161 εἰς
2193 1082 2329 1167 μὲν

390 1197 472 1260 τὰ
543 1195 845 1277 βασίλεια
918 1191 1160 1267 νυκτὸς
1231 1192 1567 1257 εἰσελθεῖν
1640 1190 2105 1257 ἀλλοιώσασαν
2175 1202 2329 1269 τοῖς

392 1298 766 1384 φαρμάκοις
808 1298 931 1380 τὴν
968 1295 1173 1381 αὐτῆς
1218 1298 1400 1381 ὄψιν,
1447 1295 1559 1363 καὶ
1596 1299 1722 1381 τὴν
1768 1299 1987 1363 οἰκίαν
2026 1297 2322 1383 ὑφάψαι,

392 1404 600 1492 ῥίζιόν
653 1427 718 1469 τι
771 1409 1221 1489 προσθεῖσαν,
1276 1402 1650 1490 εὑρημένον
1703 1400 1825 1488 μὲν
1880 1404 2012 1470 ὑπὸ
2065 1407 2323 1490 Κίρκης
2356 1428 2418 1467 10

389 1517 506 1594 τῆς
551 1510 875 1595 ἀδελφῆς,
922 1511 1212 1595 δύναμιν
1257 1506 1319 1576 δ’
1372 1514 1557 1596 ἔχον,
1605 1509 1770 1576 ἐπὰν
1815 1509 2109 1596 ἐξαφθῇ,
2158 1513 2321 1576 δυσ-

390 1619 858 1702 κατάσβεστον.
923 1618 1118 1702 ἄφνω
1167 1613 1241 1683 δὲ
1278 1616 1715 1701 φλεγομένων
1757 1628 1893 1683 τῶν
1935 1621 2320 1702 βασιλείων,

391 1725 512 1790 τὸν
556 1719 680 1809 μὲν
720 1718 981 1790 Ἰάσονα
1015 1722 1261 1809 ταχέως
1298 1723 1684 1809 ἐκπηδῆσαι,
1730 1725 1854 1809 τὴν
1890 1722 1967 1790 δὲ
2003 1726 2321 1809 Γλαύκην

390 1829 503 1897 καὶ
547 1833 666 1896 τὸν
715 1828 1021 1917 Κρέοντα
1065 1838 1187 1895 τοῦ
1234 1831 1445 1915 πυρὸς
1491 1834 2122 1916 περικαταλαβόντος
2166 1832 2316 1894 δια-

321 1960 353 2009 6
393 1944 756 2024 φθαρῆναι.
811 1932 988 2014 τινὲς
1024 1933 1099 2002 δὲ
1134 1946 1270 2001 τῶν
1309 1935 1759 2022 συγγραφέων
1795 1936 1959 2022 φασὶ
1993 1938 2148 2013 τοὺς
2185 1931 2311 2020 μὲν
2345 1957 2404 1999 15

391 2044 583 2121 υἱοὺς
617 2051 734 2128 τῆς
768 2045 1074 2128 Μηδείας
1121 2044 1307 2131 δῶρα
1342 2045 1611 2129 κομίσαι
1655 2054 1735 2131 τῇ
1773 2047 2005 2131 νύμφῃ
2050 2045 2317 2129 φαρμά-

391 2174 536 2226 κοις
578 2149 953 2236 κεχριμένα,
1003 2150 1126 2235 τὴν
1172 2147 1247 2217 δὲ
1295 2152 1606 2235 Γλαύκην
1653 2149 2021 2236 δεξαμένην
2064 2149 2177 2216 καὶ
2220 2159 2313 2239 τῷ

394 2257 646 2343 σώματι
690 2255 1138 2344 περιθεμένην
1192 2259 1404 2343 αὐτήν
1448 2281 1519 2323 τε
1574 2265 1891 2344 συμφορᾷ
1935 2268 2316 2345 περιπεσεῖν

392 2363 506 2431 καὶ
558 2365 676 2431 τὸν
720 2364 970 2451 πατέρα
1025 2367 1414 2450 βοηθοῦντα
1468 2363 1580 2431 καὶ
1623 2373 1745 2430 τοῦ
1802 2365 2105 2450 σώματος
2150 2365 2315 2444 ἁψά-

324 2493 353 2542 ’1
394 2495 599 2555 μενον
660 2476 1062 2556 τελευτῆσαι.
1170 2473 1295 2556 τὴν
1360 2469 1434 2537 δὲ
1496 2473 1809 2556 Μήδειαν
1872 2470 2312 2558 ἐπιτυχοῦσαν
2338 2490 2393 2531 2⁰

395 2587 538 2654 τοῖς
573 2578 862 2662 πρώτοις
900 2577 1365 2663 ἐγχειρήμασιν
1403 2578 1528 2643 οὐκ
1564 2577 1929 2662 ἀποστῆναι
1964 2587 2082 2662 τῆς
2112 2576 2313 2645 Ἰάσο-

391 2706 509 2759 νος
562 2684 894 2766 τιμωρίας.
987 2680 1095 2747 ἐπὶ
1148 2693 1431 2749 τοσοῦτο
1495 2686 1623 2769 γὰρ
1684 2688 2046 2769 προελθεῖν
2105 2684 2310 2767 αὐτὴν

392 2788 594 2877 ὀργῆς
650 2788 784 2872 ἅμα
836 2785 948 2853 καὶ
1005 2791 1428 2874 ζηλοτυπίας,
1475 2792 1570 2856 ἔτι
1617 2785 1679 2856 δ’
1732 2790 2098 2875 ὠμότητος,
2155 2790 2303 2857 ὥστ’

394 2894 534 2963 ἐπεὶ
595 2892 871 2980 διέφυγε
935 2896 1055 2960 τὸν
1110 2896 1271 2980 μετὰ
1333 2905 1451 2982 τῆς
1503 2897 1771 2982 νύμφης
1833 2898 2187 2981 κίνδυνον,
2233 2906 2308 2983 τῇ

393 3012 618 3090 σφαγῇ
663 3013 799 3069 τῶν
850 3012 1099 3067 κοινῶν
1142 3000 1397 3069 τέκνων
1452 3002 1764 3088 ἐμβαλεῖν
1810 3003 2016 3069 αὐτὸν
2060 3005 2157 3081 εἰς
2198 3005 2308 3082 τὰς
2330 3020 2384 3062 25
2513 3044 2514 3089 χ

393 3113 701 3193 μεγίστας
738 3109 1116 3193 συμφοράς·
1153 3110 1330 3193 πλὴν
1364 3111 1491 3195 γὰρ
1521 3107 1669 3186 ἑνὸς
1705 3117 1827 3175 τοῦ
1865 3110 2306 3195 διαφυγόντος

391 3216 550 3290 τοὺς
594 3216 838 3290 ἄλλους
882 3214 1073 3290 υἱοὺς
1111 3213 1487 3299 ἀποσφάξαι
1536 3212 1672 3296 [καὶ
1717 3216 1798 3279 τὰ
1844 3216 2115 3300 σώματα
2160 3216 2302 3280 τού-

2509 3188 2512 3227 l

537 3407 565 3453 1
605 3404 708 3455 τοῦ
747 3419 855 3456 om.
893 3403 1045 3471 vulg.
1176 3410 1211 3459 4
1247 3405 1362 3458 τῶν
1401 3425 1588 3474 ορκων
1627 3423 1736 3460 om.
1774 3406 1925 3476 vulg.
2056 3412 2088 3461 6
2125 3402 2300 3530 napa}
2503 3386 2508 3499 Ι

390 3462 503 3521 ἀπὸ
542 3469 593 3521 II
711 3475 781 3523 20
817 3467 932 3526 ἀπο
936 3474 1219 3540 τυχοῦσαν
1255 3473 1420 3528 Dind.
1547 3482 1615 3529 24
1654 3473 1895 3545 ἐξέφυγε
1933 3475 1986 3529 ΙΙ
2109 3480 2175 3530 27
2210 3496 2277 3530 κα

388 3531 556 3585 τοὶ-
587 3535 785 3605 θάψαι
821 3539 1006 3594 delevi
1044 3545 1112 3610 (ο.
1152 3548 1239 3610 55,
1279 3545 1350 3612 1).
