2569 4061
776 400 872 455 DE
914 397 1261 454 SERMONE
1302 394 1690 455 DIODOREO.
2028 398 2209 454 LXXI

270 590 461 647 quum
517 569 734 629 dixisse
790 568 1068 630 videatur
1122 565 1449 643 DiodoruS,
1515 566 1670 642 quod
1731 568 1831 643 14,
1873 568 1976 641 23,
2017 569 2055 625 2
2113 568 2206 626 est

273 661 499 729 τοσοῦτ’
551 660 633 728 ἐπ’
685 662 925 742 αὐτούς,
972 652 1134 724 haud
1182 655 1436 743 dubie*)
1486 662 1866 723 scribendum
1902 670 2208 725 τοσοῦτον.

462 760 882 845 Τρωγλοδύτης
908 761 1044 822 -etsi
1089 760 1233 819 libri
1279 762 1625 820 constanter
1673 760 1940 821 scribunt
1974 781 2111 822 cum
2148 765 2204 839 λ,

277 866 482 923 tamen
509 863 688 940 quam
722 861 908 921 fallax
946 859 1028 919 sit
1065 877 1274 919 eorum
1311 856 1459 917 fides
1499 857 1826 917 ostendunt
1859 858 2002 917 libri
2031 859 2202 919 Stra·

276 958 468 1035 bonis,
515 959 618 1034 qui
663 958 780 1018 etsi
826 957 1039 1017 ceteris
1085 954 1231 1016 locis
1270 954 1466 1032 iisque
1503 954 1713 1015 multis
1751 955 2095 1030 conspirant
2138 957 2206 1015 in

273 1055 487 1115 eadem
542 1055 867 1130 scriptura,
932 1071 1051 1111 uno
1114 1056 1323 1112 tamen
1386 1053 1516 1114 loco
1583 1053 1847 1129 optimus
1906 1056 1968 1112 et
2030 1071 2208 1128 saepe

273 1154 472 1219 solam
525 1170 733 1213 veram
787 1168 1035 1211 servans
1090 1149 1446 1225 scripturam
1503 1149 1687 1210 codex
1733 1149 2065 1210 Vaticanus
2126 1153 2207 1209 16

276 1271 340 1325 p.
365 1250 489 1308 768
520 1249 613 1308 bis
644 1247 886 1308 exhibet
926 1247 1182 1307 formam
1217 1245 1649 1326 Τρωγοὸυτική.
1694 1246 1899 1325 Atque
1927 1247 2210 1324 Epitome

275 1346 420 1404 libri
462 1348 540 1406 16
581 1365 637 1421 p.
670 1346 815 1420 574,
868 1346 948 1404 13
999 1345 1089 1403 ed.
1135 1343 1414 1404 Krameri
1456 1344 1858 1424 Τρωγοὸυτῶν
1895 1348 1959 1406 et
1999 1348 2080 1406 16
2122 1343 2211 1405 ὅτι

283 1441 663 1521 Τρωγοδύται
706 1437 852 1503 ἄνευ
898 1448 1006 1501 τοῦ
1053 1444 1085 1500 λ
1127 1437 1281 1527 λέγει
1319 1438 1351 1500 ὅ
1387 1441 1696 1521 Στράβων.
1762 1441 1946 1503 Cuius
1994 1443 2211 1503 diserti

272 1540 625 1613 testimonii,
673 1556 790 1614 quo
829 1541 1174 1599 constanter
1218 1538 1373 1597 hano
1416 1539 1508 1597 illi
1552 1540 1808 1599 formam
1853 1558 1984 1600 esse
2029 1540 2209 1602 resti·

273 1637 568 1697 tuendam
614 1636 927 1710 evincitur,
974 1636 1224 1711 ignarus
1273 1632 1468 1694 adhuc
1504 1635 1886 1714 Letronnius,
1935 1638 2038 1715 qui
2082 1639 2208 1698 iam

274 1733 636 1794 Becherches
692 1750 797 1791 sur
852 1733 904 1791 le
959 1732 1103 1790 livre
1155 1732 1250 1791 Dc
1303 1749 1579 1792 mensura
1633 1734 1789 1792 orbis
1844 1739 2029 1794 terrae
2084 1754 2210 1808 par

273 1831 484 1890 Dicuil
508 1847 574 1904 p.
597 1831 680 1887 77
717 1828 1064 1905 scripserat:
1113 1821 1481 1905 ‘Trogoditis
1523 1827 1764 1887 Arabia.
1804 1829 2016 1889 J'ecris
2068 1830 2213 1891 Tro-

276 1928 521 2005 godytis
580 1929 643 1986 et
697 1944 821 1985 non
876 1925 1297 2003 Troglodytis,
1360 1943 1541 2002 parce
1588 1944 1704 2001 que
1759 1926 1907 1986 c'est
1967 1926 2211 1987 l’ortho-

277 2026 506 2103 graphe
539 2026 858 2086 constante
892 2023 997 2084 des
1025 2025 1386 2086 manuscrits
1416 2024 1489 2085 de
1508 2023 1681 2084 Pline
1712 2019 1835 2100 [cui
1863 2027 2212 2086 constanter

277 2119 550 2182 restituit
593 2118 1031 2197 Detlefsenus],
1080 2121 1264 2199 Solin,
1311 2122 1474 2182 Mela
1518 2113 1898 2204 (Oiacconius
1945 2124 2022 2184 ad
2068 2124 2213 2185 Mel.

283 2224 339 2297 1,
372 2222 429 2295 8,
458 2213 593 2302 43),
637 2221 869 2281 Isidore
917 2212 1195 2301 (passim3
1245 2237 1324 2278 au
1369 2219 1494 2279 lieu
1530 2220 1604 2278 de
1643 2219 2028 2297 Tragodytae
2069 2218 2137 2296 [9
2160 2240 2211 2281 c.

280 2319 384 2392 21,
431 2337 486 2391 p.
522 2319 643 2375 121
667 2315 748 2392 B]
795 2318 940 2377 lisez
980 2308 1398 2396 Trogodytae)
1448 2319 1509 2375 et
1555 2316 1701 2392 qu’il
1745 2336 1820 2376 ne
1866 2335 1962 2376 me
2008 2322 2211 2393 parait

278 2431 389 2488 pas
436 2417 664 2487 prouve
713 2432 825 2489 que
880 2416 970 2474 les
1027 2414 1407 2491 geographos
1462 2412 1646 2472 latins
1702 2432 1776 2473 ne
1834 2413 1960 2474 s’en
2016 2415 2212 2474 soient

266 2508 497 2586 jamais
535 2510 737 2571 servis.
815 2510 908 2571 On
955 2512 1076 2571 sait
1121 2530 1197 2570 en
1245 2511 1388 2571 effet
1432 2529 1550 2587 que
1597 2511 1686 2569 les
1727 2509 1909 2572 Grecs
1947 2510 2211 2573 disaient

277 2604 460 2686 τρώξ,
526 2605 743 2688 τρωγός
798 2600 1031 2687 (racine
1092 2608 1164 2666 de
1222 2600 1619 2688 Trogodytis)
1677 2610 1843 2669 aussi
1897 2610 2035 2670 bien
2090 2630 2208 2688 que

276 2703 525 2785 τρώγλη,
563 2705 766 2765 racine
804 2704 878 2764 de
919 2704 1312 2781 Troglodytis
1349 2699 1631 2785 (Salmas.
1659 2706 1767 2767 Ex.
1795 2708 1947 2768 Plin.
1975 2729 2032 2785 p.
2057 2710 2207 2787 894,

276 2802 338 2861 F.
369 2798 623 2864 Vossius
671 2801 747 2862 ad
793 2802 1018 2861 Melam
1067 2806 1123 2879 1,
1152 2804 1213 2876 4,
1245 2796 1410 2883 31)'3
1467 2803 1627 2862 idem
1673 2804 1912 2865 Recueil
1956 2808 2056 2866 des
2100 2807 2209 2865 In-

274 2902 586 2974 serzptions
617 2917 706 2974 qr.
748 2904 802 2959 et
837 2899 936 2959 lat.
973 2900 1082 2959 vol.
1119 2901 1164 2958 2
1188 2917 1255 2973 p.
1275 2902 1405 2959 247
1449 2900 1526 2959 ad
1560 2900 2007 2977 inscriptionem
2035 2901 2205 2977 CXC,

273 2997 338 3055 in
375 3015 495 3074 qua
540 2996 876 3056 ΣΩΘΕΙΣ
918 2997 1034 3055 ΕΚ
1086 2995 1668 3057 ΊἯΩΓΟΔΤΤΩΝ
1705 3000 1936 3061 scribit:
1986 2994 2119 3061 ‘S'fl
2161 3022 2206 3079 y

271 3113 312 3153 a
346 3094 750 3175 Τρωγοδυτῶν
789 3113 867 3153 au
903 3094 1027 3153 lieu
1065 3093 1139 3154 de
1174 3093 1631 3173 Τρωγλοδυτῶν,
1669 3114 1895 3158 comme
1932 3097 1995 3157 la
2036 3098 2208 3175 copie

272 3192 564 3268 l'indique
603 3190 975 3267 clairement,
1020 3208 1087 3250 ce
1140 3209 1275 3251 sera
1310 3192 1373 3252 la
1407 3194 1703 3269 premiere
1739 3194 1855 3255 fois
1891 3210 2009 3270 que
2046 3196 2208 3254 cette

274 3288 686 3365 orthographe
715 3306 779 3347 se
806 3290 1123 3347 rencontre
1153 3306 1226 3347 en
1254 3306 1422 3365 grec;
1458 3290 1610 3350 mais
1640 3289 1755 3350 elle
1782 3294 1878 3351 est
1905 3291 2208 3350 autorisee

272 3404 388 3462 par
429 3387 520 3446 les
566 3385 928 3445 manuscrits
967 3385 1040 3446 de
1078 3386 1251 3447 Pline
1299 3381 1434 3448 eto?
1500 3387 1784 3448 Fortasse
1833 3387 2021 3463 igitur
2056 3385 2206 3443 haec

376 3667 383 3672 ,
421 3608 475 3676 *)
513 3609 576 3661 at
611 3602 826 3662 τοσοῦτ’
869 3603 1097 3671 εὐνοίας
1133 3608 1183 3661 D
1222 3613 1273 3676 4,
1305 3614 1392 3677 30,
1420 3614 1472 3674 2,
1510 3607 1608 3674 qui
1642 3620 1788 3657 unus
1825 3603 1977 3655 recte
2013 3599 2209 3653 τοσοῦ-

267 3707 336 3744 το
377 3685 484 3758 γὰρ
522 3692 577 3758 4,
606 3693 693 3755 29,
724 3693 755 3741 6
794 3687 919 3757 (sed
956 3704 1084 3742 cum
1122 3685 1383 3743 omnibus
1417 3685 1690 3738 τοσοῦτον
1727 3676 1835 3745 γὰρ
1874 3684 1923 3742 2,
1957 3680 2039 3740 12,
2073 3678 2142 3740 1).
