2569 4061
390 241 476 306 82
1071 236 1384 296 DIODORJ
1422 236 1658 294 SICULI

387 427 564 489 φους
598 402 1010 485 βασιλικούς·
1050 401 1143 477 εἰς
1183 396 1256 468 δὲ
1287 403 1708 483 Πτολεμαῖον
1744 401 1864 464 τὸν
1901 400 2137 483 Λάγου
2176 401 2318 466 δια-

387 510 615 593 μεῖναί
647 523 857 591 φασιν
894 504 1333 576 ἑπτακαίδεκα
1371 508 1605 591 μόνον,
1652 500 1750 572 ὧν
1790 508 1872 574 τὰ
1904 507 2122 574 πολλὰ
2164 529 2319 571 κατ-

388 614 691 699 έφθαρτο
746 612 903 684 καθ’
958 613 1076 691 οὓς
1129 615 1417 699 χρόνους
1473 610 1934 697 παρεβάλομεν
1987 612 2175 696 ἡμεῖς
2221 614 2316 690 εἰς

388 719 683 797 ἐκείνους
718 723 877 796 τοὺς
912 721 1179 802 τόπους,
1226 716 1334 786 ἐπὶ
1377 726 1493 801 τῆς
1539 715 1891 801 ἑκατοστῆς
1925 715 2039 784 καὶ
2076 718 2315 802 ὀγδοη-

317 851 350 900 8
388 835 629 910 κοστῆς
674 825 1100 911 ὀλυμπιάδος.
1176 824 1259 892 οὐ
1305 826 1518 908 μόνον
1565 818 1627 888 δ’
1672 825 1743 890 οἰ
1781 821 1922 894 κατ’
1967 830 2315 907 Αἴγυπτον
2343 842 2372 882 ⁵

389 934 587 1020 ἱερεῖς
651 934 726 1000 ἐκ
789 944 924 1000 τῶν
989 931 1400 1016 ἀναγραφῶν
1475 931 1892 1018 ἱστοροῦσιν,
1964 930 2134 1000 ἀλλὰ
2203 931 2316 998 καὶ

386 1039 626 1110 πολλοὶ
679 1050 815 1108 τῶν
869 1036 1207 1122 Ἑλλήνων
1266 1049 1402 1112 τῶν
1464 1041 1988 1123 παραβαλόντων
2045 1034 2166 1122 μὲν
2222 1040 2317 1115 εἰς

386 1148 502 1224 τὰς
560 1148 783 1229 Θήβας
826 1129 945 1214 ’ἐπὶ
998 1121 1426 1229 Πτολεμαίου
1488 1153 1611 1214 τοῦ
1663 1146 1933 1229 Λάγου,
1996 1142 2314 1222 συνταξα-

387 1249 608 1336 μένων
664 1247 737 1317 δὲ
792 1252 908 1328 τὰς
963 1252 1419 1333 Αἰγυπτιακὰς
1474 1251 1796 1336 ἱστορίας,
1862 1245 1958 1318 ὧν
2014 1250 2151 1319 ἐστι
2174 1309 2181 1316 .
2205 1250 2316 1318 καὶ

377 1354 754 1442 Ἑκαταῖος,
809 1365 1252 1442 συμφωνοῦσι
1306 1366 1447 1435 τοῖς
1499 1352 1620 1441 ὑφ’
1679 1356 1869 1441 ἡμῶν
1923 1357 2311 1444 εἰρημένοις.
2343 1375 2397 1414 10

280 1468 363 1533 47
389 1463 516 1530 ἀπὸ
572 1465 698 1550 γὰρ
752 1474 888 1530 τῶν
941 1464 1223 1550 πρώτων
1267 1464 1535 1547 τάφων,
1593 1461 1668 1530 ἐν
1723 1455 1824 1540 οἷς
1869 1463 2315 1550 παραδέδοται

385 1572 503 1648 τὰς
546 1571 953 1648 παλλακίδας
996 1578 1118 1636 τοῦ
1162 1571 1333 1647 Διὸς
1378 1570 1759 1653 τεθάφθαι,
1817 1568 1978 1640 δέκα
2024 1573 2316 1638 σταδίων

388 1675 599 1763 φησὶν
653 1677 939 1763 ὑπάρξαι
1003 1673 1328 1759 βασιλέως
1390 1685 1613 1760 μνῆμα
1677 1685 1801 1741 τοῦ
1861 1694 2314 1763 προσαγορευ-

385 1782 627 1862 θέντος
667 1780 1144 1868 Ὀσυμανδύου.
1222 1781 1470 1848 τούτου
1516 1777 1591 1848 δὲ
1635 1784 1800 1852 κατὰ
1846 1779 1968 1866 μὲν
2012 1784 2136 1868 τὴν
2182 1789 2312 1850 εἶσ-

388 1894 553 1957 οδον
597 1891 920 1977 ὑπάρχειν
955 1895 1230 1955 πυλῶνα
1275 1891 1482 1954 λίθου
1527 1891 1859 1973 ποικίλου,
1903 1891 1978 1956 τὸ
2025 1886 2147 1975 μὲν
2194 1899 2312 1975 μῆ-
2341 1905 2393 1946 15

387 2020 503 2075 κος
548 1998 940 2084 δίπλεθρον,
983 1997 1059 2063 τὸ
1107 1993 1168 2062 δ’
1222 1996 1396 2076 ὕψος
1440 1996 1918 2084 τετταράκοντα
1960 1995 2074 2065 καὶ
2117 1997 2312 2065 πέντε

317 2126 348 2174 2
387 2116 645 2191 πηχῶν·
706 2106 1049 2171 διελθόντι
1097 2098 1159 2170 δ’
1211 2104 1418 2171 αὐτὸν
1472 2099 1643 2170 εἶναι
1691 2107 1962 2173 λίθινον
2007 2108 2312 2192 περίστυ-

388 2216 511 2277 λον
556 2212 1006 2297 τετράγωνον,
1062 2208 1339 2295 ἑκάστης
1392 2217 1681 2295 πλευρᾶς
1736 2213 1943 2295 οὔσης
1985 2213 2313 2298 τεττάρων

387 2317 727 2404 πλέθρων·
792 2318 1200 2403 ὑπηρεῖσθαι
1266 2311 1329 2383 δ’
1388 2316 1541 2382 ἀντὶ
1601 2328 1737 2385 τῶν
1798 2321 2049 2385 κιόνων
2113 2317 2312 2407 ζῴδια

385 2435 619 2506 πηχῶν
665 2421 1011 2491 ἑκκαίδεκα
1057 2423 1426 2505 μονόλιθα,
1470 2423 1590 2486 τὸν
1635 2423 1849 2491 τύπον
1893 2426 1988 2501 εἰς
2033 2427 2152 2491 τὸν
2198 2425 2312 2512 άρ-
2343 2438 2396 2479 20

387 2538 581 2612 χαῖον
626 2530 877 2613 τρόπον
914 2525 1338 2613 είργασμένα·
1385 2527 1508 2611 τὴν
1544 2527 1807 2613 ὀροφήν
1843 2553 1914 2596 τε
1949 2539 2171 2597 πᾶσαν
2207 2531 2314 2598 ἐπὶ

386 2633 635 2711 πλάτος
672 2634 868 2699 δυοῖν
905 2633 1199 2720 ὀργυιῶν
1237 2632 1559 2718 ὑπάρχειν
1596 2637 1991 2722 μονόλιθον,
2037 2637 2316 2725 ἀστέρας

390 2738 465 2805 ἐν
512 2746 736 2827 κυανῷ
775 2737 1483 2824 καταπεποικιλμένην·
1531 2737 1677 2823 ἑξῆς
1722 2737 1796 2809 δὲ
1842 2752 1964 2810 τοῦ
2009 2746 2315 2831 περιστύ-

387 2850 511 2911 λου
548 2846 793 2913 τούτου
828 2847 1029 2912 πάλιν
1058 2843 1291 2932 ἑτέραν
1319 2846 1589 2911 εἴσοδον
1615 2844 1727 2913 καὶ
1763 2854 2038 2915 πυλῶνα
2075 2852 2157 2915 τὰ
2193 2848 2316 2936 μὲν

387 2952 555 3018 ἄλλα
617 2956 1080 3038 παραπλήσιον
1152 2960 1244 3040 τῷ
1316 2952 1805 3044 προειρημένῳ,
1877 2961 2167 3041 γλυφαῖς
2240 2954 2314 3022 δὲ
2342 2972 2398 3012 25

316 3083 348 3131 3
386 3062 734 3137 παντοίαις
788 3063 1249 3146 περιττότερον
1306 3058 1768 3146 εἰργασμένον·
1828 3063 2005 3147 παρὰ
2062 3059 2138 3128 δὲ
2192 3065 2314 3147 τὴν

388 3167 660 3233 εἴσοδον
716 3165 1117 3252 ἀνδριάντας
1170 3160 1344 3232 εἶναι
1396 3176 1572 3252 τρεῖς
1626 3164 1692 3245 ἐξ
1752 3165 1903 3246 ἑνὸς
1947 3171 2106 3247 τοὺς
2150 3170 2316 3235 πάν-

533 3294 564 3343 2
605 3288 783 3357 φασὶν
812 3305 921 3344 om.
951 3287 1037 3343 CF
1110 3291 1146 3341 4
1174 3278 1266 3342 ἐπὶ
1289 3317 1354 3327 --
1378 3282 1725 3358 ὀλυμπιάδος
1753 3287 1863 3346 (ἰαὶ.
1882 3288 2038 3347 Eich.
2061 3292 2131 3361 (ο.
2150 3297 2239 3360 44,
2258 3294 2316 3360 1)

390 3362 453 3409 11
497 3354 617 3414 άπὸ
657 3355 765 3428 γὰρ
794 3357 934 3415 δέκα
977 3360 1220 3413 σταδίων
1248 3358 1362 3412 τῶν
1398 3379 1490 3428 πρ.
1527 3358 1786 3416 Hertlein
1861 3367 1929 3417 14
1962 3357 2312 3434 Ὀσυμανδα-

386 3425 533 3547 Ξὶοὲῑ
569 3427 630 3550 (ilfi
665 3426 1068 3570 ρξὲἔςάνδηως
1103 3430 1153 3485 D
1202 3427 1472 3500 (μέγεθος
1507 3427 1693 3501 τάφου
1732 3433 1833 3488 καὶ
1869 3430 2071 3498 κάλλος
2107 3452 2314 3505 συμαν-
