2569 4061
1070 273 1150 329 111
1187 280 1235 329 2.
1267 280 1317 329 3.
1348 279 1398 327 4.
2043 272 2172 337 271

246 446 392 512 τοῖς
453 437 851 518 Αἰγυπτίοις
913 436 1236 521 ὑπάρχειν
1300 436 1704 520 Αἰθιοπικά,
1768 433 2181 520 τηρουμένης

247 550 365 625 τῆς
410 547 692 620 παλαιᾶς
737 545 1105 627 συνηθείας
1149 544 1329 628 παρὰ
1372 553 1514 619 τοῖς
1559 542 2027 608 ἀποικισθεῖσι.
2100 546 2177 608 τό
2213 566 2250 616 4

246 671 319 714 τε
374 650 500 733 γὰρ
555 652 714 726 τοὺς
767 652 1063 733 βασιλεῖς
1116 651 1324 725 θεοὺς
1383 651 1678 733 νομίζειν
1730 646 1843 713 καὶ
1896 650 1970 714 τὸ
2025 647 2178 734 περὶ

246 757 366 831 τὰς
420 755 637 840 ταφὰς
681 757 966 840 μάλιστα
1023 756 1424 834 σπουδάζειν
1478 753 1590 820 καὶ
1643 755 1858 820 πολλὰ
1901 749 2172 820 τοιαῦθ’

195 878 222 920 5
249 860 442 948 ἕτερα
497 864 810 949 πράττειν
864 863 1224 928 Αἰθιόπων
1284 861 1611 947 ὑπάρχειν
1673 860 2177 945 ἐπιτηδεύματα,

249 970 367 1046 τάς
420 991 491 1033 τε
543 980 679 1033 τῶν
734 969 1134 1054 ἀγαλμάτων
1182 968 1362 1047 ἰδέας
1414 965 1526 1034 καὶ
1570 970 1730 1046 τοὺς
1782 978 1919 1033 τῶν
1971 991 2177 1053 γραμ-

138 1097 248 1147 176
267 1075 493 1159 μάτων
536 1077 790 1154 τύπους
842 1077 1293 1153 Αἰθιοπικοὺς
1343 1076 1691 1163 ὑπάρχειν·
1754 1075 1995 1140 διττῶν
2047 1074 2176 1159 γὰρ
2214 1101 2248 1149 5

249 1184 644 1265 Αἰγυπτίοις
679 1184 895 1248 ὄντων
930 1183 1359 1268 γραμμάτων,
1386 1184 1467 1248 τὰ
1502 1179 1625 1267 μὲν
1662 1181 1936 1266 δημώδη
1971 1197 2176 1268 προσ-

249 1291 704 1375 αγορευόμενα
758 1290 1009 1365 πάντας
1054 1290 1462 1374 μανθάνειν,
1507 1290 1589 1354 τὰ
1636 1287 1697 1354 δ’
1746 1290 1889 1376 ἱερὰ
1938 1289 2174 1353 καλού-

164 1415 220 1455 10
250 1419 417 1479 μενα
469 1397 650 1481 παρὰ
703 1392 827 1480 μὲν
879 1406 1021 1473 τοῖς
1072 1397 1465 1478 Αἰγυπτίοις
1519 1399 1770 1480 μόνους
1820 1395 2176 1479 γινώσκειν

247 1504 408 1577 τοὺς
457 1503 653 1584 ἱερεῖς
694 1504 873 1588 παρὰ
916 1512 1054 1568 τῶν
1095 1501 1404 1586 πατέρων
1451 1501 1524 1567 ἐν
1570 1502 1971 1588 ἀπορρήτοις
2014 1526 2176 1587 μαν-

249 1606 623 1689 θάνοντας,
670 1609 846 1693 παρὰ
892 1605 966 1673 δὲ
1010 1618 1151 1686 τοῖς
1195 1610 1530 1686 Αἰθίοψιν
1576 1608 1871 1684 ἅπαντας
1914 1609 2177 1685 τούτοις

252 1718 548 1798 χρῆσθαι
590 1724 739 1790 τοῖς·
774 1714 1025 1793 τύποις.
1099 1715 1182 1780 τά
1225 1737 1299 1780 τε
1344 1715 1726 1798 συστήματα
1761 1723 1898 1778 τῶν
1946 1712 2176 1799 ἱερέων
2214 1739 2247 1788 6

251 1822 720 1904 παραπλησίαν
744 1822 921 1906 ἔχειν
937 1821 1126 1902 τάξιν
1151 1819 1309 1907 παρ’
1331 1818 1732 1906 ἀμφοτέροις
1757 1830 1899 1896 τοῖς
1916 1821 2174 1885 ἔθνεσι·

165 1944 220 1986 15
249 1926 658 2011 καθαρεύειν
692 1929 819 2014 γὰρ
876 1929 1169 2006 ἅπαντας
1220 1929 1381 2006 τοὺς
1425 1925 1577 2013 περὶ
1629 1928 1755 2010 τὴν
1806 1936 1942 1992 τῶν
1990 1932 2175 1991 θεῶν

249 2036 621 2120 θεραπείαν
647 2036 864 2118 ὄντας,
895 2034 1144 2120 ὁμοίως
1170 2034 1616 2121 ἐξυρημένους
1650 2030 1761 2100 καὶ
1785 2035 1900 2111 τὰς
1938 2034 2177 2111 στολὰς

247 2141 365 2217 τὰς
424 2140 629 2218 αὐτὰς
693 2143 968 2225 ἔχοντας
1029 2139 1141 2208 καὶ
1202 2142 1324 2207 τὸν
1380 2150 1504 2207 τοῦ
1568 2143 1906 2225 σκήπτρου
1961 2140 2176 2205 τύπον

249 2246 640 2333 ἀροτροειδῆ
705 2255 1124 2332 καθεστῶτα,
1191 2245 1272 2313 ὃν
1327 2250 1599 2333 ἔχοντας
1660 2249 1819 2323 τοὺς
1881 2249 2176 2329 βασιλεῖς

248 2360 542 2438 χρῆσθαι
594 2358 814 2433 πίλοις
868 2366 1145 2441 μακροῖς
1199 2353 1306 2420 ἐπὶ
1355 2363 1478 2420 τοῦ
1532 2353 1815 2442 πέρατος
1867 2353 2175 2438 ὀμφαλὸν

164 2477 222 2519 20
249 2461 477 2543 ἔχουσι
520 2460 632 2526 καὶ
675 2460 1330 2547 περιεσπειραμένοις
1374 2463 1644 2546 ὄφεσιν,
1690 2459 1810 2538 οὓς
1852 2466 2174 2526 καλοῦσιν

251 2564 560 2644 ἀσπίδας·
595 2577 794 2634 τοῦτο
825 2565 901 2634 δὲ
937 2570 1013 2633 τὸ
1047 2569 1446 2655 παράσημον
1482 2570 1655 2634 ἔοικε
1693 2570 2175 2653 συνεμφαίνειν

247 2672 351 2737 ὅτι
398 2676 555 2752 τοὺς
592 2674 952 2742 ἐπιθέσθαι
996 2677 1452 2759 τολμήσοντας
1485 2683 1578 2762 τῷ
1624 2677 1891 2758 βασιλεῖ
1922 2677 2173 2760 συμβή-

248 2795 431 2846 σεται
477 2783 985 2867 θανατηφόροις
1029 2791 1410 2867 περιπεσεῖν
1456 2782 1764 2865 δήγμασι.
1837 2782 2051 2847 πολλὰ
2097 2777 2171 2847 δὲ
2209 2805 2240 2852 ’1

243 2884 358 2950 καὶ
405 2887 575 2952 ἄλλα
629 2883 900 2969 λέγουσι
946 2885 1099 2971 περὶ
1152 2895 1267 2970 τῆς
1313 2885 1537 2951 αὑτῶν
1584 2885 2012 2971 ἀρχαιότητος
2063 2883 2172 2951 καὶ

164 3009 218 3052 25
245 3000 362 3074 τῆς
415 3002 550 3057 τῶν
596 2993 986 3074 Αἰγυπτίων
1041 2992 1378 3075 ἀποικίας,
1423 2990 1577 3078 περὶ
1622 2987 1719 3059 ὧν
1775 2989 1976 3058 οὐδὲν
2021 3014 2171 3057 κατ-

245 3098 491 3180 επεύγει
535 3098 838 3185 γράφειν.

426 3202 596 3291 Περὶ
636 3202 711 3269 δὲ
754 3215 891 3270 τῶν
928 3207 1356 3271 Αἰθιοπικῶν
1389 3206 1794 3291 γραμμάτων
1829 3213 1964 3267 τῶν
2008 3196 2164 3286 παρ’
2197 3203 2242 3268 4

243 3310 644 3393 Αἰγυπτίοις
696 3310 1130 3396 καλουμένων
1191 3313 1681 3398 ἱερογλυφικῶν
1737 3307 2004 3395 ῥητέον,
2056 3308 2169 3372 ’ἶνα

390 3474 422 3523 ’1
479 3469 682 3523 διττῶν
719 3467 931 3537 Stroth,
971 3467 1133 3525 ἰδίων
1170 3468 1395 3524 codices
1575 3472 1644 3521 22
1698 3461 2082 3537 τολμήσαντας
2116 3462 2167 3517 D

242 3544 313 3594 28
352 3536 767 3609 ἱερογλυφικῶν
803 3557 912 3596 om.
949 3540 1017 3596 D.
