<?xml version="1.0" encoding="UTF-8"?>
<!DOCTYPE html PUBLIC "-//W3C//DTD XHTML 1.0 Transitional//EN"
    "http://www.w3.org/TR/xhtml1/DTD/xhtml1-transitional.dtd">
<html xmlns="http://www.w3.org/1999/xhtml" xml:lang="en" lang="en">
 <head>
  <title>
</title>
<meta http-equiv="Content-Type" content="text/html;charset=utf-8" />
  <meta name='ocr-system' content='tesseract 3.04.00' />
  <meta name='ocr-capabilities' content='ocr_page ocr_carea ocr_par ocr_line ocrx_word'/>
</head>
<body>
  <div class='ocr_page' id='page_1' title='image "./diodoribiblioth02dindgoog/diodoribiblioth02dindgoog_0608.png"; bbox 0 0 2569 4061; ppageno 0'>
   <div class='ocr_carea' id='block_1_1' title="bbox 443 310 1684 380">
    <p class='ocr_par' dir='ltr' id='par_1_1' title="bbox 443 310 1684 380">
     <span class='ocr_line' id='line_1_1' title="bbox 443 310 1684 380; baseline 0.001 -14"><span class='ocrx_word' id='word_1_1' title='bbox 443 315 574 380; x_wconf 85' lang='lat'><strong><em>508</em></strong></span> <span class='ocrx_word' id='word_1_2' title='bbox 1105 311 1411 368; x_wconf 77' lang='lat' dir='ltr'>monoffl</span> <span class='ocrx_word' id='word_1_3' title='bbox 1448 310 1684 368; x_wconf 77' lang='lat' dir='ltr'><strong>smum</strong></span> 
     </span>
    </p>
   </div>
   <div class='ocr_carea' id='block_1_2' title="bbox 445 476 2452 562">
    <p class='ocr_par' dir='ltr' id='par_1_2' title="bbox 445 476 2452 562">
     <span class='ocr_line' id='line_1_2' title="bbox 445 476 2452 562; baseline -0.002 -20"><span class='ocrx_word' id='word_1_4' title='bbox 445 479 842 560; x_wconf 82' lang='grc' dir='ltr'><strong><em>σθησόμεθα</em></strong></span> <span class='ocrx_word' id='word_1_5' title='bbox 915 488 1056 554; x_wconf 79' lang='grc' dir='ltr'><strong><em>τοῖς</em></strong></span> <span class='ocrx_word' id='word_1_6' title='bbox 1129 477 1427 562; x_wconf 78' lang='grc' dir='ltr'><em>ῥηθεῖσι,</em></span> <span class='ocrx_word' id='word_1_7' title='bbox 1490 476 1958 559; x_wconf 80' lang='grc' dir='ltr'><strong><em>στοχαζόμενοι</em></strong></span> <span class='ocrx_word' id='word_1_8' title='bbox 2019 481 2141 556; x_wconf 77' lang='grc' dir='ltr'><strong><em>τῆς</em></strong></span> <span class='ocrx_word' id='word_1_9' title='bbox 2228 491 2452 559; x_wconf 72' lang='grc' dir='ltr'><strong><em>συμ-</em></strong></span> 
     </span>
    </p>
   </div>
   <div class='ocr_carea' id='block_1_3' title="bbox 337 578 2447 774">
    <p class='ocr_par' dir='ltr' id='par_1_3' title="bbox 337 578 2447 774">
     <span class='ocr_line' id='line_1_3' title="bbox 337 578 2447 669; baseline -0.002 -18"><span class='ocrx_word' id='word_1_10' title='bbox 337 586 422 651; x_wconf 89' lang='grc'><strong><em>69</em></strong></span> <span class='ocrx_word' id='word_1_11' title='bbox 442 584 736 668; x_wconf 78' lang='grc' dir='ltr'><strong><em>μετρίας,</em></strong></span> <span class='ocrx_word' id='word_1_12' title='bbox 801 580 953 669; x_wconf 90' lang='grc' dir='ltr'><strong><em>περὶ</em></strong></span> <span class='ocrx_word' id='word_1_13' title='bbox 1018 578 1094 648; x_wconf 74' lang='grc' dir='ltr'><strong><em>δὲ</em></strong></span> <span class='ocrx_word' id='word_1_14' title='bbox 1159 584 1347 664; x_wconf 86' lang='grc' dir='ltr'><strong><em>[τῶν]</em></strong></span> <span class='ocrx_word' id='word_1_15' title='bbox 1406 586 1742 647; x_wconf 76' lang='grc' dir='ltr'><strong><em>Λαπιθῶν</em></strong></span> <span class='ocrx_word' id='word_1_16' title='bbox 1796 578 1906 646; x_wconf 77' lang='grc' dir='ltr'><strong><em>καὶ</em></strong></span> <span class='ocrx_word' id='word_1_17' title='bbox 1962 583 2447 666; x_wconf 73' lang='grc' dir='ltr'><strong><em>Κενταύρων</em></strong></span> 
     </span>
     <span class='ocr_line' id='line_1_4' title="bbox 346 686 2440 774; baseline 0 -21"><span class='ocrx_word' id='word_1_18' title='bbox 346 733 353 742; x_wconf 91' lang='grc'>-</span> <span class='ocrx_word' id='word_1_19' title='bbox 443 688 517 754; x_wconf 79' lang='grc' dir='ltr'><strong><em>ἐν</em></strong></span> <span class='ocrx_word' id='word_1_20' title='bbox 563 686 748 774; x_wconf 80' lang='grc' dir='ltr'><strong><em>μέρει</em></strong></span> <span class='ocrx_word' id='word_1_21' title='bbox 794 687 1099 774; x_wconf 80' lang='grc' dir='ltr'><strong><em>διέξιμεν.</em></strong></span> <span class='ocrx_word' id='word_1_22' title='bbox 1160 686 1482 753; x_wconf 73' lang='grc' dir='ltr'><strong><em>Ὠκεανοῦ</em></strong></span> <span class='ocrx_word' id='word_1_23' title='bbox 1526 687 1637 753; x_wconf 87' lang='grc' dir='ltr'><strong><em>καὶ</em></strong></span> <span class='ocrx_word' id='word_1_24' title='bbox 1691 688 1960 773; x_wconf 79' lang='grc' dir='ltr'><strong><em>Τηθύος</em></strong></span> <span class='ocrx_word' id='word_1_25' title='bbox 2002 689 2190 753; x_wconf 66' lang='grc' dir='ltr'><strong><em>κατὰ,ν</em></strong></span> <span class='ocrx_word' id='word_1_26' title='bbox 2237 692 2440 767; x_wconf 70' lang='grc' dir='ltr'><strong><em>τοὺς</em></strong></span> 
     </span>
    </p>
   </div>
   <div class='ocr_carea' id='block_1_4' title="bbox 382 794 2515 3330">
    <p class='ocr_par' dir='ltr' id='par_1_4' title="bbox 442 794 2515 2481">
     <span class='ocr_line' id='line_1_5' title="bbox 443 794 2430 881; baseline -0.001 -18"><span class='ocrx_word' id='word_1_27' title='bbox 443 797 709 881; x_wconf 77' lang='grc' dir='ltr'><strong><em>μύθους</em></strong></span> <span class='ocrx_word' id='word_1_28' title='bbox 744 798 976 874; x_wconf 81' lang='grc' dir='ltr'><strong><em>παῖδες</em></strong></span> <span class='ocrx_word' id='word_1_29' title='bbox 1013 795 1323 879; x_wconf 82' lang='grc' dir='ltr'><strong><em>ἐγένοντο</em></strong></span> <span class='ocrx_word' id='word_1_30' title='bbox 1356 797 1628 871; x_wconf 87' lang='grc' dir='ltr'><strong><em>πλείους</em></strong></span> <span class='ocrx_word' id='word_1_31' title='bbox 1662 804 1978 878; x_wconf 83' lang='grc' dir='ltr'><strong><em>ποταμῶν</em></strong></span> <span class='ocrx_word' id='word_1_32' title='bbox 2005 794 2430 880; x_wconf 82' lang='grc' dir='ltr'><strong><em>ἐπώνυμοι,</em></strong></span> 
     </span>
     <span class='ocr_line' id='line_1_6' title="bbox 444 895 2515 991; baseline 0 -22"><span class='ocrx_word' id='word_1_33' title='bbox 444 901 519 969; x_wconf 84' lang='grc' dir='ltr'><strong><em>έν</em></strong></span> <span class='ocrx_word' id='word_1_34' title='bbox 558 895 659 981; x_wconf 86' lang='grc' dir='ltr'><strong><em>οἷς</em></strong></span> <span class='ocrx_word' id='word_1_35' title='bbox 693 900 804 967; x_wconf 86' lang='grc' dir='ltr'><strong><em>καὶ</em></strong></span> <span class='ocrx_word' id='word_1_36' title='bbox 842 903 1151 986; x_wconf 91' lang='grc' dir='ltr'><strong><em>Πηνειός,</em></strong></span> <span class='ocrx_word' id='word_1_37' title='bbox 1192 897 1309 985; x_wconf 82' lang='grc' dir='ltr'><strong><em>ἀφ’</em></strong></span> <span class='ocrx_word' id='word_1_38' title='bbox 1347 895 1429 966; x_wconf 85' lang='grc' dir='ltr'><strong><em>οὗ</em></strong></span> <span class='ocrx_word' id='word_1_39' title='bbox 1472 898 1719 984; x_wconf 85' lang='grc' dir='ltr'><strong><em>συνέβη</em></strong></span> <span class='ocrx_word' id='word_1_40' title='bbox 1758 901 1876 965; x_wconf 83' lang='grc' dir='ltr'><strong><em>τὸν</em></strong></span> <span class='ocrx_word' id='word_1_41' title='bbox 1913 898 1988 964; x_wconf 79' lang='grc' dir='ltr'><strong><em>ἐν</em></strong></span> <span class='ocrx_word' id='word_1_42' title='bbox 2027 904 2410 991; x_wconf 69' lang='grc' dir='ltr'><strong><em>Θετταλίᾳ</em></strong></span> <span class='ocrx_word' id='word_1_43' title='bbox 2427 921 2515 969; x_wconf 71' lang='grc'><strong><em>314</em></strong></span> 
     </span>
     <span class='ocr_line' id='line_1_7' title="bbox 446 1002 2472 1095; baseline -0.004 -21"><span class='ocrx_word' id='word_1_44' title='bbox 446 1011 745 1094; x_wconf 91' lang='grc' dir='ltr'><strong><em>Πηνειὸν</em></strong></span> <span class='ocrx_word' id='word_1_45' title='bbox 799 1009 1282 1093; x_wconf 83' lang='grc' dir='ltr'><strong><em>ὀνομασθῆναι.</em></strong></span> <span class='ocrx_word' id='word_1_46' title='bbox 1376 1002 1573 1084; x_wconf 86' lang='grc' dir='ltr'><strong><em>οὗτος</em></strong></span> <span class='ocrx_word' id='word_1_47' title='bbox 1621 1003 1696 1072; x_wconf 74' lang='grc' dir='ltr'><strong><em>δὲ</em></strong></span> <span class='ocrx_word' id='word_1_48' title='bbox 1741 1005 1954 1091; x_wconf 79' lang='grc' dir='ltr'><strong><em>μιγεὶς</em></strong></span> <span class='ocrx_word' id='word_1_49' title='bbox 2008 1009 2265 1094; x_wconf 79' lang='grc' dir='ltr'><strong><em>νύμφῃ</em></strong></span> <span class='ocrx_word' id='word_1_50' title='bbox 2321 1019 2418 1095; x_wconf 76' lang='grc' dir='ltr'><strong><em>τῇ</em></strong></span> <span class='ocrx_word' id='word_1_51' title='bbox 2450 1028 2472 1066; x_wconf 82' lang='lat'>6</span> 
     </span>
     <span class='ocr_line' id='line_1_8' title="bbox 445 1111 2416 1203; baseline 0 -21"><span class='ocrx_word' id='word_1_52' title='bbox 445 1114 1076 1203; x_wconf 73' lang='grc' dir='ltr'><strong><em>προσαγορευομένῃ</em></strong></span> <span class='ocrx_word' id='word_1_53' title='bbox 1122 1115 1436 1201; x_wconf 79' lang='grc' dir='ltr'><strong><em>Κρεούσῃ</em></strong></span> <span class='ocrx_word' id='word_1_54' title='bbox 1480 1116 1726 1190; x_wconf 74' lang='grc' dir='ltr'><strong><em>παῖδας</em></strong></span> <span class='ocrx_word' id='word_1_55' title='bbox 1778 1111 2139 1197; x_wconf 80' lang='grc' dir='ltr'><strong><em>ἐγέννησεν</em></strong></span> <span class='ocrx_word' id='word_1_56' title='bbox 2179 1112 2416 1193; x_wconf 73' lang='grc' dir='ltr'><strong><em>Ὑψέα</em></strong></span> 
     </span>
     <span class='ocr_line' id='line_1_9' title="bbox 444 1213 2413 1306; baseline -0.001 -18"><span class='ocrx_word' id='word_1_57' title='bbox 444 1220 556 1289; x_wconf 84' lang='grc' dir='ltr'><strong><em>καὶ</em></strong></span> <span class='ocrx_word' id='word_1_58' title='bbox 600 1225 919 1304; x_wconf 84' lang='grc' dir='ltr'><strong><em>Στίλβην,</em></strong></span> <span class='ocrx_word' id='word_1_59' title='bbox 967 1213 1011 1306; x_wconf 80' lang='grc' dir='ltr'><strong><em>ᾖ</em></strong></span> <span class='ocrx_word' id='word_1_60' title='bbox 1056 1220 1271 1305; x_wconf 78' lang='grc' dir='ltr'><strong><em>μιγεὶς</em></strong></span> <span class='ocrx_word' id='word_1_61' title='bbox 1300 1219 1641 1286; x_wconf 84' lang='grc' dir='ltr'><strong><em>Ἀπόλλων</em></strong></span> <span class='ocrx_word' id='word_1_62' title='bbox 1677 1224 2002 1303; x_wconf 80' lang='grc' dir='ltr'><strong><em>Λαπίθην</em></strong></span> <span class='ocrx_word' id='word_1_63' title='bbox 2044 1218 2161 1285; x_wconf 81' lang='grc' dir='ltr'><strong><em>καὶ</em></strong></span> <span class='ocrx_word' id='word_1_64' title='bbox 2213 1222 2413 1287; x_wconf 79' lang='grc' dir='ltr'><strong><em>Κέν-</em></strong></span> 
     </span>
     <span class='ocr_line' id='line_1_10' title="bbox 445 1323 2410 1411; baseline 0.001 -19"><span class='ocrx_word' id='word_1_65' title='bbox 445 1349 696 1411; x_wconf 90' lang='grc' dir='ltr'><strong><em>ταυρον</em></strong></span> <span class='ocrx_word' id='word_1_66' title='bbox 734 1323 1063 1410; x_wconf 77' lang='grc' dir='ltr'><strong><em>ἐγέννησε.</em></strong></span> <span class='ocrx_word' id='word_1_67' title='bbox 1110 1324 1222 1391; x_wconf 83' lang='grc' dir='ltr'><strong><em>καὶ</em></strong></span> <span class='ocrx_word' id='word_1_68' title='bbox 1256 1328 1517 1393; x_wconf 86' lang='grc' dir='ltr'><strong><em>τούτων</em></strong></span> <span class='ocrx_word' id='word_1_69' title='bbox 1545 1330 1860 1410; x_wconf 82' lang='grc' dir='ltr'><strong><em>Λαπίθης</em></strong></span> <span class='ocrx_word' id='word_1_70' title='bbox 1896 1323 2017 1410; x_wconf 72' lang='grc' dir='ltr'><strong><em>μὲν</em></strong></span> <span class='ocrx_word' id='word_1_71' title='bbox 2044 1339 2410 1394; x_wconf 78' lang='grc' dir='ltr'><strong><em>κατοικῶν</em></strong></span> 
     </span>
     <span class='ocr_line' id='line_1_11' title="bbox 445 1431 2480 1519; baseline 0.002 -23"><span class='ocrx_word' id='word_1_72' title='bbox 445 1431 598 1518; x_wconf 90' lang='grc' dir='ltr'><strong><em>περὶ</em></strong></span> <span class='ocrx_word' id='word_1_73' title='bbox 651 1433 771 1497; x_wconf 88' lang='grc' dir='ltr'><strong><em>τὸν</em></strong></span> <span class='ocrx_word' id='word_1_74' title='bbox 820 1434 1119 1516; x_wconf 89' lang='grc' dir='ltr'><strong><em>Πηνειὸν</em></strong></span> <span class='ocrx_word' id='word_1_75' title='bbox 1172 1436 1473 1519; x_wconf 90' lang='grc' dir='ltr'><strong><em>ποταμὸν</em></strong></span> <span class='ocrx_word' id='word_1_76' title='bbox 1529 1434 1912 1517; x_wconf 83' lang='grc' dir='ltr'><strong><em>ἐβασίλευσε</em></strong></span> <span class='ocrx_word' id='word_1_77' title='bbox 1957 1444 2093 1498; x_wconf 90' lang='grc' dir='ltr'><strong><em>τῶν</em></strong></span> <span class='ocrx_word' id='word_1_78' title='bbox 2151 1437 2401 1500; x_wconf 84' lang='grc' dir='ltr'><strong><em>τόπων</em></strong></span> <span class='ocrx_word' id='word_1_79' title='bbox 2430 1452 2480 1490; x_wconf 85' lang='lat'><strong><em>10</em></strong></span> 
     </span>
     <span class='ocr_line' id='line_1_12' title="bbox 445 1535 2393 1627; baseline 0.002 -24"><span class='ocrx_word' id='word_1_80' title='bbox 445 1539 726 1622; x_wconf 89' lang='grc' dir='ltr'><strong><em>τούτων,</em></strong></span> <span class='ocrx_word' id='word_1_81' title='bbox 773 1542 987 1624; x_wconf 84' lang='grc' dir='ltr'><strong><em>γήμας</em></strong></span> <span class='ocrx_word' id='word_1_82' title='bbox 1033 1537 1107 1605; x_wconf 74' lang='grc' dir='ltr'><strong><em>δὲ</em></strong></span> <span class='ocrx_word' id='word_1_83' title='bbox 1138 1535 1534 1627; x_wconf 89' lang='grc' dir='ltr'><strong><em>Ὀρσινόμην</em></strong></span> <span class='ocrx_word' id='word_1_84' title='bbox 1579 1542 1703 1624; x_wconf 79' lang='grc' dir='ltr'><strong><em>τὴν</em></strong></span> <span class='ocrx_word' id='word_1_85' title='bbox 1739 1540 2146 1626; x_wconf 84' lang='grc' dir='ltr'><strong><em>Εὐρυνόμου</em></strong></span> <span class='ocrx_word' id='word_1_86' title='bbox 2195 1540 2393 1623; x_wconf 78' lang='grc' dir='ltr'><strong><em>ἐγέν-</em></strong></span> 
     </span>
     <span class='ocr_line' id='line_1_13' title="bbox 445 1643 2390 1733; baseline 0.001 -22"><span class='ocrx_word' id='word_1_87' title='bbox 445 1661 652 1730; x_wconf 90' lang='grc' dir='ltr'><strong><em>νησεν</em></strong></span> <span class='ocrx_word' id='word_1_88' title='bbox 696 1646 891 1724; x_wconf 78' lang='grc' dir='ltr'><strong><em>υἱοὺς</em></strong></span> <span class='ocrx_word' id='word_1_89' title='bbox 937 1650 1084 1732; x_wconf 90' lang='grc' dir='ltr'><strong><em>δύο,</em></strong></span> <span class='ocrx_word' id='word_1_90' title='bbox 1137 1650 1495 1733; x_wconf 87' lang='grc' dir='ltr'><strong><em>Φόρβαντα</em></strong></span> <span class='ocrx_word' id='word_1_91' title='bbox 1539 1646 1649 1712; x_wconf 83' lang='grc' dir='ltr'><strong><em>καὶ</em></strong></span> <span class='ocrx_word' id='word_1_92' title='bbox 1698 1649 2107 1733; x_wconf 83' lang='grc' dir='ltr'><strong><em>Περίφαντα.</em></strong></span> <span class='ocrx_word' id='word_1_93' title='bbox 2185 1643 2390 1712; x_wconf 77' lang='grc' dir='ltr'><strong><em>οὗτοι</em></strong></span> 
     </span>
     <span class='ocr_line' id='line_1_14' title="bbox 449 1748 2386 1838; baseline -0.002 -19"><span class='ocrx_word' id='word_1_94' title='bbox 449 1749 572 1838; x_wconf 72' lang='grc' dir='ltr'><strong><em>μὲν</em></strong></span> <span class='ocrx_word' id='word_1_95' title='bbox 633 1748 758 1819; x_wconf 84' lang='grc' dir='ltr'><strong><em>οὗν</em></strong></span> <span class='ocrx_word' id='word_1_96' title='bbox 823 1753 1118 1819; x_wconf 79' lang='grc' dir='ltr'><strong><em>ἐνταῦθα</em></strong></span> <span class='ocrx_word' id='word_1_97' title='bbox 1183 1753 1654 1837; x_wconf 78' lang='grc' dir='ltr'><strong><em>ἐβασίλευσαν,</em></strong></span> <span class='ocrx_word' id='word_1_98' title='bbox 1719 1754 1790 1818; x_wconf 80' lang='grc' dir='ltr'><strong><em>οἱ</em></strong></span> <span class='ocrx_word' id='word_1_99' title='bbox 1851 1749 1925 1817; x_wconf 75' lang='grc' dir='ltr'><strong><em>δὲ</em></strong></span> <span class='ocrx_word' id='word_1_100' title='bbox 1998 1752 2386 1836; x_wconf 78' lang='grc' dir='ltr'><strong><em>σύμπαντες</em></strong></span> 
     </span>
     <span class='ocr_line' id='line_1_15' title="bbox 449 1858 2382 1944; baseline -0.002 -19"><span class='ocrx_word' id='word_1_101' title='bbox 449 1858 602 1926; x_wconf 93' lang='grc' dir='ltr'><strong><em>λαοὶ</em></strong></span> <span class='ocrx_word' id='word_1_102' title='bbox 639 1859 767 1925; x_wconf 84' lang='grc' dir='ltr'><strong><em>ἀπὸ</em></strong></span> <span class='ocrx_word' id='word_1_103' title='bbox 802 1863 1127 1925; x_wconf 82' lang='grc' dir='ltr'><strong><em>Λαπίθου</em></strong></span> <span class='ocrx_word' id='word_1_104' title='bbox 1164 1862 1470 1924; x_wconf 83' lang='grc' dir='ltr'><strong><em>Λαπίθαι</em></strong></span> <span class='ocrx_word' id='word_1_105' title='bbox 1505 1859 2164 1944; x_wconf 79' lang='grc' dir='ltr'><strong><em>προσηγορεύθησαν.</em></strong></span> <span class='ocrx_word' id='word_1_106' title='bbox 2228 1869 2382 1922; x_wconf 75' lang='grc' dir='ltr'><strong><em>τῶν</em></strong></span> 
     </span>
     <span class='ocr_line' id='line_1_16' title="bbox 452 1962 2464 2051; baseline -0.005 -18"><span class='ocrx_word' id='word_1_107' title='bbox 452 1965 513 2033; x_wconf 86' lang='grc' dir='ltr'><strong><em>δ’</em></strong></span> <span class='ocrx_word' id='word_1_108' title='bbox 548 1968 718 2034; x_wconf 81' lang='grc' dir='ltr'><strong><em>υίῶν</em></strong></span> <span class='ocrx_word' id='word_1_109' title='bbox 754 1977 890 2032; x_wconf 90' lang='grc' dir='ltr'><strong><em>τῶν</em></strong></span> <span class='ocrx_word' id='word_1_110' title='bbox 926 1969 1247 2032; x_wconf 83' lang='grc' dir='ltr'><strong><em>Λαπίθου</em></strong></span> <span class='ocrx_word' id='word_1_111' title='bbox 1292 1968 1561 2049; x_wconf 88' lang='grc' dir='ltr'><strong><em>Φόρβας</em></strong></span> <span class='ocrx_word' id='word_1_112' title='bbox 1606 1962 1730 2051; x_wconf 71' lang='grc' dir='ltr'><strong><em>μὲν</em></strong></span> <span class='ocrx_word' id='word_1_113' title='bbox 1766 1967 1861 2043; x_wconf 82' lang='grc' dir='ltr'><strong><em>εἰς</em></strong></span> <span class='ocrx_word' id='word_1_114' title='bbox 1878 1964 2151 2030; x_wconf 72' lang='grc' dir='ltr'><strong><em>’Ώλενον</em></strong></span> <span class='ocrx_word' id='word_1_115' title='bbox 2193 1982 2373 2049; x_wconf 82' lang='grc' dir='ltr'><strong><em>παρ-</em></strong></span> <span class='ocrx_word' id='word_1_116' title='bbox 2409 1983 2464 2022; x_wconf 73' lang='lat'><strong><em>15</em></strong></span> 
     </span>
     <span class='ocr_line' id='line_1_17' title="bbox 448 2068 2375 2160; baseline -0.002 -21"><span class='ocrx_word' id='word_1_117' title='bbox 448 2080 684 2160; x_wconf 80' lang='grc' dir='ltr'><strong><em>ἢλθεν,</em></strong></span> <span class='ocrx_word' id='word_1_118' title='bbox 731 2073 797 2152; x_wconf 81' lang='grc' dir='ltr'><strong><em>ἐξ</em></strong></span> <span class='ocrx_word' id='word_1_119' title='bbox 833 2068 913 2158; x_wconf 81' lang='grc' dir='ltr'><strong><em>ἧς</em></strong></span> <span class='ocrx_word' id='word_1_120' title='bbox 948 2075 1536 2158; x_wconf 77' lang='grc' dir='ltr'><strong><em>μεταπεμψάμενος</em></strong></span> <span class='ocrx_word' id='word_1_121' title='bbox 1580 2073 1788 2139; x_wconf 81' lang='grc' dir='ltr'><strong><em>αὐτὸν</em></strong></span> <span class='ocrx_word' id='word_1_122' title='bbox 1816 2070 2132 2157; x_wconf 79' lang='grc' dir='ltr'><strong><em>Ἀλέκτωρ</em></strong></span> <span class='ocrx_word' id='word_1_123' title='bbox 2179 2069 2213 2136; x_wconf 86' lang='grc' dir='ltr'>ὁ</span> <span class='ocrx_word' id='word_1_124' title='bbox 2252 2081 2375 2157; x_wconf 83' lang='grc' dir='ltr'><strong><em>τῆς</em></strong></span> 
     </span>
     <span class='ocr_line' id='line_1_18' title="bbox 442 2175 2369 2264; baseline -0.002 -19"><span class='ocrx_word' id='word_1_125' title='bbox 442 2176 705 2257; x_wconf 81' lang='grc' dir='ltr'><strong><em>Ἠλείας</em></strong></span> <span class='ocrx_word' id='word_1_126' title='bbox 751 2183 1064 2264; x_wconf 83' lang='grc' dir='ltr'><strong><em>βασιλεὺς</em></strong></span> <span class='ocrx_word' id='word_1_127' title='bbox 1108 2183 1393 2264; x_wconf 89' lang='grc' dir='ltr'><strong><em>βοηθόν,</em></strong></span> <span class='ocrx_word' id='word_1_128' title='bbox 1438 2180 1862 2264; x_wconf 83' lang='grc' dir='ltr'><strong><em>φοβούμενος</em></strong></span> <span class='ocrx_word' id='word_1_129' title='bbox 1905 2180 2028 2262; x_wconf 79' lang='grc' dir='ltr'><strong><em>τὴν</em></strong></span> <span class='ocrx_word' id='word_1_130' title='bbox 2068 2175 2369 2256; x_wconf 80' lang='grc' dir='ltr'><strong><em>Πέλοπος</em></strong></span> 
     </span>
     <span class='ocr_line' id='line_1_19' title="bbox 453 2282 2370 2372; baseline -0.001 -20"><span class='ocrx_word' id='word_1_131' title='bbox 453 2289 888 2372; x_wconf 90' lang='grc' dir='ltr'><strong><em>δυναστείαν,</em></strong></span> <span class='ocrx_word' id='word_1_132' title='bbox 934 2297 1051 2372; x_wconf 78' lang='grc' dir='ltr'><strong><em>τῆς</em></strong></span> <span class='ocrx_word' id='word_1_133' title='bbox 1095 2287 1170 2352; x_wconf 82' lang='grc' dir='ltr'><strong><em>ἐν</em></strong></span> <span class='ocrx_word' id='word_1_134' title='bbox 1197 2286 1430 2352; x_wconf 76' lang='grc' dir='ltr'><strong><em>’Ήλιδι</em></strong></span> <span class='ocrx_word' id='word_1_135' title='bbox 1475 2289 1815 2370; x_wconf 86' lang='grc' dir='ltr'><strong><em>βασιλείας</em></strong></span> <span class='ocrx_word' id='word_1_136' title='bbox 1860 2282 2250 2370; x_wconf 79' lang='grc' dir='ltr'><strong><em>μετέδωκεν·</em></strong></span> <span class='ocrx_word' id='word_1_137' title='bbox 2298 2286 2370 2351; x_wconf 77' lang='grc' dir='ltr'><strong><em>ἐκ</em></strong></span> 
     </span>
     <span class='ocr_line' id='line_1_20' title="bbox 453 2372 2362 2481; baseline -0.002 -21"><span class='ocrx_word' id='word_1_138' title='bbox 453 2372 527 2461; x_wconf 71' lang='grc' dir='ltr'><strong><em>δὲ</em></strong></span> <span class='ocrx_word' id='word_1_139' title='bbox 565 2397 954 2481; x_wconf 88' lang='grc' dir='ltr'><strong><em>Φόρβαντος</em></strong></span> <span class='ocrx_word' id='word_1_140' title='bbox 988 2393 1291 2480; x_wconf 77' lang='grc' dir='ltr'><strong><em>ὑπῆρξαν</em></strong></span> <span class='ocrx_word' id='word_1_141' title='bbox 1326 2391 1466 2458; x_wconf 74' lang='grc' dir='ltr'><strong><em>υἱοὶ</em></strong></span> <span class='ocrx_word' id='word_1_142' title='bbox 1504 2393 1651 2475; x_wconf 91' lang='grc' dir='ltr'><strong><em>δύο,</em></strong></span> <span class='ocrx_word' id='word_1_143' title='bbox 1690 2394 1939 2475; x_wconf 85' lang='grc' dir='ltr'><strong><em>Αἰγεὺς</em></strong></span> <span class='ocrx_word' id='word_1_144' title='bbox 1972 2388 2362 2478; x_wconf 71' lang='grc' dir='ltr'><strong><em>καὶἌκτωρ,</em></strong></span> 
     </span>
    </p>

    <p class='ocr_par' dir='ltr' id='par_1_5' title="bbox 382 2495 2438 3231">
     <span class='ocr_line' id='line_1_21' title="bbox 452 2495 2438 2586; baseline -0.002 -19"><span class='ocrx_word' id='word_1_145' title='bbox 452 2504 524 2567; x_wconf 77' lang='grc' dir='ltr'><strong><em>οἱ</em></strong></span> <span class='ocrx_word' id='word_1_146' title='bbox 553 2504 677 2586; x_wconf 86' lang='grc' dir='ltr'><strong><em>τὴν</em></strong></span> <span class='ocrx_word' id='word_1_147' title='bbox 707 2501 991 2568; x_wconf 82' lang='grc' dir='ltr'><strong><em>Ἠλείων</em></strong></span> <span class='ocrx_word' id='word_1_148' title='bbox 1026 2503 1372 2585; x_wconf 89' lang='grc' dir='ltr'><strong><em>βασιλείαν</em></strong></span> <span class='ocrx_word' id='word_1_149' title='bbox 1408 2501 1920 2585; x_wconf 84' lang='grc' dir='ltr'><strong><em>παραλαβόντες.</em></strong></span> <span class='ocrx_word' id='word_1_150' title='bbox 1981 2497 2016 2563; x_wconf 89' lang='grc' dir='ltr'>ὁ</span> <span class='ocrx_word' id='word_1_151' title='bbox 2055 2495 2116 2563; x_wconf 89' lang='grc' dir='ltr'><strong><em>δ’</em></strong></span> <span class='ocrx_word' id='word_1_152' title='bbox 2152 2496 2362 2584; x_wconf 81' lang='grc' dir='ltr'><strong><em>ἕτερος</em></strong></span> <span class='ocrx_word' id='word_1_153' title='bbox 2386 2515 2438 2554; x_wconf 74' lang='lat'><strong><em>20</em></strong></span> 
     </span>
     <span class='ocr_line' id='line_1_22' title="bbox 450 2601 2360 2692; baseline -0.001 -21"><span class='ocrx_word' id='word_1_154' title='bbox 450 2619 585 2672; x_wconf 88' lang='grc' dir='ltr'><strong><em>τῶν</em></strong></span> <span class='ocrx_word' id='word_1_155' title='bbox 631 2610 955 2672; x_wconf 89' lang='grc' dir='ltr'><strong><em>Λαπίθου</em></strong></span> <span class='ocrx_word' id='word_1_156' title='bbox 1006 2609 1267 2671; x_wconf 80' lang='grc' dir='ltr'><strong><em>παίδων</em></strong></span> <span class='ocrx_word' id='word_1_157' title='bbox 1327 2609 1631 2692; x_wconf 83' lang='grc' dir='ltr'><strong><em>Περίφας</em></strong></span> <span class='ocrx_word' id='word_1_158' title='bbox 1684 2608 1895 2690; x_wconf 83' lang='grc' dir='ltr'><strong><em>γήμας</em></strong></span> <span class='ocrx_word' id='word_1_159' title='bbox 1931 2601 2360 2686; x_wconf 79' lang='grc' dir='ltr'><strong><em>Ἀστυάγυιαν</em></strong></span> 
     </span>
     <span class='ocr_line' id='line_1_23' title="bbox 450 2705 2358 2796; baseline -0.001 -20"><span class='ocrx_word' id='word_1_160' title='bbox 450 2712 573 2795; x_wconf 83' lang='grc' dir='ltr'><strong><em>τὴν</em></strong></span> <span class='ocrx_word' id='word_1_161' title='bbox 600 2708 847 2789; x_wconf 72' lang='grc' dir='ltr'><strong><em>Ὑψέως</em></strong></span> <span class='ocrx_word' id='word_1_162' title='bbox 892 2711 1250 2795; x_wconf 78' lang='grc' dir='ltr'><strong><em>ἐγέννησεν</em></strong></span> <span class='ocrx_word' id='word_1_163' title='bbox 1298 2712 1468 2777; x_wconf 84' lang='grc' dir='ltr'><strong><em>ὀκτὼ</em></strong></span> <span class='ocrx_word' id='word_1_164' title='bbox 1514 2714 1774 2794; x_wconf 80' lang='grc' dir='ltr'><strong><em>παῖδας,</em></strong></span> <span class='ocrx_word' id='word_1_165' title='bbox 1822 2705 1920 2776; x_wconf 77' lang='grc' dir='ltr'><strong><em>ὧν</em></strong></span> <span class='ocrx_word' id='word_1_166' title='bbox 1963 2705 2051 2793; x_wconf 80' lang='grc' dir='ltr'><strong><em>ἦν</em></strong></span> <span class='ocrx_word' id='word_1_167' title='bbox 2089 2712 2358 2796; x_wconf 87' lang='grc' dir='ltr'><strong><em>πρεσβύ-</em></strong></span> 
     </span>
     <span class='ocr_line' id='line_1_24' title="bbox 450 2811 2357 2905; baseline 0.001 -22"><span class='ocrx_word' id='word_1_168' title='bbox 450 2840 643 2895; x_wconf 89' lang='grc' dir='ltr'><strong><em>τατος</em></strong></span> <span class='ocrx_word' id='word_1_169' title='bbox 681 2811 986 2900; x_wconf 79' lang='grc' dir='ltr'><strong><em>Ἀντίων,</em></strong></span> <span class='ocrx_word' id='word_1_170' title='bbox 1043 2817 1118 2894; x_wconf 87' lang='grc' dir='ltr'><strong><em>ὃς</em></strong></span> <span class='ocrx_word' id='word_1_171' title='bbox 1172 2816 1386 2901; x_wconf 84' lang='grc' dir='ltr'><strong><em>μιγεὶς</em></strong></span> <span class='ocrx_word' id='word_1_172' title='bbox 1435 2823 1784 2905; x_wconf 78' lang='grc' dir='ltr'><strong><em>Περιμήλᾳ</em></strong></span> <span class='ocrx_word' id='word_1_173' title='bbox 1834 2827 1916 2903; x_wconf 72' lang='grc' dir='ltr'><strong><em>τῇ</em></strong></span> <span class='ocrx_word' id='word_1_174' title='bbox 1958 2814 2357 2903; x_wconf 77' lang='grc' dir='ltr'><strong><em>Ἀμυθάονος</em></strong></span> 
     </span>
     <span class='ocr_line' id='line_1_25' title="bbox 453 2918 2355 3011; baseline -0.002 -19"><span class='ocrx_word' id='word_1_175' title='bbox 453 2924 809 3011; x_wconf 83' lang='grc' dir='ltr'><strong><em>ἐγέννησεν</em></strong></span> <span class='ocrx_word' id='word_1_176' title='bbox 838 2922 1096 3004; x_wconf 83' lang='grc' dir='ltr'><strong><em>Ἰξίονα.</em></strong></span> <span class='ocrx_word' id='word_1_177' title='bbox 1162 2918 1359 3001; x_wconf 84' lang='grc' dir='ltr'><strong><em>οὗτος</em></strong></span> <span class='ocrx_word' id='word_1_178' title='bbox 1397 2918 1483 3007; x_wconf 84' lang='grc' dir='ltr'><strong><em>δ’,</em></strong></span> <span class='ocrx_word' id='word_1_179' title='bbox 1525 2926 1613 3001; x_wconf 83' lang='grc' dir='ltr'><strong><em>ὥς</em></strong></span> <span class='ocrx_word' id='word_1_180' title='bbox 1650 2941 1879 3009; x_wconf 83' lang='grc' dir='ltr'><strong><em>φασιν,</em></strong></span> <span class='ocrx_word' id='word_1_181' title='bbox 1917 2923 2355 3007; x_wconf 84' lang='grc' dir='ltr'><strong><em>ὑποσχόμενος</em></strong></span> 
     </span>
     <span class='ocr_line' id='line_1_26' title="bbox 454 3024 2429 3115; baseline -0.003 -14"><span class='ocrx_word' id='word_1_182' title='bbox 454 3035 615 3101; x_wconf 78' lang='grc' dir='ltr'><strong><em>ἕδνα</em></strong></span> <span class='ocrx_word' id='word_1_183' title='bbox 686 3034 898 3100; x_wconf 81' lang='grc' dir='ltr'><strong><em>πολλὰ</em></strong></span> <span class='ocrx_word' id='word_1_184' title='bbox 974 3032 1216 3098; x_wconf 81' lang='grc' dir='ltr'><strong><em>δώσειν</em></strong></span> <span class='ocrx_word' id='word_1_185' title='bbox 1280 3029 1542 3097; x_wconf 77' lang='grc' dir='ltr'><strong><em>Ἠϊονεῖ</em></strong></span> <span class='ocrx_word' id='word_1_186' title='bbox 1610 3032 1808 3115; x_wconf 83' lang='grc' dir='ltr'><strong><em>ἔγημε</em></strong></span> <span class='ocrx_word' id='word_1_187' title='bbox 1878 3032 2003 3114; x_wconf 79' lang='grc' dir='ltr'><strong><em>τὴν</em></strong></span> <span class='ocrx_word' id='word_1_188' title='bbox 2061 3024 2350 3108; x_wconf 74' lang='grc' dir='ltr'><strong><em>Ἠϊονέως</em></strong></span> <span class='ocrx_word' id='word_1_189' title='bbox 2375 3045 2429 3086; x_wconf 78' lang='lat'><strong><em>25</em></strong></span> 
     </span>
     <span class='ocr_line' id='line_1_27' title="bbox 382 3132 2341 3231; baseline -0.004 -22"><span class='ocrx_word' id='word_1_190' title='bbox 382 3160 418 3209; x_wconf 84' lang='lat'>4</span> <span class='ocrx_word' id='word_1_191' title='bbox 454 3139 796 3226; x_wconf 85' lang='grc' dir='ltr'><strong><em>θυγατέρα</em></strong></span> <span class='ocrx_word' id='word_1_192' title='bbox 843 3141 1043 3222; x_wconf 88' lang='grc' dir='ltr'><strong><em>Δίαν,</em></strong></span> <span class='ocrx_word' id='word_1_193' title='bbox 1090 3136 1157 3216; x_wconf 80' lang='grc' dir='ltr'><strong><em>ἐξ</em></strong></span> <span class='ocrx_word' id='word_1_194' title='bbox 1203 3132 1282 3221; x_wconf 83' lang='grc' dir='ltr'><strong><em>ἧς</em></strong></span> <span class='ocrx_word' id='word_1_195' title='bbox 1330 3135 1644 3231; x_wconf 81' lang='grc' dir='ltr'><strong><em>ἐγέννησε</em></strong></span> <span class='ocrx_word' id='word_1_196' title='bbox 1690 3138 2089 3222; x_wconf 80' lang='grc' dir='ltr'><strong><em>Πειρίθουν.</em></strong></span> <span class='ocrx_word' id='word_1_197' title='bbox 2151 3133 2341 3201; x_wconf 82' lang='grc' dir='ltr'><strong><em>ἔπειθ’</em></strong></span> 
     </span>
    </p>

    <p class='ocr_par' dir='ltr' id='par_1_6' title="bbox 452 3240 2346 3330">
     <span class='ocr_line' id='line_1_28' title="bbox 452 3240 2346 3330; baseline -0.002 -18"><span class='ocrx_word' id='word_1_198' title='bbox 452 3247 488 3312; x_wconf 87' lang='grc' dir='ltr'>ὁ</span> <span class='ocrx_word' id='word_1_199' title='bbox 546 3242 668 3330; x_wconf 73' lang='grc' dir='ltr'><strong><em>μὲν</em></strong></span> <span class='ocrx_word' id='word_1_200' title='bbox 706 3243 919 3325; x_wconf 80' lang='grc' dir='ltr'><strong><em>Ἰξίων</em></strong></span> <span class='ocrx_word' id='word_1_201' title='bbox 976 3243 1101 3309; x_wconf 84' lang='grc' dir='ltr'><strong><em>οὐκ</em></strong></span> <span class='ocrx_word' id='word_1_202' title='bbox 1155 3242 1450 3309; x_wconf 77' lang='grc' dir='ltr'><strong><em>ἀπέδωκε</em></strong></span> <span class='ocrx_word' id='word_1_203' title='bbox 1506 3243 1587 3307; x_wconf 77' lang='grc' dir='ltr'><strong><em>τὰ</em></strong></span> <span class='ocrx_word' id='word_1_204' title='bbox 1640 3240 1803 3307; x_wconf 78' lang='grc' dir='ltr'><strong><em>ἕδνα</em></strong></span> <span class='ocrx_word' id='word_1_205' title='bbox 1857 3250 1935 3328; x_wconf 75' lang='grc' dir='ltr'><strong><em>τῇ</em></strong></span> <span class='ocrx_word' id='word_1_206' title='bbox 1992 3245 2269 3326; x_wconf 85' lang='grc' dir='ltr'><strong><em>γυναικί,</em></strong></span> <span class='ocrx_word' id='word_1_207' title='bbox 2313 3241 2346 3308; x_wconf 87' lang='grc' dir='ltr'>ὁ</span> 
     </span>
    </p>
   </div>
   <div class='ocr_carea' id='block_1_5' title="bbox 449 3429 2351 3647">
    <p class='ocr_par' dir='ltr' id='par_1_7' title="bbox 449 3429 2343 3647">
     <span class='ocr_line' id='line_1_29' title="bbox 632 3429 2343 3525; baseline -0.002 -34"><span class='ocrx_word' id='word_1_208' title='bbox 632 3444 733 3490; x_wconf 79' lang='grc' dir='ltr'><strong><em>2τ</em></strong></span> <span class='ocrx_word' id='word_1_209' title='bbox 702 3439 815 3491; x_wconf 78' lang='grc' dir='ltr'><strong><em>τῶν</em></strong></span> <span class='ocrx_word' id='word_1_210' title='bbox 854 3454 960 3492; x_wconf 89' lang='lat' dir='ltr'><strong><em>om.</em></strong></span> <span class='ocrx_word' id='word_1_211' title='bbox 1000 3438 1111 3490; x_wconf 87' lang='lat' dir='ltr'><strong><em>DM</em></strong></span> <span class='ocrx_word' id='word_1_212' title='bbox 1238 3442 1298 3489; x_wconf 90' lang='lat'><strong><em>11</em></strong></span> <span class='ocrx_word' id='word_1_213' title='bbox 1344 3430 1624 3525; x_wconf 78' lang='grc' dir='ltr'><strong><em>εὖρυνόην</em></strong></span> <span class='ocrx_word' id='word_1_214' title='bbox 1662 3429 1767 3502; x_wconf 87' lang='grc' dir='ltr'><strong><em>τὴν</em></strong></span> <span class='ocrx_word' id='word_1_215' title='bbox 1805 3429 2075 3501; x_wconf 79' lang='grc' dir='ltr'><strong><em>ἄρσινόου</em></strong></span> <span class='ocrx_word' id='word_1_216' title='bbox 2113 3435 2157 3488; x_wconf 93' lang='lat' dir='ltr'>D</span> <span class='ocrx_word' id='word_1_217' title='bbox 2283 3440 2343 3488; x_wconf 81' lang='lat'><strong><em>15</em></strong></span> 
     </span>
     <span class='ocr_line' id='line_1_30' title="bbox 553 3502 2351 3577; baseline 0.001 -20.022"><span class='ocrx_word' id='word_1_218' title='bbox 553 3503 719 3577; x_wconf 78' lang='grc' dir='ltr'><strong><em>υἱῶν]</em></strong></span> <span class='ocrx_word' id='word_1_219' title='bbox 759 3504 902 3561; x_wconf 76' lang='grc' dir='ltr'><strong><em>υἱῶν</em></strong></span> <span class='ocrx_word' id='word_1_220' title='bbox 941 3505 1004 3561; x_wconf 72' lang='grc' dir='ltr'><strong><em>δὲ</em></strong></span> <span class='ocrx_word' id='word_1_221' title='bbox 1041 3506 1195 3574; x_wconf 82' lang='lat' dir='ltr'><strong>vulg.</strong></span> <span class='ocrx_word' id='word_1_222' title='bbox 1317 3510 1382 3558; x_wconf 82' lang='lat'><strong><em>21</em></strong></span> <span class='ocrx_word' id='word_1_223' title='bbox 1419 3502 1534 3558; x_wconf 87' lang='grc' dir='ltr'><strong><em>Ἀστ</em></strong></span> <span class='ocrx_word' id='word_1_224' title='bbox 1504 3523 1705 3573; x_wconf 78' lang='grc' dir='ltr'><strong><em>τυαγει</em></strong></span> <span class='ocrx_word' id='word_1_225' title='bbox 1684 3523 1779 3557; x_wconf 88' lang='grc' dir='ltr'><strong><em>ιαν</em></strong></span> <span class='ocrx_word' id='word_1_226' title='bbox 1820 3504 1925 3559; x_wconf 79' lang='lat' dir='ltr'><strong><em>OF</em></strong></span> <span class='ocrx_word' id='word_1_227' title='bbox 2030 3510 2100 3559; x_wconf 82' lang='lat'><strong><em>25</em></strong></span> <span class='ocrx_word' id='word_1_228' title='bbox 2136 3508 2292 3558; x_wconf 85' lang='grc' dir='ltr'><strong><em>Ησινο</em></strong></span> <span class='ocrx_word' id='word_1_229' title='bbox 2295 3511 2351 3558; x_wconf 79' lang='grc' dir='ltr'><strong><em>εἴ</em></strong></span> 
     </span>
     <span class='ocr_line' id='line_1_31' title="bbox 449 3573 2337 3647; baseline 0.003 -22"><span class='ocrx_word' id='word_1_230' title='bbox 449 3573 672 3628; x_wconf 79' lang='lat' dir='ltr'><strong>codices</strong></span> <span class='ocrx_word' id='word_1_231' title='bbox 709 3580 795 3641; x_wconf 73' lang='lat' dir='ltr'><strong><em>(ut</em></strong></span> <span class='ocrx_word' id='word_1_232' title='bbox 830 3575 1018 3645; x_wconf 83' lang='lat' dir='ltr'>infra),</span> <span class='ocrx_word' id='word_1_233' title='bbox 1058 3582 1167 3644; x_wconf 89' lang='grc' dir='ltr'><strong><em>Δηι</em></strong></span> <span class='ocrx_word' id='word_1_234' title='bbox 1173 3595 1237 3629; x_wconf 89' lang='grc' dir='ltr'><strong><em>ον</em></strong></span> <span class='ocrx_word' id='word_1_235' title='bbox 1244 3581 1302 3628; x_wconf 87' lang='grc' dir='ltr'><strong><em>ει</em></strong></span> <span class='ocrx_word' id='word_1_236' title='bbox 1334 3574 1514 3629; x_wconf 77' lang='lat' dir='ltr'>Cobet</span> <span class='ocrx_word' id='word_1_237' title='bbox 1676 3579 1746 3629; x_wconf 82' lang='lat'><strong><em>26</em></strong></span> <span class='ocrx_word' id='word_1_238' title='bbox 1784 3576 1885 3629; x_wconf 78' lang='grc' dir='ltr'><strong><em>δεῖ</em></strong></span> <span class='ocrx_word' id='word_1_239' title='bbox 1878 3594 1950 3628; x_wconf 86' lang='grc' dir='ltr'><strong><em>αν</em></strong></span> <span class='ocrx_word' id='word_1_240' title='bbox 1986 3576 2035 3629; x_wconf 94' lang='lat' dir='ltr'>D</span> <span class='ocrx_word' id='word_1_241' title='bbox 2190 3581 2247 3630; x_wconf 77' lang='lat'><strong><em>27</em></strong></span> <span class='ocrx_word' id='word_1_242' title='bbox 2277 3576 2337 3647; x_wconf 81' lang='grc' dir='ltr'><strong><em>τῇ</em></strong></span> 
     </span>
    </p>
   </div>
  </div>
 </body>
</html>
