2569 4061
346 312 481 377 450
1011 314 1324 370 DIODORI
1361 315 1595 371 SICULI

347 479 665 561 Κόρυθος
707 479 1115 563 παραλαβὼν
1158 478 1233 543 τὸ
1280 479 1551 543 παιδίον
1608 475 1909 561 ἀσμένως
1958 479 2047 555 ὡς
2095 478 2279 544 ἴδιον

347 583 499 648 υἱὸν
545 583 799 668 ἔτρεφε,
845 585 1392 670 προσαγορεύσας
1437 585 1744 668 Τήλεφον
1790 586 1920 649 ἀπὸ
1965 591 2085 667 τῆς
2128 608 2279 670 τρε-

347 689 608 774 φούσης
644 688 917 774 ἐλάφου.
991 692 1292 776 Τήλεφος
1330 688 1391 754 δ’
1427 687 1805 776 ἀνδρωθεὶς
1842 688 1954 755 καὶ
1990 692 2114 774 τὴν
2149 714 2277 775 μη-

345 792 501 881 τέρα
547 801 796 880 μαθεῖν
845 797 1175 880 σπεύδων,
1231 801 1583 882 παρῆλθεν
1629 803 1723 874 εἰς
1775 797 2116 881 Δελφούς,
2164 795 2280 862 καὶ

345 904 645 988 χρησμὸν
673 906 865 986 ἔλαβε
892 908 1084 968 πλεῖν
1112 906 1207 981 εἰς
1232 905 1357 989 τὴν
1374 906 1655 969 Μυσίαν
1682 904 1848 990 πρὸς
1879 903 2277 988 Τεύθραντα
2305 922 2336 963 5

243 1026 309 1075 12
346 1009 468 1074 τὸν
537 1008 829 1092 βασιλέα.
922 1009 1225 1095 ἀνευρὼν
1292 1005 1366 1074 δὲ
1427 1012 1551 1094 τὴν
1595 1008 1884 1095 μητέρα,
1938 1006 2052 1074 καὶ
2103 1032 2277 1092 γνω-

349 1114 542 1193 σθεὶς
585 1119 770 1192 τίνος
812 1111 899 1198 ἦν
944 1118 1218 1201 πατρός,
1267 1115 1600 1199 ἀποδοχῆς
1646 1113 1960 1200 ἐτύγχανε
2005 1124 2120 1198 τῆς
2163 1138 2278 1199 με-

347 1225 593 1305 γίστης.
685 1220 720 1286 ὀ
779 1217 853 1285 δὲ
917 1222 1221 1307 Τεύθρας
1286 1223 1482 1299 ἄπαις
1529 1222 1625 1286 ὢν
1684 1220 1987 1307 ἀρρένων
2039 1224 2275 1284 παίδων

346 1328 470 1410 τὴν
514 1324 854 1412 θυγατέρα
894 1321 1251 1413 Ἀργιόπην
1290 1325 1618 1417 συνῴκισε
1662 1336 1754 1415 τῷ
1810 1324 2110 1415 Τηλέφῳ,
2153 1323 2271 1390 καὶ

349 1433 666 1515 διάδοχον
712 1432 1009 1514 ἀπέδειξε
1053 1443 1169 1519 τῆς
1212 1437 1566 1518 βασιλείας.
2304 1454 2363 1493 1⁰

241 1538 328 1602 34
513 1537 846 1625 “Ηρακλῆς
883 1537 957 1605 δὲ
995 1543 1157 1625 μετὰ
1188 1543 1312 1626 τὴν
1349 1541 1424 1608 έν
1458 1546 1686 1629 Φενεςό
1726 1543 2115 1624 κατοίκησιν
2144 1541 2273 1604 ἔτει

345 1643 647 1735 πέμπτῳ,
696 1648 1060 1734 δυσφορῶν
1116 1646 1222 1714 ἐπὶ
1277 1657 1369 1736 τῷ
1419 1646 1948 1731 τετελευτηκέναι
2007 1647 2278 1710 Οἰωνὸν

347 1754 466 1818 τὸν
511 1757 889 1838 Λικυμνίου
934 1752 1046 1820 καὶ
1075 1753 1380 1840 Ἴφικλον
1424 1757 1544 1820 τὸν
1590 1755 1921 1840 ἀδελφόν,
1971 1753 2274 1838 ἀπῆλθεν

348 1856 666 1937 ἑκουσίως
730 1858 795 1937 ἐξ
845 1855 1191 1946 Ἀρκαδίας
1261 1857 1374 1926 καὶ
1445 1861 1659 1946 πάσης
1722 1862 2270 1942 Πελοποννήσου.

349 1967 914 2032 συναπελθόντων
961 1963 1020 2030 δ’
1068 1965 1247 2053 αὐτῷ
1304 1971 1572 2032 πολλῶν
1619 1966 1691 2032 ἐκ
1744 1975 1859 2051 τῆς
1898 1964 2265 2052 Ἀρκαδίας,
2298 1984 2360 2025 15

348 2073 608 2158 ἀπῆλθε
634 2081 751 2157 τῆς
779 2075 1110 2149 Αἰτωλίας
1136 2074 1231 2151 εἰς
1250 2076 1630 2139 Καλυδῶνα
1656 2074 1850 2140 κάκεῖ
1870 2072 2269 2161 κατῴκησεν.

348 2180 473 2244 οὐκ
518 2181 733 2245 ὄντων
782 2177 842 2244 δ’
897 2180 1075 2268 αὐτῷ
1121 2183 1383 2246 παίδων
1438 2183 1735 2265 γνησίων
1782 2176 1943 2246 οὐδὲ
1987 2188 2273 2264 γαμετῆς

346 2289 681 2370 γυναικός,
729 2289 929 2371 ἔγημε
967 2288 1384 2375 Δηιάνειραν
1420 2289 1544 2372 τὴν
1586 2285 1858 2370 Οἰνέως,
1896 2292 2271 2371 τετελευτη-

345 2396 537 2471 κότος
580 2394 709 2478 ῆδη
748 2394 1164 2479 Μελεάγρου.
1231 2394 1355 2459 οὐκ
1390 2393 1727 2478 ἀνοίκειον
1766 2389 1828 2458 δ’
1865 2388 2036 2459 εἶναι
2083 2396 2271 2477 νομί-

350 2503 542 2584 ζομεν
577 2504 791 2587 βραχὺ
827 2500 1280 2587 παρεκβάντας
1316 2501 1486 2586 ἡμᾶς
1523 2501 1916 2584 ἀπαγγεῖλαι
1955 2501 2081 2584 τὴν
2116 2498 2269 2586 περὶ
2299 2519 2359 2558 2⁰

275 2621 308 2670 2
345 2607 466 2671 τὸν
499 2604 899 2693 Μελέαγρον
935 2605 1369 2692 περιπέτειαν.
1439 2609 1678 2684 Οἰνεὺς
1719 2608 1871 2693 γάρ,
1895 2604 2273 2698 Ἴγενομένης

347 2712 704 2797 εὐκαρπίας
758 2712 936 2799 αὐτῷ
990 2720 1113 2777 τοῦ
1168 2713 1390 2796 σίτου,
1436 2724 1577 2791 τοῖς
1623 2710 1744 2797 μὲν
1800 2715 2029 2790 ἄλλοις
2082 2718 2272 2789 θεοῖς

346 2815 597 2883 ἐτέλεσε
623 2820 892 2900 θυσίας,
919 2819 1130 2902 μόνης
1160 2813 1232 2883 δὲ
1268 2827 1385 2902 τῆς
1405 2816 1784 2904 Ἀρτέμιδος
1817 2819 2269 2904 ὠλιγώρησεν·

348 2925 436 2988 δι’
469 2923 556 3008 ἣν
601 2925 821 2990 αἰτίαν
865 2924 906 3008 ἡ
945 2925 1107 3001 θεὸς
1153 2925 1332 3014 αὐτῷ
1372 2928 1707 3010 μηνίσασα
1751 2927 1872 2991 τὸν
1919 2928 2270 3010 διαβεβοη-

347 3030 552 3116 μένον
589 3032 1032 3098 Καλυδώνιον
1070 3026 1155 3097 ὗν
1193 3032 1459 3116 ἀνῆκεν,
1507 3032 1815 3118 ὑπερφυῆ
1852 3034 1927 3097 τὸ
1965 3031 2278 3116 μέγεθος.“
2298 3049 2358 3090 25

275 3157 308 3205 3
347 3135 543 3217 οὗτος
607 3136 681 3205 δὲ
743 3142 867 3225 τὴν
932 3140 1261 3223 σύνεγγυς
1329 3139 1553 3224 χώραν
1614 3140 2091 3224 καταφθείρων
2153 3139 2272 3217 τὰς

344 3248 605 3330 κτήσεις
669 3245 1080 3331 ἐλυμαίνετο·
1148 3247 1379 3331 διόπερ
1438 3242 1830 3331 Μελέαγρος
1898 3244 1933 3310 ὁ
1994 3241 2269 3339 Οἰνέως,

343 3350 467 3432 τὴν
531 3347 652 3434 μὲν
705 3350 969 3434 ἡλικίαν
1032 3353 1316 3437 μάλιστα
1372 3350 1709 3435 ἀκμάζων,
1777 3350 1964 3437 ῥώμῃ
2023 3346 2099 3416 δὲ
2158 3349 2270 3415 καὶ

525 3509 557 3557 8
603 3507 824 3561 παίδων
872 3508 997 3562 add».
1037 3508 1216 3564 Wess.
1402 3513 1468 3562 18
1517 3503 1836 3577 διιάνειραν
1874 3507 1924 3560 D
1978 3511 2065 3578 (ut
2099 3506 2269 3577 infra)

345 3572 412 3619 22
451 3567 605 3640 αὐτῷ
646 3570 962 3645 εὐκαρπίας
998 3579 1151 3647 vulg.
1298 3584 1367 3634 26
1405 3575 1470 3631 δὲ
1510 3594 1617 3631 om.
1657 3579 1810 3648 vulg.
