2569 4061
384 305 521 370 440
1073 300 1382 358 DIODORI
1418 301 1654 357 SICULI

386 473 539 532 θῶν
573 477 715 542 ταῖς
738 459 1040 551 Ἀμαζόσι
1079 463 1329 547 συνέβη
1371 466 1662 547 δύναμιν
1700 462 2049 544 ἀξιόλογον
2080 460 2331 545 ἀθροι-

390 579 660 655 σθῆναι,
707 567 862 656 μεθ’
913 568 992 656 ἧς
1038 574 1112 638 αἰ
1151 572 1653 657 προηγούμεναι
1696 579 1830 634 τῶν
1871 563 2328 650 Ἀμαζονίδων

387 684 867 763 περαιωθεῖσαι
903 681 1022 746 τὸν
1059 677 1431 764 Κιμμέριον
1470 681 1825 762 Βόσπορον
1861 683 2158 761 προῆγον
2205 675 2328 738 διὰ

388 793 504 867 τῆς
551 783 836 874 Θρᾴκης.
927 784 1114 863 τέλος
1160 782 1233 851 δὲ
1279 785 1536 868 πολλὴν
1585 792 1701 867 τῆς
1745 782 2076 867 Εὐρώπης
2131 778 2323 844 ἐπελ-

390 896 640 958 θοῦσαι
685 897 1104 978 κατήντησαν
1150 895 1243 968 εἰς
1289 892 1412 975 τὴν
1443 886 1764 974 Ἀττικήν,
1809 886 1920 953 καὶ
1965 903 2322 971 κατεστρα-
2352 902 2386 943 5

391 997 802 1065 τοπέδευσαν
849 1000 1022 1064 ὅπου
1065 1008 1195 1063 νῦν
1242 998 1382 1064 ἐστι
1426 999 1502 1062 τὸ
1550 997 1966 1080 καλούμενον
2003 990 2112 1059 ἀπ’
2158 992 2323 1058 ἐκεί-

318 1124 352 1172 3
389 1127 530 1168 νων
583 1102 1020 1187 Ἀμαζονεῖον.
1114 1106 1373 1186 Θησεὺς
1430 1099 1503 1167 δὲ
1556 1105 1942 1185 πυθόμενος
2005 1102 2127 1184 τὴν
2177 1110 2326 1163 τῶν

385 1203 759 1292 Ἀμαζόνων
824 1209 1077 1291 ἔφοδον
1142 1207 1418 1292 ἐβοήθει
1480 1220 1623 1285 ταῖς
1684 1212 2051 1283 πολιτικαῖς
2113 1206 2324 1270 δυνά-

389 1329 612 1396 μεσιν,
679 1315 848 1396 ἔχων
914 1311 1067 1398 μεθ’
1142 1312 1385 1379 ἑαυτοῦ
1449 1315 1573 1398 τὴν
1630 1311 2021 1398 Ἀμαζονίδα
2070 1308 2319 1377 Ἀντιό-

388 1437 551 1500 πην,
609 1416 674 1495 ἐξ
728 1412 809 1501 ἧς
865 1413 952 1500 ἦν
1004 1421 1650 1505 πεπαιδοποιημένος
1703 1422 1857 1485 υἱὸν
1903 1419 2315 1485 Ἱππόλυτον.
2349 1437 2409 1475 1⁰

390 1523 694 1601 συνάψας
733 1521 805 1591 δὲ
843 1526 1060 1609 μάχην
1094 1537 1239 1603 ταῖς
1259 1521 1586 1611 Ἀμαζόσι,
1623 1526 1735 1592 καὶ
1769 1537 1905 1592 τῶν
1937 1523 2315 1610 Ἀθηναίων

387 1628 851 1715 ὑπερεχόντων
911 1643 1054 1708 ταῖς
1107 1631 1627 1719 ἀνδραγαθίαις,
1676 1632 1989 1715 ἐνίκησαν
2045 1633 2115 1696 οἰ
2162 1630 2315 1715 περὶ

387 1739 508 1802 τὸν
575 1736 826 1821 Θησέα,
891 1736 1002 1804 καὶ
1073 1749 1208 1804 τῶν
1287 1739 1808 1824 ἀντιταχθεισῶν
1865 1737 2316 1822 Ἀμαζονίδων

391 1843 468 1919 ἃς
516 1839 638 1927 μὲν
684 1842 1078 1926 κατέκοψαν,
1128 1843 1205 1920 ἃς
1252 1843 1313 1909 δ’
1367 1844 1439 1909 ἐκ
1483 1852 1600 1927 τῆς
1640 1839 1931 1927 Ἀττικῆς
1985 1842 2313 1925 ἐξέβαλον.

317 1973 353 2019 4
393 1948 640 2035 συνέβη
718 1945 791 2014 δὲ
863 1948 973 2014 καὶ
1052 1951 1176 2034 τὴν
1242 1946 1593 2034 Ἀντιόπην
1677 1947 2314 2056 συναγωνισαμένην
2347 1966 2403 2007 15

389 2054 626 2143 τάνδρὶ
684 2062 916 2141 Θησεῖ,
970 2054 1080 2121 καὶ
1133 2058 1299 2121 κατὰ
1356 2057 1481 2141 τὴν
1534 2057 1752 2141 μάχην
1806 2057 2314 2142 ἀριστεύουσαν,

390 2162 691 2247 ἡρωικῶς
736 2163 1178 2249 καταστρέψαι
1223 2164 1343 2228 τὸν
1389 2166 1558 2247 βίον.
1652 2164 1727 2227 αί
1768 2161 1828 2226 δ’
1882 2163 2316 2247 ὑπολειφθεῖ-

393 2285 503 2333 σαι
546 2279 683 2334 τῶν
723 2264 1098 2355 Ἀμαζόνων
1152 2270 1566 2353 ἀπογνοῦσαι
1620 2272 1743 2353 τὴν
1795 2267 2111 2357 πατρῴαν
2162 2280 2315 2355 γῆν,

391 2375 780 2459 ἐπανῆλθον
826 2377 987 2460 μετὰ
1033 2387 1168 2440 τῶν
1204 2380 1505 2441 Σκυθῶν
1552 2377 1646 2453 εἰς
1691 2376 1815 2459 τὴν
1849 2378 2166 2440 Σκυθίαν
2202 2374 2317 2441 καὶ

391 2480 528 2564 μετ’
584 2482 859 2547 ἐκείνων
903 2479 1308 2568 κατῴκησαν.
1391 2482 1577 2566 ἡμεῖς
1624 2477 1685 2546 δ’
1738 2481 2119 2568 ἀρκούντως
2162 2480 2317 2569 περὶ
2348 2500 2406 2538 20

390 2588 647 2650 τούτων
695 2588 1166 2670 διεληλυθότες
1212 2587 1533 2673 ἐπάνιμεν
1570 2590 1771 2653 πάλιν
1817 2586 1923 2653 ἐπὶ
1969 2589 2086 2665 τὰς
2112 2586 2319 2674 “Ηρα-

388 2690 624 2768 κλέους
667 2692 951 2775 πράξεις.

283 2797 369 2863 29
570 2797 1002 2874 ’Τετελεκότος
1046 2798 1174 2882 γὰρ
1221 2797 1430 2863 αὐτοῦ
1475 2803 1633 2876 τοὺς
1688 2802 1973 2880 ἄθλους,
2027 2799 2138 2865 καὶ
2190 2811 2316 2866 τοῦ

391 2909 561 2968 θεοῦ
608 2906 976 2989 χρήσαντος
1022 2902 1391 2990 συμφέρειν
1439 2908 1568 2991 πρὸ
1616 2915 1731 2989 τῆς
1777 2909 1871 2983 εἰς
1915 2910 2121 2983 θεοὺς
2165 2931 2314 2991 μετ-

393 3014 683 3093 αλλαγῆς
738 3008 1046 3075 ἀποικίαν
1103 3012 1215 3087 εἰς’
1251 3013 1499 3095 Σαρδὼ
1551 3011 1803 3094 πέμψαι
1865 3009 1976 3077 καὶ
2030 3016 2186 3089 τοὺς
2241 3012 2313 3077 ἐκ
2344 3029 2401 3069 25

390 3128 526 3181 τῶν
585 3116 980 3181 Θεσπιάδων
1041 3117 1218 3205 αὐτῷ
1273 3116 1676 3202 γενομένους
1730 3120 1921 3194 υἱοὺς
1983 3117 2313 3203 ἡγεμόνας

388 3231 663 3303 ποιῆσαι
707 3224 979 3305 ταύτης,
1028 3226 1244 3308 ἔκρινε
1294 3225 1412 3287 τὸν
1458 3223 1870 3306 ἀδελφιδοῦν
1908 3221 2165 3290 Ἰόλαον
2210 3225 2311 3290 έκ-

567 3414 599 3459 3
656 3408 944 3479 βόσφορον
1002 3411 1108 3465 G'F
1293 3418 1324 3465 9
1381 3408 1485 3478 τὴν
1541 3428 1650 3466 om.
1710 3414 1754 3465 D
1932 3409 2201 3484 Ἀμαζόνα
2258 3416 2310 3469 II

390 3479 457 3525 14
504 3471 561 3527 δ’
605 3473 668 3528 ἐκ
717 3480 782 3544 D,
828 3476 891 3532 δὲ
941 3482 1092 3549 vulg.
1224 3486 1291 3535 19
1337 3477 1478 3543 μετὰ
1524 3483 1637 3535 τῶν
1682 3485 1935 3538 Σκυθῶν
1981 3491 2112 3554 post
2157 3490 2309 3540 Σκυ-

383 3543 527 3595 θίαν
564 3545 639 3609 F,
676 3547 801 3599 loco
840 3544 959 3615 μετ’
1001 3545 1236 3603 ἐκείνων
1275 3549 1429 3604 CEG.
