2569 4061
464 291 597 357 528
1131 286 1440 344 DIODORI
1476 285 1710 342 smnm

467 477 663 540 τερον
698 448 1188 537 ἐξηγριωμένην
1225 449 1582 536 ἡμερῶσαι.
1646 456 1962 533 γεννῆσαι
2000 443 2063 514 δ’
2110 448 2212 514 ἐν
2269 452 2480 537 αὐτῇ

398 582 431 631 5
469 560 593 625 δύο
657 559 932 641 παῖδας,
1000 558 1277 642 Χάρμον
1340 555 1452 622 καὶ
1514 559 2001 641 Καλλίκαρπον.
2097 559 2316 639 μετὰ
2395 555 2476 623 δὲ

467 673 675 730 ταῦτα
719 666 925 742 ἄλλας
967 687 1038 730 τε
1083 666 1334 747 νήσους
1379 662 1693 728 ἐπελθεῖν
1736 661 1847 728 καὶ
1889 664 2058 730 ,κατὰ
2103 664 2261 747 τὴν
2329 670 2470 730 Σι-

468 775 697 839 κελίαν
736 774 1085 857 διατρῖψαί
1118 793 1270 838 τινα
1305 772 1578 855 χρόνον,
1626 770 1740 835 διὰ
1776 766 1852 834 δὲ
1886 769 2009 852 τὴν
2045 768 2465 853 ἀφθονίαν

471 891 606 946 τῶν
670 879 744 946 ἐν
799 887 878 965 τῇ
938 879 1121 967 νήσω
1185 887 1460 963 καρπῶν
1513 875 1624 942 καὶ
1686 878 1762 941 τὸ
1817 881 2078 959 πλῆθος
2134 887 2309 948 τῶν
2379 877 2499 943 ἐνε]

474 988 638 1073 αὐτῇ
677 984 1106 1070 βοσκομένων
1141 995 1404 1069 κτηνῶν
1448 989 1978 1070 φιλοτιμηθῆναι
2021 995 2168 1061 τοῖς
2213 984 2455 1071 ἐγχω-

475 1096 646 1180 ρίοις
710 1092 1140 1171 ἐνδείξασθαι
1193 1092 1310 1168 τὰς
1376 1092 1550 1169 ἰδίας
1614 1090 2008 1177 εὐεργεσίας.
2116 1090 2244 1155 διὸ
2324 1091 2451 1158 καὶ

473 1201 652 1288 παρὰ
697 1209 837 1275 τοῖς
881 1199 1046 1263 κατὰ
1090 1198 1214 1281 τὴν
1259 1201 1581 1264 Σικελίαν
1636 1200 1899 1263 οἰκοῦσι
1944 1198 2444 1282 διαφερόντως

475 1304 643 1391 φασὶ
669 1308 1034 1387 τιμηθῆναι
1070 1304 1190 1368 τὸν
1211 1300 1588 1389 Ἀρισταῖον
1624 1305 1714 1381 ὡς
1748 1306 1939 1388 θεόν,
1961 1301 2077 1374 ,καὶ
2117 1303 2433 1387 μάλισθ’

474 1411 606 1476 ὑπὸ
669 1419 803 1473 τῶν
870 1412 1405 1494 συγκομιζόντων
1470 1411 1590 1476 τὸν
1653 1419 1768 1495 τῆς
1830 1409 2052 1487 ἐλαίας
2125 1414 2430 1496 καρπόν.
2458 1431 2498 1470 1⁰

407 1536 439 1585 6
476 1517 550 1582 τὸ
601 1512 673 1580 δὲ
727 1520 1108 1583 τελευταῖον
1163 1521 1671 1601 μυθολογοῦσιν
1725 1517 1931 1582 αὐτὸν
1975 1519 2072 1593 εἰς
2131 1514 2429 1604 Θρᾴκην

476 1624 947 1710 παραβαλόντα
985 1624 1150 1708 πρὸς
1188 1626 1535 1689 Διόνυσον
1572 1634 1917 1708 μετασχεῖν
1958 1635 2093 1689 τῶν
2132 1624 2425 1710 ὀργίων,

477 1731 589 1798 καὶ
654 1732 1225 1815 συνδιατρίψαντα
1295 1738 1386 1817 τῷ
1451 1737 1592 1819 θεῷ
1654 1732 1869 1797 πολλὰ
1931 1736 2180 1815 μαθεῖν
2245 1729 2416 1817 παρ’

481 1839 690 1905 αὐτοῦ
744 1848 879 1903 τῶν
931 1841 1302 1923 χρησίμων·
1360 1835 1512 1923 περὶ
1569 1833 1643 1903 δὲ
1700 1838 1772 1902 τὸ
1830 1839 1986 1923 ὄρος
2034 1838 2108 1902 τὸ
2160 1840 2420 1903 καλού-

481 1969 686 2030 μενον
723 1935 945 2028 Αἷμον
984 1943 1347 2025 οἰκήσαντά
1391 1965 1540 2008 τινα
1580 1945 1831 2029 χρόνον
1877 1945 2170 2023 ἄφαντον
2209 1943 2415 2023 γενέ-
2445 1963 2486 2004 15

483 2059 670 2136 σθαι,
699 2049 810 2117 καὶ
848 2060 1074 2136 τυχεῖν
1112 2049 1474 2116 ἀθανάτων
1509 2059 1721 2134 τιμῶν
1749 2049 1832 2115 οὐ
1871 2053 2078 2135 μόνον
2108 2047 2412 2117 ἐνταῦθα
2503 2086 2504 2089 ¹

482 2160 660 2245 παρὰ
714 2169 856 2236 τοῖς
899 2158 1296 2243 βαρβάροις,
1344 2157 1512 2223 ἀλλὰ
1567 2155 1679 2222 καὶ
1723 2157 1902 2244 παρὰ
1945 2167 2084 2234 τοῖς
2111 2154 2404 2241 Ἕλλησι.

377 2260 463 2326 83
663 2264 797 2330 Καὶ
850 2263 1001 2351 περὶ
1056 2260 1179 2349 μὲν
1228 2262 1607 2350 Ἀρισταίου
1661 2274 1801 2342 τοῖς
1856 2264 2166 2352 ῥηθεῖσιν
2216 2263 2404 2350 ἀρκε-

485 2376 915 2458 σθησόμεθα,
990 2369 1141 2458 περὶ
1204 2368 1279 2436 δὲ
1344 2372 1698 2458 Δάφνιδος
1760 2370 1871 2439 καὶ
1924 2369 2205 2456 ’Ἐρυκος
2266 2390 2489 2442 πει-326

487 2484 834 2566 ρασόμεθα
875 2481 1190 2544 διελθεῖν.
1244 2477 1499 2566 ’Έρυκοί
1528 2495 1736 2563 φασιν
1762 2478 1915 2544 υἱὸν
1944 2474 2066 2563 μὲν
2092 2475 2399 2562 γενέσθαι
2421 2496 2466 2535 20

477 2583 873 2675 Ἀφροδίτης
906 2585 1018 2653 καὶ
1046 2588 1294 2672 Βούτα,
1330 2584 1654 2670 βασιλέως
1679 2585 1860 2661 τινὸς
1887 2583 2205 2671 ἐγχωρίου
2237 2582 2393 2668 δόξῃ

490 2693 952 2779 διαφέροντος·
1018 2702 1260 2759 τοῦτον
1322 2689 1397 2758 δὲ
1456 2694 1569 2759 διὰ
1625 2693 1751 2776 τὴν
1810 2691 1939 2758 ἀπὸ
1998 2699 2115 2774 τῆς
2163 2690 2388 2775 μητρὸς

488 2799 832 2884 εὐγένειαν
885 2802 1381 2883 θαυμασθῆναί
1427 2822 1499 2864 τε
1552 2799 1683 2864 ὑπὸ
1730 2809 1864 2885 τῶν
1919 2797 2245 2884 ἐγχωρίων
2282 2792 2383 2861 καὶ

489 2914 877 2994 βασιλεῦσαι
922 2904 1166 2992 μέρους
1210 2914 1326 2991 τῆς
1369 2909 1600 2990 νήσου.
1673 2909 1893 2975 κτίσαι
1939 2901 2014 2971 δὲ
2059 2903 2167 2969 καὶ
2205 2906 2381 2969 πόλιν

492 3014 844 3099 ἀξιόλογον
894 3012 1253 3098 ὁμώνυμον
1291 3013 1493 3102 αὑτῷ,
1539 3010 1852 3097 κειμένην
1889 3010 1998 3076 ἐπί
2028 3033 2200 3088 τινος
2231 3009 2384 3093 ὕψη-
2409 3026 2453 3067 25
2503 3048 2504 3111 ᾖ

491 3130 616 3190 λοῦ
674 3125 912 3187 τόπου·
972 3121 1137 3185 κατὰ
1198 3116 1271 3185 δὲ
1331 3121 1454 3204 τὴν
1513 3120 1723 3205 ἄκραν
1782 3119 1905 3201 τὴν
1962 3117 2035 3184 ἐν
2088 3126 2162 3202 τῇ
2213 3119 2381 3183 πόλει

491 3238 607 3312 τῆς
653 3230 899 3314 μητρὸς
947 3229 1128 3313 ἱερὸν
1187 3228 1625 3312 ἱδρύσασθαι,
1682 3222 1793 3293 καὶ
1843 3232 2169 3309 κοσμῆσαι
2207 3232 2276 3308 τῇ
2317 3246 2380 3289 τε

670 3426 702 3473 2
741 3422 1151 3489 Καλαίκαρπον
1188 3418 1244 3473 II
1416 3427 1447 3473 4
1486 3415 1576 3489 δὲ]
1615 3437 1674 3472 τε
1712 3417 1866 3542 vul}
2049 3422 2081 3472 8
2119 3412 2245 3471 κατὰ
2278 3433 2373 3472 om.

493 3489 647 3556 vulg.
786 3498 817 3544 9
859 3485 933 3551 ὡς
969 3486 1117 3543 θεόν
1155 3489 1192 3545 f.
1233 3489 1342 3546 del.
1482 3494 1546 3543 18
1585 3488 1683 3542 καὶ
1718 3507 1824 3556 περ
1884 3485 1989 3559 μὲν
2027 3486 2256 3554 Dindorf‚
2290 3487 2374 3542 καὶ
2503 3518 2504 3541 ;

490 3559 668 3610 ταῦτα
707 3557 813 3626 μὲν
852 3560 982 3626 περὶ
1020 3559 1152 3612 libri
1261 3566 1328 3613 22
1368 3554 1482 3613 ἀπὸ
1523 3575 1630 3614 om.
1669 3559 1782 3613 DF.
