2569 4061
459 307 591 373 526
1124 307 1439 365 DIODORI
1473 308 1706 365 SICULI

459 470 532 535 έν
570 461 613 554 ᾖ
648 470 812 535 κατὰ
849 473 1007 548 τοὺς
1041 470 1328 557 ὕστερον
1352 473 1640 557 χρόνους
1666 473 1817 536 τινὰ
1844 474 2173 537 κτίσαντα
2207 473 2459 536 πόλιν

386 605 418 654 2
458 573 568 640 ἀπ’
605 574 862 661 ἐκείνης
899 577 1222 663 ὀνομάσαι
1248 581 1593 664 Κυρήνην.
1669 580 1787 644 τὸν
1825 573 1888 643 δ’
1924 572 2051 642 οὖν
2093 572 2450 643 Ἀπόλλω

376 2198 410 2246 4

455 683 621 747 κατὰ
672 683 930 769 ταύτην
985 685 1109 768 τὴν
1166 685 1394 770 χώραν
1457 684 1531 750 ἐκ
1588 687 1906 771 Κυρήνης
1968 687 2446 768 γεννήσαντα

454 788 612 855 υἱὸν
640 788 1020 877 Ἀρισταῖον
1054 800 1298 857 τοῦτον
1335 788 1459 876 μὲν
1494 795 1740 876 νήπιον
1771 793 1932 857 ὄντα
1959 792 2441 876 παραδοῦναι

454 907 601 974 ταῖς
655 898 978 982 Νύμφαις
1029 895 1327 984 τρέφειν·
1392 899 1636 976 ταύτας
1689 895 1765 964 δὲ
1817 906 1908 986 τῷ
1964 895 2153 963 παιδὶ
2220 910 2437 984 τρεῖς
2461 915 2486 954 5

456 1003 819 1089 ὀνομασίας
889 1005 1260 1090 προσάψαι·
1333 1009 1563 1069 καλεῖν
1625 1006 1753 1091 γὰρ
1819 1003 2025 1069 αὐτὸν
2094 1007 2427 1089 Νόμιον,

449 1102 847 1195 Ἀρισταῖον,
896 1108 1146 1196 Ἀγρέα.
1239 1119 1484 1176 τοῦτον
1541 1107 1615 1176 δὲ
1658 1112 1839 1197 παρὰ
1883 1120 2017 1176 τῶν
2062 1112 2425 1194 Νυμφῶν

453 1218 762 1300 μαθόντα
800 1218 924 1299 τήν
966 1237 1038 1281 τε
1083 1226 1205 1281 τοῦ
1249 1218 1576 1300 γάλακτος
1619 1217 1817 1301 πῆξιν
1862 1215 1972 1282 καὶ
2017 1216 2142 1299 τὴν
2189 1241 2418 1283 κατα-

454 1323 701 1405 σκευὴν
744 1331 880 1386 τῶν
925 1324 1222 1406 σμήνων,
1271 1325 1368 1388 ἔτι
1414 1320 1490 1388 δὲ
1535 1334 1670 1389 τῶν
1716 1322 1957 1389 ἐλαιῶν
1991 1324 2116 1406 τὴν
2153 1347 2409 1410 κατερ-

453 1430 715 1511 γασίαν,
774 1427 1037 1507 διδάξαι
1092 1439 1361 1514 πρῶτον
1416 1434 1574 1507 τοὺς
1628 1430 2049 1516 ἀνθρώπους.
2145 1431 2269 1495 διὰ
2321 1428 2407 1495 δὲ
2432 1446 2479 1485 1⁰

450 1534 574 1617 τὴν
620 1533 1018 1619 εὐχρηστίαν
1054 1536 1177 1619 τὴν
1216 1534 1288 1601 ἐκ
1325 1537 1582 1602 τούτων
1618 1547 1755 1601 τῶν
1792 1535 2185 1622 εὑρημάτων
2227 1540 2402 1614 τοὺς

451 1640 1009 1727 εὐεργετηθέντας
1053 1641 1461 1728 ἀνθρώπους
1512 1652 1780 1726 τιμῆσαι
1835 1645 1955 1708 τὸν
2001 1640 2399 1728 Ἀρισταῖον

454 1747 750 1825 ἰσοθέοις
794 1758 1033 1833 τιμαῖς,
1078 1749 1261 1813 καθα
1310 1746 1423 1812 καὶ
1468 1750 1586 1814 τὸν
1637 1751 1999 1815 Διόνυσον.
2093 1750 2260 1833 μετὰ
2309 1746 2394 1815 δὲ

450 1856 658 1920 ταῦτά
729 1872 940 1940 φασιν
1012 1853 1218 1920 αὐτὸν
1294 1857 1389 1931 εἰς
1463 1858 1795 1920 Βοιωτίαν
1875 1858 2391 1937 καταντήσαντα

450 1970 653 2047 γῆμαι
715 1972 850 2027 τῶν
913 1961 1195 2045 Κάδμου
1259 1959 1656 2047 θυγατέρων
1720 1961 2102 2046 Αὐτονόην,
2168 1958 2234 2039 ἐξ
2291 1955 2383 2044 ἧς
2415 1977 2461 2019 15

449 2068 677 2155 φασιν,Ι
712 2066 1036 2135 Ἀκτέωνα
1100 2067 1419 2151 γενέσθαι
1482 2069 1602 2132 τὸν
1665 2070 1831 2133 κατά
1893 2071 2050 2145 τοὺς
2111 2067 2384 2152 μύθους

446 2175 577 2240 ὑπὸ
623 2186 758 2241 τῶν
806 2176 998 2241 ἰδίων
1044 2185 1271 2240 κυνῶν
1311 2174 1828 2240 διασπασθέντα.
1892 2176 2014 2258 τὴν
2053 2171 2113 2239 δ’
2153 2176 2378 2242 αἰτίαν

450 2282 849 2347 ἀποδιδόασι
912 2289 1028 2364 τῆς
1091 2281 1361 2366 ἀτυχίας
1433 2283 1504 2347 οἰ
1552 2278 1675 2367 μὲν
1740 2282 1842 2347 ὅτι
1904 2282 2069 2347 κατὰ
2120 2283 2196 2345 τὸ
2258 2291 2377 2367 τῆς

440 2386 820 2475 Ἀρτέμιδος
859 2389 1041 2474 ἱερὸν
1090 2390 1200 2453 διὰ
1235 2399 1373 2453 τῶν
1415 2387 1917 2471 ἀνατιθεμένων
1954 2388 2370 2473 ἀκροθινίων

447 2496 519 2562 ἐκ
563 2506 699 2561 τῶν
752 2498 1093 2580 κυνηγίων
1141 2505 1496 2582 προῃρεῖτο
1546 2495 1666 2560 τὸν
1710 2495 1926 2580 γάμον
1970 2497 2363 2578 κατεργάσα-
2391 2510 2439 2549 20

447 2608 611 2665 σθαι
655 2610 771 2684 τῆς
802 2600 1203 2688 Ἀρτέμιδος,
1255 2602 1328 2665 οἰ
1370 2595 1432 2665 δ’
1468 2600 1569 2666 ὅτι
1605 2609 1721 2684 τῆς
1751 2597 2128 2687 Ἀρτέμιδος
2164 2602 2361 2667 αὑτὸν

442 2708 807 2791 πρωτεύειν
835 2718 980 2784 ταῖς
1013 2711 1362 2791 κυνηγίαις
1400 2707 1800 2792 ἀπεφήνατο.
1867 2707 1992 2772 οὐκ
2030 2707 2356 2774 ἀπίθανον

445 2809 517 2879 δὲ
575 2809 672 2877 ἐπ’
720 2810 1120 2897 ἀμφοτέροις
1174 2813 1432 2907 τούτοις
1487 2824 1762 2897 μηνῖσαι
1817 2814 1941 2897 τὴν
1983 2816 2180 2878 θεόν·
2232 2820 2352 2879 εἴτε

443 2924 569 3010 γὰρ
623 2930 764 2998 τοῖς
809 2917 1269 3004 ἁλισκομένοις
1326 2921 1495 3006 πρὸς
1549 2921 1672 3004 τὴν
1726 2919 2182 3005 ἀκοινώνητον
2223 2931 2349 2999 τοῖς

442 3032 679 3115 γάμοις
741 3035 1095 3114 κατεχρῆτο
1159 3027 1327 3113 πρὸς
1395 3028 1470 3092 τὸ
1545 3024 1933 3092 συντελέσαι
1996 3028 2119 3111 τὴν
2184 3029 2345 3092 ἰδίαν
2369 3038 2417 3080 25

443 3136 830 3221 ἐπιθυμίαν,
859 3142 988 3201 εἴτε
1023 3132 1134 3199 καὶ
1171 3134 1414 3217 ταύτης
1449 3131 1809 3216 ἐτόλμησεν
1845 3134 2057 3198 εἰπεῖν
2095 3134 2345 3218 αἰρετω-

524 3378 530 3383 ”
620 3369 653 3417 4
690 3360 846 3434 υἰὸν]
885 3360 985 3418 τὸν
1022 3362 1076 3416 II
1216 3367 1301 3415 .14
1340 3359 1446 3431 εἰς]
1489 3358 1569 3422 εἰς
1605 3357 1710 3429 τὴν
1745 3359 1899 3429 vulg.
2055 3365 2120 3415 16
2158 3355 2340 3415 Ἀκταί-

410 3465 421 3476 =
440 3453 561 3487 ωνα
598 3435 692 3501 D⁸‚
726 3429 1014 3487 Ἀκταίονα
1046 3432 1155 3487 OF
1262 3437 1329 3485 19
1360 3427 1728 3500 ἀκροθηνίων
1756 3430 1824 3499 D,
1863 3426 2218 3501 ἀκρωτηρίων
2245 3431 2345 3487 OF

438 3508 504 3554 21
562 3504 663 3569 τῆς
713 3500 1018 3572 Ἀρτέμιδος
1068 3519 1176 3557 om.
1226 3501 1279 3553 II
1460 3508 1526 3555 22
1584 3497 1958 3571 ἀπεφήναντο
2005 3501 2160 3567 libri,
2212 3519 2332 3558 corr.

434 3570 615 3623 Wess.
763 3578 831 3625 23
872 3570 935 3626 δὲ
976 3567 1097 3642 ἐπ’]
1136 3566 1243 3640 γὰρ
1282 3566 1345 3623 έν
1382 3572 1447 3625 D.
