2569 4061
958 308 1039 363 lV
1076 316 1158 366 70.
1201 313 1284 363 71.
1328 315 1412 364 72.
2004 308 2131 374 511

193 479 336 536 τοῦ
380 467 797 555 Ἀσκληπιοῦ.
888 470 1001 536 καὶ
1063 473 1184 537 τὸν
1246 467 1371 555 μὲν
1432 472 1568 535 Δία
1631 469 2136 557 παροξυνθέντα
2175 500 2209 549 3

202 575 384 659 [καὶ]
423 578 934 663 κεραυνώσαντα
975 579 1094 643 τὸν
1125 575 1521 661 Ἀσκληπιὸν
1558 576 1971 663 διαφθεῖραι,
2017 578 2136 643 τὸν

202 680 270 748 δ’
295 681 683 749 Ἀπόλλωνα
712 685 824 749 διὰ
850 684 975 766 τὴν
993 683 1338 770 ἀναίρεσιν
1365 684 1610 749 τούτου
1628 681 2135 769 παροξυνθέντα

201 799 547 875 φονεῦσαι
581 793 740 868 τοὺς
783 792 904 855 τὸν
939 791 1271 877 κεραυνὸν
1316 798 1408 879 τῷ
1448 788 1570 855 Διὶ
1604 792 2136 856 κατασκευάσαν-

141 916 171 957 5
201 920 329 974 τας
364 898 768 975 Κύκλωπας·
815 894 920 961 ἐπὶ
960 893 1035 962 δὲ
1079 905 1159 982 τῇ
1195 898 1456 963 τούτων
1501 900 1772 981 τελευτῇ
1808 895 2137 982 παροξυν-

202 1002 426 1069 θέντα
480 1006 600 1069 τὸν
646 1005 783 1068 Δία
842 1002 1209 1089 προστάξαι
1263 1011 1354 1092 τῷ
1396 1001 1766 1068 Ἀπόλλωνι
1810 1007 2137 1085 θητεῦσαι

202 1108 369 1197 παρ’
416 1110 789 1196 ἀνθρώπῳ,
835 1107 946 1174 καὶ
1000 1111 1253 1194 ταύτην
1307 1111 1633 1196 τιμωρίαν
1689 1112 1920 1193 λαβεῖν
1974 1105 2129 1194 παρ’

206 1216 427 1281 αὐτοῦ
470 1226 607 1281 τῶν
653 1201 1097 1298 ἐγκλημάτων.
1171 1209 1582 1300 Ἀσκληπιοῦ
1617 1213 1697 1281 δέ
1737 1231 1903 1300 φασι
1949 1239 2138 1299 γενο-
2172 1240 2208 1289 4

206 1321 460 1407 μένους
512 1322 705 1399 υἱοὺς
759 1321 1092 1406 Μαχάονα
1147 1319 1258 1388 καὶ
1314 1324 1794 1409 Ποδαλείριον,
1849 1319 1959 1388 καὶ
2016 1323 2139 1407 τὴν

118 1448 180 1489 10
207 1426 456 1514 τέχνην
494 1426 1009 1513 ἐκπονήσαντας,
1046 1426 1151 1493 ἐπὶ
1188 1431 1440 1514 Τροίαν
1478 1436 1961 1514 συστρατεῦσαι
1998 1438 2139 1507 τοῖς

209 1531 368 1620 περὶ
412 1535 532 1598 τὸν
571 1528 1056 1618 Ἀγαμέμνονα·
1108 1535 1273 1599 κατὰ
1321 1530 1395 1599 δὲ
1439 1535 1559 1599 τὸν
1604 1536 1897 1617 πόλεμον
1942 1537 2138 1619 μεγά-

212 1645 335 1717 λας
371 1643 594 1727 χρείας
640 1640 885 1717 αὐτοὺς
918 1638 1386 1726 παρασχέσθαι
1424 1649 1565 1717 τοῖς
1594 1637 1888 1723 Ἕλλησι,
1934 1646 2137 1727 θερα-

211 1747 543 1824 πεύοντας
614 1747 1050 1833 ἐμπειρότατα
1121 1749 1281 1823 τοὺς
1351 1731 1952 1833 τιτρωσκομένους,
2026 1745 2137 1811 καὶ

215 1854 329 1919 διὰ
362 1854 481 1930 τὰς
527 1852 909 1939 εὐεργεσίας
947 1852 1190 1928 ταύτας
1224 1851 1357 1917 ὑπὸ
1403 1862 1539 1917 τῶν
1566 1846 1907 1935 Ἑλλήνων
1943 1852 2137 1936 μεγά-

133 1976 188 2018 15
217 1964 336 2044 λης
388 1969 614 2046 τυχεῖν
669 1958 893 2044 δόξης·
949 1957 1199 2036 ἀτελεῖς
1260 1952 1325 2023 δ’
1369 1958 1613 2037 αὐτοὺς
1667 1957 1938 2043 ἀφεῖναι
2000 1967 2137 2024 τῶν

110 2087 219 2137 316
241 2068 403 2130 κατὰ
438 2068 552 2143 τὰς
588 2068 800 2153 μάχας
842 2066 1184 2131 κινδύνων
1232 2063 1345 2131 καὶ
1389 2076 1526 2131 τῶν
1572 2067 1795 2132 ἄλλων
1840 2070 2135 2153 λειτουρ-

221 2180 388 2254 γιῶν
452 2172 563 2235 διὰ
620 2174 745 2257 τὴν
807 2173 1190 2259 ὑπερβολὴν
1251 2182 1369 2257 τῆς
1433 2171 1506 2238 έν
1569 2180 1661 2259 τῷ
1735 2174 2138 2259 θεραπεύειν

224 2277 625 2362 εὐχρηστίας.

400 2380 572 2468 Περὶ
617 2381 738 2468 μὲν
785 2380 909 2451 οὖν
940 2379 1341 2469 Ἀσκληπιοῦ
1386 2382 1495 2450 καὶ
1539 2395 1674 2449 τῶν
1715 2385 1883 2451 υἱῶν
1929 2384 2137 2451 αὐτοῦ

148 2509 200 2549 20
224 2498 361 2565 τοῖς
396 2487 707 2574 ῥηθεῖσιν
744 2490 1326 2578 ἀρκεσθησόμεθα,
1363 2489 1515 2578 περὶ
1553 2488 1629 2557 δὲ
1664 2503 1799 2557 τῶν
1830 2489 2134 2558 Ἀσωποῦ
2155 2497 2242 2561 72

224 2592 616 2681 θυγατέρων
680 2593 791 2660 καὶ
853 2607 988 2662 τῶν
1035 2600 1264 2686 Αἰακῷ
1328 2596 1711 2683 γενομένων
1773 2599 1943 2664 υἱῶν
2006 2609 2136 2666 νῦν

228 2700 527 2786 διέξιμεν.
610 2697 929 2769 Ὠκεανοῦ
973 2701 1085 2769 καὶ
1137 2706 1409 2789 Τηθύος
1457 2706 1623 2771 κατὰ
1666 2710 1825 2783 τοὺς
1870 2707 2137 2790 μύθους

227 2806 528 2891 ἐγένοντο
582 2810 815 2887 παῖδες
860 2810 1050 2876 ἄλλοι
1104 2833 1174 2876 τε
1218 2814 1491 2889 πλείους
1546 2812 1886 2897 ἐπώνυμοι
1936 2835 2136 2879 ποτα-

229 2924 382 2998 μῶν,
420 2913 495 2980 έν
532 2907 634 2992 οἷς
667 2914 955 2999 ὑπάρξαι
993 2919 1292 3001 Πηνειὸν
1327 2915 1439 2982 καὶ
1471 2915 1786 2983 Ἀσωπόν.
1846 2919 2137 3001 Πηνειὸς

154 3037 204 3080 25
229 3016 342 3105 μὲν
377 3014 503 3086 οὖν
548 3024 947 3106 κατοικήσας
981 3019 1132 3108 περὶ
1178 3024 1302 3106 τὴν
1345 3031 1476 3088 νῦν
1524 3018 1736 3089 οὖσαν
1771 3024 2136 3088 Θετταλίαν

230 3125 572 3211 ἐπώνυμον
609 3125 852 3193 ἑαυτοῦ
886 3129 1008 3194 τὸν
1050 3127 1540 3215 προειρημένον
1575 3126 1874 3211 ποταμὸν
1911 3126 2135 3212 ἐποίη-

361 3291 387 3337 1
427 3284 528 3339 τοῦ
567 3299 676 3339 om.
714 3285 764 3338 D
892 3290 924 3338 2
963 3285 1061 3339 καὶ
1099 3284 1540 3354 κεραυνώσαντα
1577 3305 1624 3339 τ.
1665 3289 1724 3338 Α.
1763 3285 2134 3356 διαφθεῖραι]

231 3355 572 3441 κεραυνῶσαι
622 3375 668 3410 τ.
722 3359 781 3408 Α.
835 3356 932 3410 καὶ
949 3357 1334 3443 διαφθεῖραι
1383 3355 1507 3423 EG;
1547 3357 1662 3410 Δία
1696 3353 2135 3423 παροξυνθέντα

231 3420 473 3496 κεραύνῳ
536 3422 782 3512 βαλόντα
828 3421 1007 3481 αύτόν
1054 3427 1397 3513 διαφθεῖραι
1442 3427 1573 3481 Eue.
1621 3444 1704 3497 pr
1755 3443 1838 3481 ev
1876 3425 1927 3479 Π
1974 3431 2025 3495 2,
2066 3430 2136 3481 34

230 3503 262 3551 4
299 3493 821 3562 κατασκευάζοντας
861 3495 967 3552 OF
1110 3503 1140 3552 7
1178 3495 1415 3568 ταύτην]
1455 3494 1558 3566 τὴν
1597 3497 1727 3552 add.
1765 3498 1920 3568 vulg.
2069 3503 2133 3552 12

232 3567 568 3638 παρέχεσθαι
604 3567 653 3620 D
771 3574 840 3624 23
878 3563 1038 3623 ἄλλοι
1071 3588 1132 3624 τε
1171 3570 1279 3624 del.
1319 3568 1720 3638 Dind.(c.69,
1762 3573 1832 3638 1).
