2569 4061
378 165 612 222 XXXVI
1113 163 1557 222 PRAEFATIO.

373 333 717 408 διακοσίους
771 333 996 409 ἱππεῖς,
1060 352 1170 409 pro
1226 351 1347 409 quo
1403 333 1661 394 Plethon
1710 335 1767 407 1,
1815 334 1928 394 42:
1987 331 2311 410 Κορίνθιοι

382 427 721 509 Τιμολέοντι
774 428 1074 507 πέμπουσι
1129 429 1448 508 δισχιλίους
1504 425 1613 508 μὲν
1668 425 1928 506 ὁπλίτας,
1984 426 2210 502 ἱππέας,
2244 426 2323 515 δὲΙ

379 527 738 601 διακοσίους.
827 528 1127 589 Diodorus
1170 530 1272 605 16,
1303 530 1406 603 39,
1438 530 1503 587 2:
1557 526 1817 606 Θηβαῖοι
1865 522 1920 587 δ’
1964 524 2310 588 ἀπέστειλαν

377 623 592 698 πεζοὺς
664 621 775 704 μὲν
847 625 1367 707 τετρακισχιλίους,
1441 623 1638 697 ἱππεῖς
1700 619 1767 686 δὲ
1829 620 1930 702 φ’,
2004 624 2310 687 Gemistus

377 726 582 783 autem
631 726 693 803 2,
738 725 804 784 8:
865 723 1124 802 Θηβαῖοι
1178 715 1233 783 δ’
1298 716 1643 783 ἀπέστειλαν
1687 720 1903 795 πεζοὺς
1947 718 2057 800 μὲν
2114 744 2313 802 τετρα-

377 820 718 900 κισχιλίους,
757 817 970 893 ἱππέας
1006 816 1072 881 δὲ
1107 818 1552 892 πεντακοσίους.
1597 819 1694 880 Sic
1731 824 1795 880 et
1832 819 2033 881 alibi.“
2079 822 2314 898 Nempe

384 924 447 994 1,
496 921 535 979 8
592 915 969 993 Μαντινέας,
1029 915 1148 978 'ubi
1210 915 1356 975 libri
1417 915 1665 978 Diodori
1726 919 2087 994 Μαντινεῖς,
2153 921 2221 994 2,
2271 921 2308 978 3

380 1010 758 1094 Ἀμφισσέας,
794 1017 903 1075 ubi
938 1015 1079 1074 libri
1118 1013 1367 1074 Diodori
1406 1008 1767 1093 Ἀμφισσεῖς,
1813 1018 1883 1075 ut
1920 1017 2159 1076 omnino
2197 1014 2312 1076 Ge·

384 1114 618 1191 mistus,
664 1115 849 1173 etiam
886 1111 1150 1173 ubisuis
1189 1106 1398 1185 utitur,
1425 1113 1646 1190 verbiS,
1691 1113 1949 1174 formam
1989 1132 2091 1185 εας
2126 1114 2312 1189 ponit,

385 1230 506 1271 non
552 1233 656 1288 εις,
702 1215 772 1272 ut
817 1229 1002 1288 supra
1046 1210 1307 1270 formam
1351 1231 1410 1288 η,
1456 1230 1576 1272 non
1619 1233 1716 1291 ην,
1760 1211 2072 1273 nominum
2115 1210 2179 1271 in
2223 1233 2312 1288 ης.

386 1309 498 1368 His
563 1311 768 1369 autem
834 1306 1129 1369 Graevius
1183 1307 1391 1375 multa
1452 1308 1622 1369 addit
1675 1308 1747 1369 de
1810 1313 2068 1387 utraque
2120 1310 2315 1370 forma

383 1408 655 1484 exempla
707 1406 937 1484 partim
989 1404 1336 1465 Atticorum
1388 1406 1613 1481 partim
1665 1407 2096 1482 recentiorum,
2150 1409 2314 1466 recte

387 1506 658 1568 iudicans
705 1506 866 1581 apud
909 1504 1048 1564 illos
1097 1506 1258 1565 certe
1295 1502 1561 1565 librariis
1600 1504 1807 1565 deberi
1854 1525 1938 1576 εις
1972 1524 2083 1582 pro
2121 1499 2312 1580 ea9.²²‘)

561 1604 661 1665 Ad
706 1601 1309 1680 coniugationem
1355 1603 1516 1678 quod
1553 1603 1792 1679 attinet,
1838 1602 2168 1678 plurimum
2211 1619 2313 1660 ne-

382 1703 535 1782 gotii
570 1701 838 1763 librariis
883 1699 1195 1760 facessivit
1233 1702 1644 1775 augmentum.
1736 1699 1897 1758 Nam
1929 1701 2003 1757 ut
2038 1700 2317 1759 omittam

384 1800 694 1875 explosum
758 1799 879 1857 iam
942 1815 981 1855 a
1032 1794 1438 1873 Wesselingio
1500 1796 1775 1873 ineptum
1836 1791 2194 1873 προετέρουν
2255 1800 2320 1856 et

382 1891 744 1975 προετέρησα
787 1912 896 1971 pro
935 1887 1302 1972 ἐπροτέρουν
1348 1895 1412 1954 et
1448 1887 1826 1972 έπροτέρησα,
1872 1892 2032 1968 quod
2069 1910 2316 1968 perraro

384 1995 693 2055 servatum
730 2009 849 2051 uno
887 1991 1198 2068 alteroque
1244 1988 1310 2049 in
1357 1988 1531 2066 libre,
1569 1992 1925 2068 plerumque
1959 1989 2129 2068 priu‘s
2165 1991 2318 2051 illud

385 2090 887 2169 supponentibus:
944 2095 1334 2167 augmentum
1394 2090 1572 2152 modo
1630 2075 2084 2168 depravarunt,
2128 2093 2198 2150 ut
2254 2091 2318 2150 in

385 2184 820 2268 ἀπεκατέστησα
856 2208 965 2265 pro
1011 2185 1456 2267 ἀποκατέστησα
1499 2189 1702 2265 illato,
1747 2191 1811 2247 et
1856 2184 2170 2265 ἀπήλαυον
2206 2206 2316 2264 pro

386 2283 691 2347 ἀπέλαυον
744 2289 844 2358 13,
876 2287 978 2362 88,
1019 2287 1076 2362 6,
1122 2283 1523 2364 παρηνόμηκα
1565 2305 1676 2363 pro
1721 2281 2207 2362 παρανενόμηκα,
2254 2285 2317 2343 et

385 2383 656 2443 vicissim
700 2380 767 2441 in
809 2376 1159 2459 ἠβουλόμην
1203 2378 1566 2460 ἠβουλήθην
1620 2378 1944 2459 ἠδυνάμην
1990 2377 2317 2459 ἠδυνήθην

385 2475 662 2556 ἤμελλον,
700 2494 855 2555 quae
892 2476 1057 2554 alibi,
1104 2477 1212 2537 sed
1246 2479 1441 2539 multo
1477 2479 1692 2554 rarius,
1739 2498 1849 2555 per
1894 2500 1922 2539 ε
1960 2479 2319 2553 scribuntur,

386 2579 457 2637 ut
502 2576 659 2636 solet
703 2574 768 2633 in
813 2573 909 2634 his
965 2574 1149 2634 etiam
1196 2577 1360 2653 apud
1405 2577 1644 2638 Atticos
1690 2576 1945 2651 variari,
1993 2578 2100 2638 sed
2142 2596 2317 2637 nemo

388 2675 593 2736 credet
638 2672 960 2749 scriptores
1005 2671 1170 2750 ipsos
1217 2674 1307 2733 ita
1351 2675 1587 2750 lusisse,
1632 2675 1808 2735 modo
1854 2675 2205 2752 omiserunt,
2250 2678 2322 2734 ut

389 2770 713 2848 aliquoties
784 2771 849 2830 in
922 2765 1100 2849 δρᾶν,
1175 2771 1347 2831 cuius
1401 2757 1606 2831 ‘etiam
1677 2771 2011 2846 perfectum
2084 2791 2321 2849 semper

392 2867 685 2944 scriptum
738 2887 846 2944 per
901 2864 978 2928 ἕω
1033 2887 1142 2945 pro
1198 2864 1292 2946 ἕο,
1350 2872 1411 2929 et
1456 2864 1673 2945 ὠθεῖν,
1740 2872 1802 2930 et
1857 2870 2201 2945 saepissime
2257 2870 2317 2929 in

533 3065 585 3133 ³⁸)
622 3064 689 3120 In
724 3064 1099 3121 declinatione
1137 3061 1649 3133 comparativorum
1686 3081 1856 3135 quam
1895 3064 2151 3136 regulam
2186 3066 2322 3122 Dio·
2357 3055 2364 3060 ⁹

392 3146 559 3199 dorus
608 3146 832 3200 secutus
871 3145 965 3214 sit,
1021 3161 1089 3200 ex
1135 3141 1341 3199 nostris
1389 3141 1677 3200 codicibus
1713 3146 1923 3200 frustra
1967 3161 2228 3226 quaeres·
2268 3152 2320 3215 4,

397 3231 481 3292 78,
523 3232 551 3279 1
592 3225 765 3280 πλείω
804 3221 1011 3295 χρόνον
1049 3226 1136 3280 est
1171 3222 1232 3278 in
1270 3222 1544 3291 omnibus,
1582 3229 1634 3291 4,
1666 3231 1750 3291 79,
1781 3230 1812 3278 2
1853 3214 2108 3278 πλείονα
2115 3219 2322 3294 χρόνον

395 3303 454 3356 in
510 3304 737 3373 optimis
795 3304 933 3371 CD,
989 3308 1048 3372 2,
1088 3307 1182 3372 50,
1221 3308 1254 3357 2
1312 3303 1576 3365 πλείονας
1630 3302 1729 3357 καὶ
1785 3305 2023 3372 μείζους,
2072 3308 2124 3374 3,
2162 3310 2251 3375 44,
2291 3314 2323 3363 3

396 3382 649 3448 πλείους,
688 3389 738 3450 3,
768 3388 854 3450 48,
885 3389 917 3436 2
956 3384 1221 3453 μείζονας
1258 3385 1366 3440 ete.
1406 3414 1473 3424 -—
1511 3381 1673 3438 Iuvat
1709 3382 1802 3438 hic
1839 3384 2014 3439 etiam
2051 3386 2321 3444 adnotare

394 3461 806 3526 comparativos
844 3464 903 3516 et
938 3462 1313 3532 superlativos
1350 3464 1504 3520 haud
1540 3480 1667 3519 raro
1706 3464 2055 3522 commutari.
2330 3475 2338 3484 ⁴
