<?xml version="1.0" encoding="UTF-8"?>
<!DOCTYPE html PUBLIC "-//W3C//DTD XHTML 1.0 Transitional//EN"
    "http://www.w3.org/TR/xhtml1/DTD/xhtml1-transitional.dtd">
<html xmlns="http://www.w3.org/1999/xhtml" xml:lang="en" lang="en">
 <head>
  <title>
</title>
<meta http-equiv="Content-Type" content="text/html;charset=utf-8" />
  <meta name='ocr-system' content='tesseract 3.04.00' />
  <meta name='ocr-capabilities' content='ocr_page ocr_carea ocr_par ocr_line ocrx_word'/>
</head>
<body>
  <div class='ocr_page' id='page_1' title='image "./diodoribiblioth02dindgoog_0592.png"; bbox 0 0 2569 4061; ppageno 0'>
   <div class='ocr_carea' id='block_1_1' title="bbox 428 274 1715 344">
    <p class='ocr_par' dir='ltr' id='par_1_1' title="bbox 428 274 1715 344">
     <span class='ocr_line' id='line_1_1' title="bbox 428 274 1715 344; baseline -0.012 0"><span class='ocrx_word' id='word_1_1' title='bbox 428 279 564 344; x_wconf 80' lang='lat'><strong><em>492</em></strong></span> <span class='ocrx_word' id='word_1_2' title='bbox 1135 275 1441 332; x_wconf 88' lang='lat' dir='ltr'>DIODORI</span> <span class='ocrx_word' id='word_1_3' title='bbox 1480 274 1715 332; x_wconf 87' lang='lat' dir='ltr'>SICULI</span> 
     </span>
    </p>
   </div>
   <div class='ocr_carea' id='block_1_2' title="bbox 356 436 2491 3402">
    <p class='ocr_par' dir='ltr' id='par_1_2' title="bbox 433 436 2432 631">
     <span class='ocr_line' id='line_1_2' title="bbox 433 436 2432 528; baseline -0.002 -20"><span class='ocrx_word' id='word_1_4' title='bbox 433 443 808 528; x_wconf 73' lang='grc' dir='ltr'><strong><em>δραμόντας</em></strong></span> <span class='ocrx_word' id='word_1_5' title='bbox 856 449 997 516; x_wconf 80' lang='grc' dir='ltr'><strong><em>τοῖς</em></strong></span> <span class='ocrx_word' id='word_1_6' title='bbox 1040 441 1312 525; x_wconf 76' lang='grc' dir='ltr'><strong><em>χρόνοις</em></strong></span> <span class='ocrx_word' id='word_1_7' title='bbox 1364 438 1445 503; x_wconf 79' lang='grc' dir='ltr'><strong><em>τὰ</em></strong></span> <span class='ocrx_word' id='word_1_8' title='bbox 1490 436 2039 523; x_wconf 78' lang='grc' dir='ltr'><strong><em>συμπεπλεγμένα</em></strong></span> <span class='ocrx_word' id='word_1_9' title='bbox 2091 438 2432 517; x_wconf 78' lang='grc' dir='ltr'><em>τούτοις</em></span> 
     </span>
     <span class='ocr_line' id='line_1_3' title="bbox 434 542 2418 631; baseline -0.001 -17"><span class='ocrx_word' id='word_1_10' title='bbox 434 549 764 630; x_wconf 78' lang='grc' dir='ltr'><strong><em>διελθεῖν,</em></strong></span> <span class='ocrx_word' id='word_1_11' title='bbox 813 547 925 612; x_wconf 82' lang='grc' dir='ltr'><strong><em>ἵνα</em></strong></span> <span class='ocrx_word' id='word_1_12' title='bbox 981 546 1203 631; x_wconf 82' lang='grc' dir='ltr'><strong><em>σαφὴς</em></strong></span> <span class='ocrx_word' id='word_1_13' title='bbox 1244 544 1288 628; x_wconf 83' lang='grc' dir='ltr'><em>ἡ</em></span> <span class='ocrx_word' id='word_1_14' title='bbox 1335 545 1648 629; x_wconf 81' lang='grc' dir='ltr'><strong><em>σύμπασα</em></strong></span> <span class='ocrx_word' id='word_1_15' title='bbox 1704 542 1975 627; x_wconf 85' lang='grc' dir='ltr'><strong><em>γένηται</em></strong></span> <span class='ocrx_word' id='word_1_16' title='bbox 2030 544 2418 628; x_wconf 76' lang='grc' dir='ltr'><strong><em>διήγησις.</em></strong></span> 
     </span>
    </p>

    <p class='ocr_par' dir='ltr' id='par_1_3' title="bbox 356 648 2468 1378">
     <span class='ocr_line' id='line_1_4' title="bbox 356 648 2416 738; baseline 0 -21"><span class='ocrx_word' id='word_1_17' title='bbox 356 675 392 725; x_wconf 78' lang='lat'>2</span> <span class='ocrx_word' id='word_1_18' title='bbox 618 652 948 738; x_wconf 79' lang='grc' dir='ltr'><strong><em>Τέκταμος</em></strong></span> <span class='ocrx_word' id='word_1_19' title='bbox 1004 652 1040 719; x_wconf 99' lang='lat'><em>6</em></span> <span class='ocrx_word' id='word_1_20' title='bbox 1087 652 1338 737; x_wconf 91' lang='grc' dir='ltr'><strong><em>Δώρου</em></strong></span> <span class='ocrx_word' id='word_1_21' title='bbox 1391 659 1514 716; x_wconf 85' lang='grc' dir='ltr'><strong><em>τοῦ</em></strong></span> <span class='ocrx_word' id='word_1_22' title='bbox 1557 648 1883 734; x_wconf 79' lang='grc' dir='ltr'><strong><em>Ἕλληνος</em></strong></span> <span class='ocrx_word' id='word_1_23' title='bbox 1924 659 2047 716; x_wconf 84' lang='grc' dir='ltr'><strong><em>τοῦ</em></strong></span> <span class='ocrx_word' id='word_1_24' title='bbox 2095 656 2416 717; x_wconf 81' lang='grc' dir='ltr'><strong><em>Δευκα-</em></strong></span> 
     </span>
     <span class='ocr_line' id='line_1_5' title="bbox 432 754 2409 846; baseline 0 -21"><span class='ocrx_word' id='word_1_25' title='bbox 432 762 675 839; x_wconf 89' lang='grc' dir='ltr'><strong><em>λίωνος</em></strong></span> <span class='ocrx_word' id='word_1_26' title='bbox 748 763 843 838; x_wconf 86' lang='grc' dir='ltr'><strong><em>εἰς</em></strong></span> <span class='ocrx_word' id='word_1_27' title='bbox 915 761 1191 846; x_wconf 79' lang='grc' dir='ltr'><strong><em>Κρήτην</em></strong></span> <span class='ocrx_word' id='word_1_28' title='bbox 1261 758 1553 835; x_wconf 82' lang='grc' dir='ltr'><strong><em>πλεύσας</em></strong></span> <span class='ocrx_word' id='word_1_29' title='bbox 1624 759 1786 843; x_wconf 80' lang='grc' dir='ltr'><strong><em>μετὰ</em></strong></span> <span class='ocrx_word' id='word_1_30' title='bbox 1857 754 2167 822; x_wconf 77' lang='grc' dir='ltr'><strong><em>Αἰολέων</em></strong></span> <span class='ocrx_word' id='word_1_31' title='bbox 2203 801 2208 806; x_wconf 91' lang='grc'>-</span> <span class='ocrx_word' id='word_1_32' title='bbox 2263 759 2409 825; x_wconf 79' lang='grc' dir='ltr'><strong><em>καὶ</em></strong></span> 
     </span>
     <span class='ocr_line' id='line_1_6' title="bbox 434 860 2468 953; baseline -0.005 -18"><span class='ocrx_word' id='word_1_33' title='bbox 434 872 805 953; x_wconf 78' lang='grc' dir='ltr'><strong><em>Πελασγῶν</em></strong></span> <span class='ocrx_word' id='word_1_34' title='bbox 868 867 1253 952; x_wconf 84' lang='grc' dir='ltr'><strong><em>ἐβασίλευσε</em></strong></span> <span class='ocrx_word' id='word_1_35' title='bbox 1325 873 1442 949; x_wconf 74' lang='grc' dir='ltr'><strong><em>τῆς</em></strong></span> <span class='ocrx_word' id='word_1_36' title='bbox 1502 867 1747 949; x_wconf 84' lang='grc' dir='ltr'><strong><em>νήσου,</em></strong></span> <span class='ocrx_word' id='word_1_37' title='bbox 1820 867 2034 948; x_wconf 88' lang='grc' dir='ltr'><strong><em>γήμας</em></strong></span> <span class='ocrx_word' id='word_1_38' title='bbox 2097 860 2178 929; x_wconf 75' lang='grc' dir='ltr'><strong><em>δὲ</em></strong></span> <span class='ocrx_word' id='word_1_39' title='bbox 2247 867 2408 950; x_wconf 81' lang='grc' dir='ltr'><strong><em>τὴν</em></strong></span> <span class='ocrx_word' id='word_1_40' title='bbox 2439 883 2468 925; x_wconf 76' lang='lat'><strong>5</strong></span> 
     </span>
     <span class='ocr_line' id='line_1_7' title="bbox 435 964 2393 1063; baseline -0.003 -21"><span class='ocrx_word' id='word_1_41' title='bbox 435 974 765 1063; x_wconf 76' lang='grc' dir='ltr'><strong><em>Κρηθέως</em></strong></span> <span class='ocrx_word' id='word_1_42' title='bbox 807 973 1149 1060; x_wconf 86' lang='grc' dir='ltr'><strong><em>θυγατέρα</em></strong></span> <span class='ocrx_word' id='word_1_43' title='bbox 1196 972 1553 1057; x_wconf 84' lang='grc' dir='ltr'><strong><em>ἐγέννησεν</em></strong></span> <span class='ocrx_word' id='word_1_44' title='bbox 1601 968 1954 1057; x_wconf 80' lang='grc' dir='ltr'><strong><em>Ἀστέριον.</em></strong></span> <span class='ocrx_word' id='word_1_45' title='bbox 2039 964 2122 1036; x_wconf 85' lang='grc' dir='ltr'><strong><em>οὗ</em></strong></span> <span class='ocrx_word' id='word_1_46' title='bbox 2171 974 2393 1055; x_wconf 83' lang='grc' dir='ltr'><strong><em>βασι-</em></strong></span> 
     </span>
     <span class='ocr_line' id='line_1_8' title="bbox 435 1077 2394 1166; baseline -0.004 -17"><span class='ocrx_word' id='word_1_47' title='bbox 435 1084 752 1159; x_wconf 87' lang='grc' dir='ltr'><strong><em>λεύοντος</em></strong></span> <span class='ocrx_word' id='word_1_48' title='bbox 796 1079 871 1147; x_wconf 79' lang='grc' dir='ltr'><strong><em>ἐν</em></strong></span> <span class='ocrx_word' id='word_1_49' title='bbox 915 1081 1147 1166; x_wconf 87' lang='grc' dir='ltr'><strong><em>Κρήτῃ</em></strong></span> <span class='ocrx_word' id='word_1_50' title='bbox 1195 1080 1396 1162; x_wconf 91' lang='grc' dir='ltr'><strong><em>Ζεύς,</em></strong></span> <span class='ocrx_word' id='word_1_51' title='bbox 1443 1079 1533 1155; x_wconf 80' lang='grc' dir='ltr'><strong><em>ὥς</em></strong></span> <span class='ocrx_word' id='word_1_52' title='bbox 1580 1094 1812 1163; x_wconf 83' lang='grc' dir='ltr'><strong><em>φασιν,</em></strong></span> <span class='ocrx_word' id='word_1_53' title='bbox 1857 1077 2200 1165; x_wconf 81' lang='grc' dir='ltr'><strong><em>Εὐρώπην</em></strong></span> <span class='ocrx_word' id='word_1_54' title='bbox 2248 1077 2394 1165; x_wconf 76' lang='grc' dir='ltr'><strong><em>ἁρ-</em></strong></span> 
     </span>
     <span class='ocr_line' id='line_1_9' title="bbox 432 1182 2395 1270; baseline -0.003 -15"><span class='ocrx_word' id='word_1_55' title='bbox 432 1189 647 1265; x_wconf 90' lang='grc' dir='ltr'><strong><em>πάσας</em></strong></span> <span class='ocrx_word' id='word_1_56' title='bbox 692 1186 764 1253; x_wconf 87' lang='grc' dir='ltr'><strong><em>ἐκ</em></strong></span> <span class='ocrx_word' id='word_1_57' title='bbox 816 1188 1136 1267; x_wconf 79' lang='grc' dir='ltr'><strong><em>Φοινίκης</em></strong></span> <span class='ocrx_word' id='word_1_58' title='bbox 1179 1182 1293 1249; x_wconf 81' lang='grc' dir='ltr'><strong><em>καὶ</em></strong></span> <span class='ocrx_word' id='word_1_59' title='bbox 1340 1186 1731 1270; x_wconf 81' lang='grc' dir='ltr'><strong><em>διακομίσας</em></strong></span> <span class='ocrx_word' id='word_1_60' title='bbox 1786 1186 1880 1262; x_wconf 82' lang='grc' dir='ltr'><strong><em>εἰς</em></strong></span> <span class='ocrx_word' id='word_1_61' title='bbox 1925 1185 2203 1269; x_wconf 89' lang='grc' dir='ltr'><strong><em>Κρήτην</em></strong></span> <span class='ocrx_word' id='word_1_62' title='bbox 2263 1184 2395 1250; x_wconf 82' lang='grc' dir='ltr'><strong><em>ἐπὶ</em></strong></span> 
     </span>
     <span class='ocr_line' id='line_1_10' title="bbox 432 1281 2385 1378; baseline -0.001 -20"><span class='ocrx_word' id='word_1_63' title='bbox 432 1294 716 1378; x_wconf 81' lang='grc' dir='ltr'><strong><em>ταύρου,</em></strong></span> <span class='ocrx_word' id='word_1_64' title='bbox 793 1288 1007 1376; x_wconf 82' lang='grc' dir='ltr'><strong><em>μιγεὶς</em></strong></span> <span class='ocrx_word' id='word_1_65' title='bbox 1068 1281 1246 1376; x_wconf 76' lang='grc' dir='ltr'><strong><em>τρεῖς</em></strong></span> <span class='ocrx_word' id='word_1_66' title='bbox 1308 1291 1502 1369; x_wconf 75' lang='grc' dir='ltr'><strong><em>υἱοὺς</em></strong></span> <span class='ocrx_word' id='word_1_67' title='bbox 1564 1288 1879 1374; x_wconf 78' lang='grc' dir='ltr'><strong><em>ἐγέννησε</em></strong></span> <span class='ocrx_word' id='word_1_68' title='bbox 1897 1338 1917 1374; x_wconf 99' lang='grc'><strong><em>,</em></strong></span> <span class='ocrx_word' id='word_1_69' title='bbox 1980 1292 2186 1355; x_wconf 84' lang='grc' dir='ltr'><strong><em>Μίνω</em></strong></span> <span class='ocrx_word' id='word_1_70' title='bbox 2253 1291 2385 1357; x_wconf 83' lang='grc' dir='ltr'><strong><em>καὶ</em></strong></span> 
     </span>
    </p>

    <p class='ocr_par' dir='ltr' id='par_1_4' title="bbox 365 1393 2491 2447">
     <span class='ocr_line' id='line_1_11' title="bbox 365 1393 2465 1485; baseline -0.003 -20"><span class='ocrx_word' id='word_1_71' title='bbox 365 1419 398 1467; x_wconf 82' lang='grc'><strong>3</strong></span> <span class='ocrx_word' id='word_1_72' title='bbox 424 1397 898 1482; x_wconf 78' lang='grc' dir='ltr'><strong><em>Ῥαδάμανθυν</em></strong></span> <span class='ocrx_word' id='word_1_73' title='bbox 950 1395 1062 1463; x_wconf 83' lang='grc' dir='ltr'><strong><em>καὶ</em></strong></span> <span class='ocrx_word' id='word_1_74' title='bbox 1108 1399 1540 1485; x_wconf 90' lang='grc' dir='ltr'><strong><em>Σαρπηδόνα.</em></strong></span> <span class='ocrx_word' id='word_1_75' title='bbox 1632 1399 1794 1483; x_wconf 80' lang='grc' dir='ltr'><strong><em>μετὰ</em></strong></span> <span class='ocrx_word' id='word_1_76' title='bbox 1850 1393 1925 1462; x_wconf 73' lang='grc' dir='ltr'><strong><em>δὲ</em></strong></span> <span class='ocrx_word' id='word_1_77' title='bbox 1977 1406 2190 1462; x_wconf 83' lang='grc' dir='ltr'><strong><em>ταῦτα</em></strong></span> <span class='ocrx_word' id='word_1_78' title='bbox 2243 1400 2383 1482; x_wconf 84' lang='grc' dir='ltr'><strong><em>τὴν</em></strong></span> <span class='ocrx_word' id='word_1_79' title='bbox 2410 1419 2465 1459; x_wconf 89' lang='lat'><strong><em>10</em></strong></span> 
     </span>
     <span class='ocr_line' id='line_1_12' title="bbox 432 1501 2377 1592; baseline -0.002 -20"><span class='ocrx_word' id='word_1_80' title='bbox 432 1505 772 1592; x_wconf 82' lang='grc' dir='ltr'><strong><em>Εὐρώπην</em></strong></span> <span class='ocrx_word' id='word_1_81' title='bbox 811 1501 1142 1591; x_wconf 78' lang='grc' dir='ltr'><strong><em>Ἀστέριος</em></strong></span> <span class='ocrx_word' id='word_1_82' title='bbox 1188 1503 1224 1570; x_wconf 99' lang='lat'><em>6</em></span> <span class='ocrx_word' id='word_1_83' title='bbox 1271 1507 1583 1588; x_wconf 85' lang='grc' dir='ltr'><strong><em>βασιλεὺς</em></strong></span> <span class='ocrx_word' id='word_1_84' title='bbox 1626 1512 1743 1588; x_wconf 81' lang='grc' dir='ltr'><strong><em>τῆς</em></strong></span> <span class='ocrx_word' id='word_1_85' title='bbox 1778 1505 2047 1589; x_wconf 89' lang='grc' dir='ltr'><strong><em>Κρήτης</em></strong></span> <span class='ocrx_word' id='word_1_86' title='bbox 2092 1506 2377 1589; x_wconf 82' lang='grc' dir='ltr'><strong><em>ἔγημεν·</em></strong></span> 
     </span>
     <span class='ocr_line' id='line_1_13' title="bbox 437 1610 2491 1695; baseline -0.001 -17"><span class='ocrx_word' id='word_1_87' title='bbox 437 1613 635 1690; x_wconf 76' lang='grc' dir='ltr'><strong><em>ἅπαις</em></strong></span> <span class='ocrx_word' id='word_1_88' title='bbox 682 1610 744 1677; x_wconf 88' lang='grc' dir='ltr'><strong><em>δ’</em></strong></span> <span class='ocrx_word' id='word_1_89' title='bbox 799 1612 896 1677; x_wconf 78' lang='grc' dir='ltr'><strong><em>ὢν</em></strong></span> <span class='ocrx_word' id='word_1_90' title='bbox 939 1613 1099 1689; x_wconf 85' lang='grc' dir='ltr'><strong><em>τοὺς</em></strong></span> <span class='ocrx_word' id='word_1_91' title='bbox 1142 1619 1264 1677; x_wconf 88' lang='grc' dir='ltr'><strong><em>τοῦ</em></strong></span> <span class='ocrx_word' id='word_1_92' title='bbox 1301 1612 1471 1689; x_wconf 87' lang='grc' dir='ltr'><strong><em>Διὸς</em></strong></span> <span class='ocrx_word' id='word_1_93' title='bbox 1514 1611 1759 1688; x_wconf 74' lang='grc' dir='ltr'><strong><em>παῖδας</em></strong></span> <span class='ocrx_word' id='word_1_94' title='bbox 1801 1611 2372 1695; x_wconf 74' lang='grc' dir='ltr'><strong><em>υἱοποιησάμενος</em></strong></span> <span class='ocrx_word' id='word_1_95' title='bbox 2481 1651 2491 1668; x_wconf 85' lang='lat'><strong>·</strong></span> 
     </span>
     <span class='ocr_line' id='line_1_14' title="bbox 438 1713 2367 1805; baseline -0.002 -19"><span class='ocrx_word' id='word_1_96' title='bbox 438 1722 796 1805; x_wconf 86' lang='grc' dir='ltr'><strong><em>διαδόχους</em></strong></span> <span class='ocrx_word' id='word_1_97' title='bbox 838 1728 955 1803; x_wconf 82' lang='grc' dir='ltr'><strong><em>τῆς</em></strong></span> <span class='ocrx_word' id='word_1_98' title='bbox 990 1719 1330 1803; x_wconf 86' lang='grc' dir='ltr'><strong><em>βασιλείας</em></strong></span> <span class='ocrx_word' id='word_1_99' title='bbox 1366 1715 1654 1783; x_wconf 83' lang='grc' dir='ltr'><strong><em>ἀπέλιπε.</em></strong></span> <span class='ocrx_word' id='word_1_100' title='bbox 1729 1717 1987 1783; x_wconf 90' lang='grc' dir='ltr'><strong><em>τούτων</em></strong></span> <span class='ocrx_word' id='word_1_101' title='bbox 2025 1713 2101 1782; x_wconf 74' lang='grc' dir='ltr'><strong><em>δὲ</em></strong></span> <span class='ocrx_word' id='word_1_102' title='bbox 2137 1714 2367 1784; x_wconf 85' lang='grc' dir='ltr'><strong><em>Ῥαδά-</em></strong></span> 
     </span>
     <span class='ocr_line' id='line_1_15' title="bbox 437 1820 2370 1912; baseline -0.002 -20"><span class='ocrx_word' id='word_1_103' title='bbox 437 1832 704 1912; x_wconf 89' lang='grc' dir='ltr'><strong><em>μανθυς</em></strong></span> <span class='ocrx_word' id='word_1_104' title='bbox 757 1820 880 1909; x_wconf 73' lang='grc' dir='ltr'><strong><em>μὲν</em></strong></span> <span class='ocrx_word' id='word_1_105' title='bbox 935 1834 1076 1902; x_wconf 74' lang='grc' dir='ltr'><strong><em>τοῖς</em></strong></span> <span class='ocrx_word' id='word_1_106' title='bbox 1132 1821 1396 1909; x_wconf 88' lang='grc' dir='ltr'><strong><em>Κρησὶν</em></strong></span> <span class='ocrx_word' id='word_1_107' title='bbox 1453 1821 1931 1907; x_wconf 76' lang='grc' dir='ltr'><strong><em>ἐνομοθέτησε,</em></strong></span> <span class='ocrx_word' id='word_1_108' title='bbox 1992 1824 2226 1898; x_wconf 87' lang='grc' dir='ltr'><strong><em>Μίνως</em></strong></span> <span class='ocrx_word' id='word_1_109' title='bbox 2285 1820 2370 1889; x_wconf 74' lang='grc' dir='ltr'><strong><em>δὲ</em></strong></span> 
     </span>
     <span class='ocr_line' id='line_1_16' title="bbox 438 1927 2446 2017; baseline -0.005 -18"><span class='ocrx_word' id='word_1_110' title='bbox 438 1931 910 2017; x_wconf 80' lang='grc' dir='ltr'><strong><em>διαδεξάμενος</em></strong></span> <span class='ocrx_word' id='word_1_111' title='bbox 953 1931 1077 2013; x_wconf 77' lang='grc' dir='ltr'><strong><em>τὴν</em></strong></span> <span class='ocrx_word' id='word_1_112' title='bbox 1123 1931 1469 2013; x_wconf 87' lang='grc' dir='ltr'><strong><em>βασιλείαν</em></strong></span> <span class='ocrx_word' id='word_1_113' title='bbox 1513 1927 1625 1994; x_wconf 84' lang='grc' dir='ltr'><strong><em>καὶ</em></strong></span> <span class='ocrx_word' id='word_1_114' title='bbox 1670 1931 1885 2014; x_wconf 89' lang='grc' dir='ltr'><strong><em>γήμας</em></strong></span> <span class='ocrx_word' id='word_1_115' title='bbox 1923 1927 2181 2010; x_wconf 84' lang='grc' dir='ltr'><strong><em>Ἰτώνην</em></strong></span> <span class='ocrx_word' id='word_1_116' title='bbox 2225 1927 2358 2011; x_wconf 88' lang='grc' dir='ltr'><strong><em>τὴν</em></strong></span> <span class='ocrx_word' id='word_1_117' title='bbox 2394 1947 2446 1989; x_wconf 76' lang='lat'><strong><em>15</em></strong></span> 
     </span>
     <span class='ocr_line' id='line_1_17' title="bbox 437 2035 2362 2121; baseline -0.003 -13"><span class='ocrx_word' id='word_1_118' title='bbox 437 2042 737 2108; x_wconf 84' lang='grc' dir='ltr'><strong><em>Λυκτίου</em></strong></span> <span class='ocrx_word' id='word_1_119' title='bbox 776 2040 1130 2104; x_wconf 85' lang='grc' dir='ltr'><strong><em>Λύκαστον</em></strong></span> <span class='ocrx_word' id='word_1_120' title='bbox 1176 2035 1557 2121; x_wconf 85' lang='grc' dir='ltr'><strong><em>ἐγέννησεν,</em></strong></span> <span class='ocrx_word' id='word_1_121' title='bbox 1604 2035 1678 2115; x_wconf 85' lang='grc' dir='ltr'><strong><em>ὃς</em></strong></span> <span class='ocrx_word' id='word_1_122' title='bbox 1725 2035 2189 2121; x_wconf 78' lang='grc' dir='ltr'><strong><em>διαδεξάμενος</em></strong></span> <span class='ocrx_word' id='word_1_123' title='bbox 2232 2036 2362 2119; x_wconf 81' lang='grc' dir='ltr'><strong><em>τὴν</em></strong></span> 
     </span>
     <span class='ocr_line' id='line_1_18' title="bbox 439 2141 2357 2234; baseline -0.002 -21"><span class='ocrx_word' id='word_1_124' title='bbox 439 2147 652 2234; x_wconf 84' lang='grc' dir='ltr'><strong><em>ἀρχὴν</em></strong></span> <span class='ocrx_word' id='word_1_125' title='bbox 706 2145 818 2213; x_wconf 86' lang='grc' dir='ltr'><strong><em>καὶ</em></strong></span> <span class='ocrx_word' id='word_1_126' title='bbox 872 2149 1084 2230; x_wconf 89' lang='grc' dir='ltr'><strong><em>γήμας</em></strong></span> <span class='ocrx_word' id='word_1_127' title='bbox 1130 2143 1321 2227; x_wconf 84' lang='grc' dir='ltr'><strong><em>Ἴδην</em></strong></span> <span class='ocrx_word' id='word_1_128' title='bbox 1375 2143 1499 2227; x_wconf 88' lang='grc' dir='ltr'><strong><em>τὴν</em></strong></span> <span class='ocrx_word' id='word_1_129' title='bbox 1553 2145 1989 2230; x_wconf 85' lang='grc' dir='ltr'><strong><em>Κορύβαντος</em></strong></span> <span class='ocrx_word' id='word_1_130' title='bbox 2049 2141 2357 2227; x_wconf 80' lang='grc' dir='ltr'><strong><em>ἐγέννησε</em></strong></span> 
     </span>
     <span class='ocr_line' id='line_1_19' title="bbox 439 2250 2356 2339; baseline -0.003 -19"><span class='ocrx_word' id='word_1_131' title='bbox 439 2257 689 2321; x_wconf 91' lang='grc' dir='ltr'><strong><em>Μίνωα</em></strong></span> <span class='ocrx_word' id='word_1_132' title='bbox 742 2255 861 2320; x_wconf 91' lang='grc' dir='ltr'><strong><em>τὸν</em></strong></span> <span class='ocrx_word' id='word_1_133' title='bbox 919 2252 1256 2339; x_wconf 89' lang='grc' dir='ltr'><strong><em>δεύτερον,</em></strong></span> <span class='ocrx_word' id='word_1_134' title='bbox 1318 2250 1399 2315; x_wconf 81' lang='grc' dir='ltr'><strong><em>ὄν</em></strong></span> <span class='ocrx_word' id='word_1_135' title='bbox 1444 2274 1620 2328; x_wconf 88' lang='grc' dir='ltr'><strong><em>τινες</em></strong></span> <span class='ocrx_word' id='word_1_136' title='bbox 1664 2251 1833 2327; x_wconf 90' lang='grc' dir='ltr'><strong><em>Διὸς</em></strong></span> <span class='ocrx_word' id='word_1_137' title='bbox 1876 2251 2029 2315; x_wconf 78' lang='grc' dir='ltr'><strong><em>υἱὸν</em></strong></span> <span class='ocrx_word' id='word_1_138' title='bbox 2076 2250 2356 2336; x_wconf 83' lang='grc' dir='ltr'><strong><em>ἀναγρά-</em></strong></span> 
     </span>
     <span class='ocr_line' id='line_1_20' title="bbox 443 2353 2355 2447; baseline -0.003 -21"><span class='ocrx_word' id='word_1_139' title='bbox 443 2378 710 2447; x_wconf 83' lang='grc' dir='ltr'><strong><em>φουσιν.</em></strong></span> <span class='ocrx_word' id='word_1_140' title='bbox 787 2356 984 2437; x_wconf 84' lang='grc' dir='ltr'><strong><em>οὗτος</em></strong></span> <span class='ocrx_word' id='word_1_141' title='bbox 1026 2368 1288 2445; x_wconf 79' lang='grc' dir='ltr'><strong><em>πρῶτος</em></strong></span> <span class='ocrx_word' id='word_1_142' title='bbox 1323 2353 1662 2441; x_wconf 82' lang='grc' dir='ltr'><strong><em>Ἑλλήνων</em></strong></span> <span class='ocrx_word' id='word_1_143' title='bbox 1706 2357 2030 2441; x_wconf 88' lang='grc' dir='ltr'><strong><em>ναυτικὴν</em></strong></span> <span class='ocrx_word' id='word_1_144' title='bbox 2077 2358 2355 2442; x_wconf 85' lang='grc' dir='ltr'><strong><em>δύναμιν</em></strong></span> 
     </span>
    </p>

    <p class='ocr_par' dir='ltr' id='par_1_5' title="bbox 370 2463 2429 3187">
     <span class='ocr_line' id='line_1_21' title="bbox 370 2463 2429 2551; baseline -0.005 -17"><span class='ocrx_word' id='word_1_145' title='bbox 370 2485 406 2534; x_wconf 79' lang='lat'>4</span> <span class='ocrx_word' id='word_1_146' title='bbox 445 2467 796 2550; x_wconf 83' lang='grc' dir='ltr'><strong><em>ἀξιόλογον</em></strong></span> <span class='ocrx_word' id='word_1_147' title='bbox 860 2466 1359 2551; x_wconf 87' lang='grc' dir='ltr'><strong><em>συστησάμενος</em></strong></span> <span class='ocrx_word' id='word_1_148' title='bbox 1422 2463 2051 2549; x_wconf 85' lang='grc' dir='ltr'><strong><em>ἐθαλαττοκράτησε.</em></strong></span> <span class='ocrx_word' id='word_1_149' title='bbox 2150 2466 2354 2548; x_wconf 82' lang='grc' dir='ltr'><strong><em>γήμας</em></strong></span> <span class='ocrx_word' id='word_1_150' title='bbox 2379 2480 2429 2523; x_wconf 75' lang='lat'><strong><em>20</em></strong></span> 
     </span>
     <span class='ocr_line' id='line_1_22' title="bbox 444 2568 2353 2658; baseline -0.002 -18"><span class='ocrx_word' id='word_1_151' title='bbox 444 2571 519 2640; x_wconf 74' lang='grc' dir='ltr'><strong><em>δὲ</em></strong></span> <span class='ocrx_word' id='word_1_152' title='bbox 558 2574 926 2658; x_wconf 83' lang='grc' dir='ltr'><strong><em>Πασιφάην</em></strong></span> <span class='ocrx_word' id='word_1_153' title='bbox 961 2573 1087 2655; x_wconf 85' lang='grc' dir='ltr'><strong><em>τὴν</em></strong></span> <span class='ocrx_word' id='word_1_154' title='bbox 1114 2568 1353 2637; x_wconf 50' lang='grc' dir='ltr'><strong><em>(Ηλίου</em></strong></span> <span class='ocrx_word' id='word_1_155' title='bbox 1388 2569 1498 2636; x_wconf 87' lang='grc' dir='ltr'><strong><em>καὶ</em></strong></span> <span class='ocrx_word' id='word_1_156' title='bbox 1536 2572 1803 2656; x_wconf 89' lang='grc' dir='ltr'><strong><em>Κρήτης</em></strong></span> <span class='ocrx_word' id='word_1_157' title='bbox 1839 2568 2151 2654; x_wconf 82' lang='grc' dir='ltr'><strong><em>ἐγέννησε</em></strong></span> <span class='ocrx_word' id='word_1_158' title='bbox 2190 2576 2353 2636; x_wconf 87' lang='grc' dir='ltr'><strong><em>Δευ-</em></strong></span> 
     </span>
     <span class='ocr_line' id='line_1_23' title="bbox 440 2672 2351 2764; baseline 0 -21"><span class='ocrx_word' id='word_1_159' title='bbox 440 2681 734 2744; x_wconf 89' lang='grc' dir='ltr'><strong><em>καλίωνα</em></strong></span> <span class='ocrx_word' id='word_1_160' title='bbox 770 2676 880 2743; x_wconf 86' lang='grc' dir='ltr'><strong><em>καὶ</em></strong></span> <span class='ocrx_word' id='word_1_161' title='bbox 917 2675 1184 2762; x_wconf 88' lang='grc' dir='ltr'><strong><em>Κατρέα</em></strong></span> <span class='ocrx_word' id='word_1_162' title='bbox 1228 2675 1341 2742; x_wconf 85' lang='grc' dir='ltr'><strong><em>καὶ</em></strong></span> <span class='ocrx_word' id='word_1_163' title='bbox 1380 2672 1793 2763; x_wconf 82' lang='grc' dir='ltr'><strong><em>Ἀνδρόγεων</em></strong></span> <span class='ocrx_word' id='word_1_164' title='bbox 1836 2674 1949 2742; x_wconf 86' lang='grc' dir='ltr'><strong><em>καὶ</em></strong></span> <span class='ocrx_word' id='word_1_165' title='bbox 1988 2674 2351 2764; x_wconf 89' lang='grc' dir='ltr'><strong><em>Ἀριάδνην,</em></strong></span> 
     </span>
     <span class='ocr_line' id='line_1_24' title="bbox 442 2780 2350 2869; baseline 0 -20"><span class='ocrx_word' id='word_1_166' title='bbox 442 2781 553 2849; x_wconf 78' lang='grc' dir='ltr'><strong><em>καὶ</em></strong></span> <span class='ocrx_word' id='word_1_167' title='bbox 591 2781 782 2869; x_wconf 80' lang='grc' dir='ltr'><strong><em>ἕτερα</em></strong></span> <span class='ocrx_word' id='word_1_168' title='bbox 817 2780 1015 2847; x_wconf 87' lang='grc' dir='ltr'><strong><em>τέκνα</em></strong></span> <span class='ocrx_word' id='word_1_169' title='bbox 1052 2784 1200 2868; x_wconf 82' lang='grc' dir='ltr'><strong><em>ἔσχε</em></strong></span> <span class='ocrx_word' id='word_1_170' title='bbox 1237 2785 1516 2847; x_wconf 86' lang='grc' dir='ltr'><strong><em>πλείονα</em></strong></span> <span class='ocrx_word' id='word_1_171' title='bbox 1550 2784 1747 2849; x_wconf 90' lang='grc' dir='ltr'><strong><em>νόθα.</em></strong></span> <span class='ocrx_word' id='word_1_172' title='bbox 1811 2792 1947 2848; x_wconf 81' lang='grc' dir='ltr'><strong><em>τῶν</em></strong></span> <span class='ocrx_word' id='word_1_173' title='bbox 1986 2780 2062 2849; x_wconf 73' lang='grc' dir='ltr'><strong><em>δὲ</em></strong></span> <span class='ocrx_word' id='word_1_174' title='bbox 2088 2787 2350 2863; x_wconf 90' lang='grc' dir='ltr'><strong><em>Μίνωος</em></strong></span> 
     </span>
     <span class='ocr_line' id='line_1_25' title="bbox 442 2885 2346 2976; baseline -0.001 -19"><span class='ocrx_word' id='word_1_175' title='bbox 442 2891 611 2957; x_wconf 72' lang='grc' dir='ltr'><strong><em>υἱῶν</em></strong></span> <span class='ocrx_word' id='word_1_176' title='bbox 677 2888 1086 2976; x_wconf 86' lang='grc' dir='ltr'><strong><em>Ἀνδρόγεως</em></strong></span> <span class='ocrx_word' id='word_1_177' title='bbox 1141 2885 1263 2974; x_wconf 74' lang='grc' dir='ltr'><strong><em>μὲν</em></strong></span> <span class='ocrx_word' id='word_1_178' title='bbox 1319 2890 1415 2966; x_wconf 86' lang='grc' dir='ltr'><strong><em>εἰς</em></strong></span> <span class='ocrx_word' id='word_1_179' title='bbox 1475 2889 1593 2967; x_wconf 77' lang='grc' dir='ltr'><strong><em>τὰς</em></strong></span> <span class='ocrx_word' id='word_1_180' title='bbox 1649 2887 1940 2974; x_wconf 88' lang='grc' dir='ltr'><strong><em>Ἀθήνας</em></strong></span> <span class='ocrx_word' id='word_1_181' title='bbox 2001 2892 2346 2974; x_wconf 85' lang='grc' dir='ltr'><strong><em>κατήντησε</em></strong></span> 
     </span>
     <span class='ocr_line' id='line_1_26' title="bbox 442 2994 2421 3083; baseline -0.003 -18"><span class='ocrx_word' id='word_1_182' title='bbox 442 2999 950 3083; x_wconf 82' lang='grc' dir='ltr'><strong><em>Παναθηναίων</em></strong></span> <span class='ocrx_word' id='word_1_183' title='bbox 978 2994 1552 3080; x_wconf 85' lang='grc' dir='ltr'><strong><em>συντελουμένων,</em></strong></span> <span class='ocrx_word' id='word_1_184' title='bbox 1581 2995 1843 3080; x_wconf 86' lang='grc' dir='ltr'><strong><em>Αἰγέως</em></strong></span> <span class='ocrx_word' id='word_1_185' title='bbox 1869 2999 2343 3082; x_wconf 86' lang='grc' dir='ltr'><strong><em>βασιλεύοντος,</em></strong></span> <span class='ocrx_word' id='word_1_186' title='bbox 2373 3017 2421 3060; x_wconf 82' lang='lat'><strong><em>2⁵</em></strong></span> 
     </span>
     <span class='ocr_line' id='line_1_27' title="bbox 443 3101 2344 3187; baseline -0.002 -16"><span class='ocrx_word' id='word_1_187' title='bbox 443 3103 517 3171; x_wconf 88' lang='grc' dir='ltr'><strong><em>ἐν</em></strong></span> <span class='ocrx_word' id='word_1_188' title='bbox 577 3102 652 3170; x_wconf 73' lang='grc' dir='ltr'><strong><em>δὲ</em></strong></span> <span class='ocrx_word' id='word_1_189' title='bbox 706 3115 848 3182; x_wconf 82' lang='grc' dir='ltr'><strong><em>τοῖς</em></strong></span> <span class='ocrx_word' id='word_1_190' title='bbox 903 3101 1112 3187; x_wconf 79' lang='grc' dir='ltr'><strong><em>ἀγῶσι</em></strong></span> <span class='ocrx_word' id='word_1_191' title='bbox 1171 3104 1448 3186; x_wconf 89' lang='grc' dir='ltr'><strong><em>νικήσας</em></strong></span> <span class='ocrx_word' id='word_1_192' title='bbox 1505 3106 1665 3182; x_wconf 88' lang='grc' dir='ltr'><strong><em>τοὺς</em></strong></span> <span class='ocrx_word' id='word_1_193' title='bbox 1722 3102 2021 3187; x_wconf 81' lang='grc' dir='ltr'><strong><em>ἀθλητὰς</em></strong></span> <span class='ocrx_word' id='word_1_194' title='bbox 2075 3103 2344 3180; x_wconf 76' lang='grc' dir='ltr'><strong><em>ἅπαντας</em></strong></span> 
     </span>
    </p>

    <p class='ocr_par' dir='ltr' id='par_1_6' title="bbox 371 3207 2338 3402">
     <span class='ocr_line' id='line_1_28' title="bbox 371 3207 2336 3295; baseline 0 -21"><span class='ocrx_word' id='word_1_195' title='bbox 371 3231 404 3281; x_wconf 79' lang='lat'>5</span> <span class='ocrx_word' id='word_1_196' title='bbox 442 3213 747 3295; x_wconf 82' lang='grc' dir='ltr'><strong><em>συνήθης</em></strong></span> <span class='ocrx_word' id='word_1_197' title='bbox 802 3207 1062 3292; x_wconf 86' lang='grc' dir='ltr'><strong><em>ἐγένετο</em></strong></span> <span class='ocrx_word' id='word_1_198' title='bbox 1117 3221 1258 3286; x_wconf 75' lang='grc' dir='ltr'><strong><em>τοῖς</em></strong></span> <span class='ocrx_word' id='word_1_199' title='bbox 1304 3211 1698 3286; x_wconf 85' lang='grc' dir='ltr'><strong><em>Πάλλαντος</em></strong></span> <span class='ocrx_word' id='word_1_200' title='bbox 1742 3213 1993 3275; x_wconf 87' lang='grc' dir='ltr'><strong><em>παισίν.</em></strong></span> <span class='ocrx_word' id='word_1_201' title='bbox 2085 3207 2336 3275; x_wconf 83' lang='grc' dir='ltr'><strong><em>ἐνταῦθ’</em></strong></span> 
     </span>
     <span class='ocr_line' id='line_1_29' title="bbox 443 3309 2338 3402; baseline 0.002 -24"><span class='ocrx_word' id='word_1_202' title='bbox 443 3314 480 3378; x_wconf 95' lang='lat'><em>6</em></span> <span class='ocrx_word' id='word_1_203' title='bbox 538 3311 661 3398; x_wconf 73' lang='grc' dir='ltr'><strong><em>μὲν</em></strong></span> <span class='ocrx_word' id='word_1_204' title='bbox 716 3316 965 3398; x_wconf 84' lang='grc' dir='ltr'><strong><em>Αἰγεὺς</em></strong></span> <span class='ocrx_word' id='word_1_205' title='bbox 1020 3314 1440 3392; x_wconf 77' lang='grc' dir='ltr'><strong><em>ὑποπτεύσας</em></strong></span> <span class='ocrx_word' id='word_1_206' title='bbox 1497 3316 1621 3399; x_wconf 84' lang='grc' dir='ltr'><strong><em>τὴν</em></strong></span> <span class='ocrx_word' id='word_1_207' title='bbox 1674 3309 2043 3402; x_wconf 88' lang='grc' dir='ltr'><strong><em>Ἀνδρόγεω</em></strong></span> <span class='ocrx_word' id='word_1_208' title='bbox 2109 3317 2338 3400; x_wconf 83' lang='grc' dir='ltr'><strong><em>φιλίαν,</em></strong></span> 
     </span>
    </p>
   </div>
   <div class='ocr_carea' id='block_1_3' title="bbox 418 3466 2336 3604">
    <p class='ocr_par' dir='ltr' id='par_1_7' title="bbox 418 3466 2336 3604">
     <span class='ocr_line' id='line_1_30' title="bbox 418 3466 2336 3542; baseline 0.003 -22"><span class='ocrx_word' id='word_1_209' title='bbox 418 3494 423 3498; x_wconf 86' lang='lat'><strong>·</strong></span> <span class='ocrx_word' id='word_1_210' title='bbox 588 3474 620 3521; x_wconf 82' lang='lat'>2</span> <span class='ocrx_word' id='word_1_211' title='bbox 658 3468 893 3537; x_wconf 78' lang='grc' dir='ltr'><strong><em>γένηται</em></strong></span> <span class='ocrx_word' id='word_1_212' title='bbox 927 3472 1062 3523; x_wconf 77' lang='lat' dir='ltr'>ante</span> <span class='ocrx_word' id='word_1_213' title='bbox 1099 3467 1287 3540; x_wconf 83' lang='grc' dir='ltr'><strong><em>σαφὴς</em></strong></span> <span class='ocrx_word' id='word_1_214' title='bbox 1326 3471 1390 3525; x_wconf 81' lang='lat' dir='ltr'><strong><em>F</em></strong></span> <span class='ocrx_word' id='word_1_215' title='bbox 1518 3476 1550 3525; x_wconf 88' lang='lat'><strong>3</strong></span> <span class='ocrx_word' id='word_1_216' title='bbox 1593 3468 1884 3542; x_wconf 85' lang='grc' dir='ltr'><strong><em>Τεύταμος</em></strong></span> <span class='ocrx_word' id='word_1_217' title='bbox 1919 3472 1963 3525; x_wconf 88' lang='lat' dir='ltr'><strong>F</strong></span> <span class='ocrx_word' id='word_1_218' title='bbox 2104 3478 2134 3528; x_wconf 79' lang='lat'>7</span> <span class='ocrx_word' id='word_1_219' title='bbox 2171 3466 2245 3541; x_wconf 75' lang='grc' dir='ltr'><strong><em>ἐν]</em></strong></span> <span class='ocrx_word' id='word_1_220' title='bbox 2280 3469 2336 3526; x_wconf 75' lang='grc' dir='ltr'><strong><em>έν</em></strong></span> 
     </span>
     <span class='ocr_line' id='line_1_31' title="bbox 439 3535 1221 3604; baseline 0.012 -19"><span class='ocrx_word' id='word_1_221' title='bbox 439 3537 505 3604; x_wconf 81' lang='grc' dir='ltr'><strong><em>τῇ</em></strong></span> <span class='ocrx_word' id='word_1_222' title='bbox 544 3536 607 3588; x_wconf 86' lang='lat' dir='ltr'><em>F</em></span> <span class='ocrx_word' id='word_1_223' title='bbox 712 3544 778 3591; x_wconf 84' lang='lat'><strong><em>23</em></strong></span> <span class='ocrx_word' id='word_1_224' title='bbox 816 3535 970 3592; x_wconf 72' lang='grc' dir='ltr'><strong><em>νόθα</em></strong></span> <span class='ocrx_word' id='word_1_225' title='bbox 1008 3554 1115 3594; x_wconf 87' lang='lat' dir='ltr'><strong><em>om.</em></strong></span> <span class='ocrx_word' id='word_1_226' title='bbox 1154 3539 1221 3594; x_wconf 89' lang='lat' dir='ltr'><strong><em>H.</em></strong></span> 
     </span>
    </p>
   </div>
  </div>
 </body>
</html>
