2569 4061
1054 304 1133 358 111
1173 311 1256 360 16.
1288 310 1373 361 17.
2027 308 2157 374 289

230 469 489 555 πέμπτῃ
560 469 726 553 πρὸς
798 469 922 552 τὴν
982 467 1324 552 ,ὑπώρειαν
1387 466 1759 550 ἐπείγονται
1830 469 2161 556 πανδημεὶ

230 585 443 642 ποτοῦ
488 575 706 662 χάριν,
753 576 924 639 ἔνθα
970 574 1328 659 συρρύσεις
1369 573 1638 639 ὑδάτων
1672 574 1971 658 γλυκέων
2008 557 2158 659 εἰσί,

230 684 401 767 πρὸς
465 673 570 758 αἶς
624 682 697 747 οἰ
753 681 1038 766 νομάδες
1092 681 1208 757 τὰς
1271 678 1511 762 ἀγέλας
1562 692 1697 747 τῶν
1754 684 2159 767 θρεμμάτων

232 792 636 868 ποτίζουσιν.
725 787 767 871 ἡ
834 783 910 853 δὲ
974 786 1327 872 ὁδοιπορία
1388 787 1646 852 τούτων
1702 791 2161 872 παραπλήσιος
2197 809 2230 857 3

178 910 206 950 5
235 898 492 979 γίνεται
556 906 700 972 ταῖς
773 892 1038 978 ἀγέλαις
1108 904 1243 959 τῶν
1306 896 1520 978 βοῶν,
1593 894 1862 959 πάντων
1926 896 2162 979 φωνὴν

239 1001 573 1087 ἀφιέντων
629 1001 754 1067 οὐκ
807 1003 1177 1087 ἔναρθρον,
1244 998 1387 1066 ἀλλ’
1440 995 1607 1085 ἦχον
1660 1003 1873 1085 μόνον
1932 1000 2163 1067 ἀποτε-

243 1113 515 1174 λοῦσαν.
587 1118 723 1173 τῶν
760 1104 835 1173 δὲ
879 1106 1133 1174 τέκνων
1177 1107 1258 1173 τὰ
1304 1104 1427 1192 μὲν
1472 1109 1677 1192 νήπια
1720 1111 2059 1184 παντελῶς
2094 1108 2169 1172 αἱ

237 1214 511 1300 μητέρες
538 1214 611 1280 ἐν
636 1225 780 1292 ταῖς
808 1214 1124 1298 ἀγκάλαις
1150 1213 1459 1301 φέρουσι,
1494 1215 1576 1278 τὰ
1605 1209 1680 1279 δὲ
1715 1212 2162 1301 κεχωρισμένα

235 1330 359 1387 τοῦ
387 1322 713 1404 γάλακτος
741 1321 812 1386 οἱ
833 1319 1131 1406 πατέρες,
1166 1322 1247 1385 τὰ
1276 1319 1342 1385 δ’
1377 1317 1546 1406 ὑπὲρ
1571 1329 1889 1406 πενταετῆ
1918 1323 2165 1406 χρόνον

157 1442 211 1481 10
242 1429 407 1492 ὄντα
452 1428 731 1513 προάγει
776 1429 937 1511 μετὰ
979 1438 1114 1492 τῶν
1151 1425 1407 1508 γονέων
1445 1429 1574 1492 σὺν
1618 1429 1874 1514 παιδιᾷ,
1922 1431 2165 1511 πεπλη-

242 1532 510 1619 ρωμένα
554 1542 781 1617 χαρᾶς,
827 1533 917 1609 ὡς
961 1530 1046 1597 ἂν
1091 1534 1256 1617 πρὸς
1300 1533 1424 1616 τὴν
1467 1532 1748 1617 ἡδίστην
1793 1533 2166 1599 ἀπόλαυσιν

238 1638 610 1723 ὁρμώμενα.
699 1636 741 1720 ἡ
789 1639 916 1722 γὰρ
973 1639 1176 1721 φύσις
1232 1638 1455 1703 αὐτῶν
1502 1638 1950 1725 ἀδιάστροφος
1996 1634 2165 1705 οὖσα
2201 1661 2236 1708 4

238 1744 363 1826 τὴν
411 1742 883 1828 ἀναπλήρωσιν
925 1751 1042 1827 τῆς
1079 1742 1337 1821 ἐνδείας
1372 1743 1627 1827 ἡγεῖται
1662 1745 1973 1829 μέγιστον
2009 1746 2168 1829 ἀγα-

238 1854 393 1933 θόν,
433 1846 637 1915 οὐδὲν
672 1859 810 1914 τῶν
847 1849 1252 1916 ἐπεισάκτων
1277 1848 1498 1933 ἡδέων
1526 1850 1934 1935 ἐπιζητοῦσα.
2007 1853 2170 1917 ὅταν

162 1970 213 2011 15
245 1955 319 2024 δὲ
364 1967 508 2035 ταῖς
552 1965 689 2022 τῶν
733 1946 1053 2043 νομάδων
1098 1959 1480 2044 ποτίστραις
1534 1955 1847 2042 ἐγγίσωσι
1890 1953 2002 2022 καὶ
2046 1965 2169 2021 τοῦ

239 2075 453 2132 ποτοῦ
500 2069 909 2152 πληρωθῶσι
955 2066 1072 2141 τὰς
1115 2065 1391 2147 κοιλίας,
1439 2063 1933 2150 ἐπανέρχονται,
1979 2066 2170 2148 μόγις

240 2174 625 2258 βαδίζοντες
671 2173 783 2237 διὰ
826 2172 902 2237 τὸ
949 2172 1173 2257 βάρος.
1244 2169 1561 2254 κάκείνην
1599 2166 1720 2255 μὲν
1755 2170 1880 2252 τὴν
1915 2168 2171 2255 ἡμέραν
2207 2190 2239 2239 5

242 2280 520 2356 οὐδενὸς
564 2279 896 2361 γεύονται,
943 2288 1151 2344 κεῖται
1198 2275 1258 2342 δ’
1306 2276 1582 2353 ἕκαστος
1624 2273 2018 2361 ὑπεργέμων
2056 2273 2168 2340 καὶ

248 2386 595 2463 δύσπνους
637 2383 749 2451 καὶ
794 2387 870 2451 τὸ
910 2386 1206 2450 σύνολον
1238 2384 1667 2472 παρεμφερὴς
1699 2391 1791 2471 τῷ
1828 2383 2165 2467 μεθύοντι.

165 2505 220 2544 20
247 2501 327 2576 τῇ
376 2485 437 2556 δ’
490 2489 635 2575 ἑξῆς
680 2490 787 2557 ἐπὶ
830 2492 956 2575 τὴν
1001 2491 1129 2557 ἀπὸ
1175 2500 1311 2557 τῶν
1358 2491 1618 2575 ἰχθύων
1662 2490 1863 2554 πάλιν
1908 2489 2168 2574 τροφὴν

247 2597 775 2682 ἀνακάμπτουσι·
849 2595 961 2664 καὶ
1030 2606 1273 2664 τοῦτον
1341 2598 1460 2663 τὸν
1526 2598 1779 2682 τρόπον
1839 2595 1881 2679 ἡ
1948 2596 2167 2661 δίαιτα

243 2709 583 2771 κυκλεῖται
637 2702 791 2789 παρ’
845 2704 1073 2781 αὐτοῖς
1125 2705 1340 2770 πάντα
1393 2705 1514 2771 τὸν
1566 2711 1688 2769 τοῦ
1745 2705 1859 2786 ζῆν
1903 2706 2166 2788 χρόνον.

432 2812 521 2876 OC
552 2806 674 2895 μὲν
711 2805 838 2876 οὖν
863 2811 987 2894 τὴν
1023 2811 1352 2897 παράλιον
1377 2812 1500 2893 τὴν
1536 2809 1722 2886 ἐντὸς
1755 2819 1892 2874 τῶν
1918 2820 2170 2876 στενῶν

245 2926 714 2994 κατοικοῦντες
742 2916 917 2982 οὕτω
956 2920 1202 3000 βιοῦσι,
1240 2918 1467 2992 νόσοις
1503 2912 1625 3000 μὲν
1665 2916 1778 2980 διὰ
1811 2916 1935 2999 τὴν
1971 2915 2172 2980 ἁπλό-

164 3040 216 3081 25
246 3046 412 3107 τητα
456 3031 573 3106 τῆς
618 3032 872 3109 τροφῆς
917 3025 1209 3099 σπανίως
1252 3024 1783 3107 περιπίπτοντες,
1830 3021 2170 3105 ὀλιγοχρο-

246 3130 554 3214 νιώτεροι
619 3125 693 3195 δὲ
755 3131 930 3196 πολὺ
987 3139 1122 3194 τῶν
1173 3126 1329 3213 παρ’
1391 3127 1553 3212 ἡμῖν
1607 3130 1809 3204 ὄντες.
1899 3133 2039 3199 τοῖς
2097 3104 2275 3187 3218

246 3236 370 3318 τὴν
417 3235 599 3313 ἐκτὸς
652 3244 774 3301 τοῦ
831 3238 1085 3301 κόλπου
1130 3235 1460 3319 παράλιον
1505 3231 1892 3318 νεμομένοις
1944 3231 2170 3315 πολλῷ

391 3432 423 3480 2
481 3426 731 3497 γλυκέων
791 3423 1022 3481 ὑδάτων
1077 3426 1229 3496 vulg.
1416 3431 1445 3478 7
1497 3420 1562 3477 αἱ
1642 3420 1835 3492 ητέρες
1882 3419 2172 3480 παντελῶς

245 3498 495 3565 οοᾶίοοε,
544 3515 684 3553 corr.
720 3498 926 3554 Reiske
1109 3502 1176 3552 16
1221 3491 1552 3567 πληρώσωσι
1638 3493 1753 3547 ind.
1932 3494 2003 3544 20
2054 3483 2171 3542 ἀπὸ

246 3586 355 3625 om.
394 3569 444 3622 D
589 3574 657 3624 23
693 3570 797 3625 τοῦ
837 3570 1034 3625 στενοῦ
1071 3567 1120 3621 D
1265 3567 1336 3622 2'4
1373 3561 1700 3632 ἁπαλότητα
1736 3561 1802 3615 D.

354 3668 607 3710 onnon‘os
634 3668 674 3709 1.
1782 3655 1845 3701 19
