2569 4061
1115 275 1191 329 IV
1231 282 1317 331 46.
1356 282 1444 332 47.
2085 276 2219 342 469

296 436 450 525 περὶ
484 440 559 504 τὸ
601 438 871 523 τέμενος
916 437 1240 524 ὑπῆρχον,
1289 438 1556 524 δράκων
1603 434 1663 503 δ’
1706 441 1961 517 ἄυπνος
2007 438 2223 525 ἐτήρει

296 548 371 611 τὸ
421 544 644 631 δέρος,
691 545 818 610 ἀπὸ
866 541 988 630 μὲν
1033 555 1169 610 τῶν
1222 544 1504 630 Ταύρων
1559 549 2063 630 μετενεχθείσης
2108 554 2223 630 τῆς
2278 599 2283 603 .

298 651 678 737 ὁμωνυμίας
732 650 838 717 ἐπὶ
891 653 1015 735 τὴν
1067 662 1202 717 τῶν
1256 654 1438 730 βοῶν
1494 652 1718 736 ἰσχύν,
1775 652 1902 717 ἀπὸ
1970 650 2043 719 δὲ
2105 662 2223 738 τῆς

297 760 463 825 κατὰ
542 759 665 841 τὴν
748 757 1172 837 ξενοκτονίαν
1256 758 1591 842 ὠμότητος
1663 768 1993 843 πυρπνεῖν
2065 763 2223 836 τοὺς

242 886 269 927 5
297 866 586 950 ταύρους
630 861 1254 949 μυθολογηθέντος·
1300 865 1775 950 παραπλησίως
1825 860 1897 929 δὲ
1944 872 2065 929 τοῦ
2110 890 2221 949 τη-

299 981 579 1058 ροῦντος
632 972 706 1036 τὸ
761 968 1031 1055 τέμενος
1075 970 1466 1055 Δράκοντος
1513 969 2027 1056 ὀνομαζομένου,
2075 995 2223 1055 μετ-

297 1076 688 1163 ενηνοχέναι
758 1080 916 1152 τοὺς
996 1077 1270 1160 ποιητὰς
1344 1075 1448 1142 ἐπὶ
1531 1080 1606 1143 τὸ
1679 1079 2042 1163 τερατῶδες
2112 1076 2222 1142 καὶ

295 1185 820 1268 καταπληκτικὸν
874 1192 996 1249 τοῦ
1063 1179 1248 1271 ζῴου.
1341 1193 1457 1268 τῆς
1511 1184 1743 1270 ὁμοίας
1799 1182 1873 1250 δὲ
1927 1190 2221 1269 μυθολο-
2259 1211 2294 1258 4

295 1295 446 1375 γίας
479 1293 749 1375 ἔχεσθαι
785 1287 897 1355 καὶ
932 1292 1013 1355 τὰ
1049 1288 1200 1377 περὶ
1235 1300 1356 1356 τοῦ
1400 1292 1652 1377 Φρίξου
1689 1295 2030 1377 λεγόμενα.
2080 1293 2246 1357 δια--

213 1420 270 1459 10
296 1403 577 1463 πλεῦσαι
621 1397 748 1482 γὰρ
797 1396 1003 1462 αὐτόν
1049 1412 1258 1480 φασιν
1306 1396 1377 1460 oc
1424 1394 1547 1480 μὲν
1602 1396 1708 1462 ἐπὶ
1763 1398 1931 1475 νεὼς
1984 1417 2223 1483 προτο-

298 1504 430 1587 μὴν
477 1499 583 1567 ἐπὶ
627 1511 742 1586 τῆς
786 1499 1055 1589 πρῴρας
1100 1501 1379 1586 ἐχούσης
1424 1512 1640 1588 κριοῦ,
1675 1501 1786 1568 καὶ
1830 1505 1955 1586 τὴν
1976 1502 2222 1588 ’Ἐλλην

299 1610 781 1693 δυσφοροῦσαν
829 1606 931 1673 ἐπὶ
981 1617 1059 1693 τῇ
1108 1610 1369 1694 ναυτίᾳ,
1416 1606 1526 1672 καὶ
1575 1609 1686 1674 διὰ
1731 1606 1910 1673 τοῦτ’
1957 1607 2061 1674 ἐπὶ
2097 1619 2223 1674 τοῦ

296 1718 527 1800 τοίχου
586 1723 701 1799 τῆς
763 1717 931 1791 νεὼς
996 1713 1481 1798 ἐκκύπτουσαν,
1539 1715 1632 1792 εἰς
1694 1716 1817 1799 τὴν
1880 1716 2222 1781 θάλατταν

295 1832 674 1910 προπεσεῖν.
764 1823 934 1888 ἔνιοι
990 1819 1070 1887 δέ
1120 1838 1287 1906 φασι
1347 1823 1464 1887 τὸν
1524 1820 1798 1906 βασιλέα
1853 1833 1987 1887 τῶν
2041 1826 2221 1888 Σκυ-
2258 1845 2291 1896 5

219 1950 271 1991 15
295 1935 468 2013 θῶν,
508 1930 670 1995 ὄντα
714 1929 1016 2012 γαμβρὸν
1054 1929 1334 2012 Αἰήτου,
1370 1928 1549 2014 παρὰ
1588 1939 1726 2005 τοῖς
1765 1931 2049 2014 Κόλχοις
2086 1927 2223 1993 ἐπι-

301 2038 586 2120 δημῆσαι
632 2030 789 2101 καθ’
836 2034 916 2099 ὃν
961 2036 1197 2121 καιρὸν
1235 2034 1486 2099 ἁλῶναι
1525 2034 1772 2119 συνέβη
1811 2037 1928 2101 τὸν
1971 2035 2222 2122 Φρίξον

299 2143 459 2224 μετὰ
521 2151 640 2207 τοῦ
703 2129 1167 2226 παιδαγωγοῦ,
1241 2140 1566 2227 ἐρωτικῶς
1638 2139 1712 2207 δὲ
1785 2145 2030 2228 σχόντα
2089 2151 2222 2209 ’τοῦ

298 2249 534 2325 παιδὸς
597 2252 825 2333 λαβεῖν
886 2248 1091 2314 αὐτὸν
1149 2247 1222 2313 ἐν
1279 2251 1498 2336 δωρεᾷ
1552 2247 1706 2336 παρ’
1769 2252 2056 2333 Αἰήτου,
2111 2248 2223 2315 καὶ

297 2354 600 2439 καθάπερ
645 2354 798 2419 υίὸν
835 2356 1115 2438 γνήσιον
1153 2354 1580 2439 ἀγαπήσαντα
1616 2360 1999 2421 καταλιπεῖν
2043 2355 2220 2444 αὐτῷ

220 2479 272 2520 20
299 2461 422 2542 τὴν
486 2460 845 2541 βασιλείαν.
936 2462 1055 2526 τὸν
1113 2456 1188 2525 δὲ
1242 2463 1673 2544 παιδαγωγὸν
1729 2461 2220 2546 ὀνομαζόμενον

299 2568 515 2652 Κριὸν
560 2571 851 2649 τυθῆναι
896 2577 1034 2642 τοῖς
1079 2573 1297 2650 θεοῖς,
1344 2566 1456 2632 καὶ
1508 2577 1629 2634 τοῦ
1688 2571 1987 2653 σώματος
2032 2568 2222 2635 ἐκδα-

298 2671 528 2760 ρέντος
591 2676 1115 2758 προσηλωθῆναι
1178 2681 1268 2760 τῷ
1332 2683 1463 2763 νεῷ
1527 2678 1601 2740 τὸ
1668 2673 1877 2761 δέρμα
1939 2678 2102 2742 κατά
2159 2700 2223 2741 τι

193 2802 294 2852 291
312 2784 617 2865 νόμιμον.
665 2780 825 2864 μετὰ
863 2775 938 2844 δὲ
984 2788 1188 2844 ταῦτα
1225 2782 1440 2866 Αἰήτῃ
1487 2781 1853 2866 γενομένου
1897 2790 2220 2869 χρησμοῦ,
2256 2805 2289 2853 6

297 2883 451 2952 καθ’
496 2886 576 2951 ὃν
622 2885 1012 2971 ἐσημαίνετο
1049 2889 1175 2951 τότε
1219 2890 1635 2972 τελευτήσειν
1683 2890 1889 2954 αὐτὸν
1926 2890 2085 2953 ὅταν
2124 2887 2221 2965 ξέ-

220 3010 271 3051 25
298 3017 406 3059 νοι
442 2994 1006 3070 καταπλεύσαντες
1042 2994 1118 3057 τὸ
1155 3002 1275 3058 τοῦ
1304 2997 1520 3080 Κριοῦ
1560 2994 1752 3080 δέρος
1789 2993 2222 3076 ἀπενέγκωσι,

298 3100 416 3164 τὸν
462 3096 737 3182 βασιλέα
782 3097 948 3184 φασὶ
1002 3100 1277 3183 τειχίσαι
1323 3103 1399 3167 τὸ
1444 3099 1712 3185 τέμενος
1756 3098 1867 3165 καὶ
1912 3100 2222 3185 φρουρὰν

441 3262 468 3310 1
510 3251 728 3318 ἄυπνος
767 3256 968 3326 scripsi
1002 3257 1072 3326 (c.
1111 3261 1198 3325 48,
1239 3257 1313 3324 3),
1353 3252 1547 3318 αὐτοῖς
1583 3257 1717 3312 libri
1833 3263 1868 3309 4
1905 3257 2017 3325 πῦρ
2055 3261 2221 3310 πνεῖν

296 3328 429 3383 libri
583 3332 614 3381 8
665 3323 865 3396 ὁμοίας
910 3327 1003 3398 δὲ]
1051 3323 1107 3381 δ’
1149 3323 1350 3396 ὁμοίας
1395 3326 1548 3397 vulg.
1751 3333 1815 3381 12
1863 3327 2124 3398 ναυτιλίᾳ
2169 3325 2220 3379 D

295 3405 361 3455 22
402 3398 542 3472 νεῷ]
578 3399 702 3471 θεῷ
741 3397 983 3465 codices»,
1019 3399 1214 3468 templo
1250 3397 1497 3467 Poggius
1606 3400 1683 3471 τι]
1723 3394 1786 3453 τὸ
1825 3399 1873 3453 D
1937 3422 1942 3427 ·
1983 3403 2054 3453 24
2092 3395 2222 3466 ἐσή-

295 3489 461 3540 μαινε
491 3469 539 3523 D
630 3466 757 3525 τότε
797 3469 925 3524 add.
962 3469 1131 3524 Dind.
1242 3474 1311 3524 26
1350 3466 1493 3537 φασὶ
1529 3469 1629 3525 τὸν
1648 3467 1901 3596 ἃβασιλέα
1938 3470 2223 3541 χρυσῶσαι

294 3538 355 3596 τὸ
396 3540 568 3611 δέρας
605 3539 703 3595 καὶ
742 3537 1001 3611 φρουρὰν
1043 3536 1475 3610 ἐγκαταστῆσαι,
1513 3542 1611 3596 ἵνα
1686 3538 1746 3597 ια
1784 3541 1854 3596 11.
