2569 4061
1132 349 1210 404 IV
1250 354 1315 402 12
2073 347 2205 412 415

279 511 539 596 ὄμβρον
577 508 916 594 ἐκχέουσα,
967 506 1054 575 δι’
1101 505 1184 575 οὑ
1220 512 1380 587 τοὺς
1423 505 1547 594 μὲν
1592 515 2037 594 τετρασκελεῖς
2083 509 2206 574 οὐκ

279 618 582 699 ἔβλαπτε,
630 625 720 704 τῷ
760 613 834 681 δὲ
873 617 1072 681 δυσὶν
1118 615 1487 704 ἠρεισμένῳ
1535 615 1793 681 σκέλεσι
1838 617 1960 700 τὴν
2005 617 2206 699 βάσιν

277 721 656 808 ὀλισθηρὰν
699 723 1188 801 κατεσκεύαζεν.
1264 717 1410 787 ἀλλ’
1454 723 1631 806 ὅμως
1676 725 1833 798 τοὺς
1877 724 2207 799 τοιούτοις

275 831 730 914 προτερήμασι
794 833 1358 906 πλεονεκτοῦντας
1411 825 1743 915 εΗρακλῆς
1813 828 2207 914 παραδόξως

222 954 249 994 5
276 937 806 1018 κατηγωνίσατο,
870 933 982 1001 καὶ
1039 938 1198 1012 τοὺς
1257 932 1381 1020 μὲν
1439 938 1791 1012 πλείστους
1845 933 2204 1019 ἀπέκτεινε,

276 1043 433 1117 τοὺς
500 1037 560 1105 δ’
615 1039 1152 1126 ὑπολειφθέντας
1212 1051 1458 1125 φυγεῖν
1514 1040 1862 1124 ἠνάγκασε.
1952 1051 2086 1105 τῶν
2136 1039 2197 1105 δ’
2246 1043 2275 1090 7

16 1170 19 1193 ³
279 1145 776 1233 ἀναιρεθέντων
838 1148 1255 1234 Κενταύρων·
1321 1147 1623 1233 ὑπῆρχον
1696 1145 2207 1232 ἐπιφανέστατοι

16 1196 19 1299 ,
277 1254 550 1337 Δάφνις
592 1253 706 1319 καὶ
745 1248 1038 1341 Ἀργεῖος
1081 1252 1191 1319 καὶ
1232 1252 1553 1339 Ἀμφίων,
1602 1255 1698 1318 ἔτι
1744 1249 1819 1318 δὲ
1854 1250 2206 1318 Ἱπποτίων

16 1422 19 1453 ᾖ
276 1358 387 1424 καὶ
415 1358 677 1446 Ὄρειος
721 1359 832 1425 καὶ
870 1358 1174 1444 Ἰσοπλὴς
1218 1359 1331 1425 καὶ
1374 1363 1874 1444 Μελαγχαίτης,
1920 1361 2085 1445 πρὸς
2132 1356 2206 1424 δὲ

16 1460 17 1463 ’
64 1512 73 1515 -
194 1485 248 1525 10
275 1465 540 1542 τούτοις
588 1468 846 1550 Θηρεὺς
898 1463 1009 1530 καὶ
1064 1467 1366 1532 Δούπων
1417 1465 1529 1532 καὶ
1591 1465 1852 1552 Φρίξος.
1943 1477 2077 1531 τῶν
2134 1461 2209 1530 δὲ

278 1572 753 1655 διαφυγόντων
779 1572 900 1635 τὸν
925 1572 1251 1636 κίνδυνον
1277 1572 1564 1659 ὕστερον
1592 1571 1865 1649 ἕκαστος
1892 1573 2209 1658 τιμωρίας

275 1675 561 1758 ἠξιώθη·
619 1673 908 1758 Ὅμαδος
964 1672 1086 1760 μὲν
1140 1678 1269 1762 γὰρ
1326 1676 1401 1742 ἐν
1448 1675 1762 1764 Ἀρκαδία
1815 1678 1940 1760 τὴν
1986 1678 2208 1761 Εὐρυ-

277 1778 498 1857 σθέως
535 1780 835 1864 ἀδελφὴν
873 1779 1241 1866 Ἀλκυόνην
1277 1785 1666 1867 βιαζόμενος
1703 1782 2021 1869 ἀνῃρέθη.
2093 1781 2198 1867 ἐφ’

279 1878 332 1975 ᾧ
372 1884 621 1970 συνέβη
659 1893 1146 1972 θαυμασθῆναι
1189 1889 1311 1953 τὸν
1346 1886 1679 1975 Ἡρακλέα
1725 1891 2203 1975 διαφερόντως·

194 2013 247 2055 15
275 1993 395 2059 τὸν
459 1989 584 2078 μὲν
644 1995 773 2081 γὰρ
840 1992 1091 2079 ἐχθρὸν
1152 1991 1298 2060 κατ’
1353 1995 1534 2062 ἰδίαν
1589 1994 1890 2081 ἐμίσησε,
1954 1995 2076 2079 τὴν
2137 1991 2199 2059 δ’

16 2083 19 2186 ᾗ
275 2098 720 2185 ὑβριζομένην
749 2101 952 2166 ἐλεῶν
988 2100 1304 2188 ἐπιεικείᾳ
1343 2101 1691 2188 διαφέρειν
1724 2102 2206 2185 ὑπελάμβανεν.

280 2207 458 2271 ἴδιον
506 2205 586 2271 δέ
625 2230 689 2272 τι
737 2205 988 2290 συνέβη
1036 2206 1147 2271 καὶ
1193 2206 1345 2294 περὶ
1391 2209 1511 2272 τὸν
1547 2204 1958 2293 εΗρακλέους
2003 2210 2207 2292 φίλον
2244 2210 2277 2259 8

164 2314 397 2387 259τὸν
443 2313 934 2398 ὀνομαζόμενον
986 2314 1228 2378 Φόλον.
1305 2307 1502 2390 οὗτος
1544 2315 1672 2399 γὰρ
1721 2313 1833 2377 διὰ
1878 2313 2002 2396 τὴν
2048 2331 2207 2396 συγ-

277 2418 542 2500 γένειαν
587 2420 867 2485 θάπτων
910 2422 1070 2495 τοὺς
1115 2422 1537 2496 πεπτωκότας
1583 2419 2047 2504 Κενταύρους,
2093 2418 2205 2484 καὶ

194 2544 250 2584 2⁰
279 2523 472 2608 βέλος
516 2528 589 2590 ἔκ
632 2548 815 2602 τινος
851 2524 1150 2610 ἐξαιρῶν,
1189 2525 1320 2591 ὑπὸ
1357 2534 1473 2609 τῆς
1510 2524 1740 2601 ἀκίδος
1777 2525 2051 2610 ἐπλήγη,
2096 2524 2207 2590 καὶ

277 2632 352 2695 τὸ
398 2640 659 2717 τραῦμα
703 2635 875 2716 ἔχων
921 2631 1198 2697 ἀνίατον
1244 2631 1684 2716 ἐτελεύτησεν.
1761 2630 1842 2696 ὃν
1879 2628 2208 2718 Ἡρακλῆς

276 2742 790 2823 μεγαλοπρεπῶς
833 2725 1062 2815 θάψας
1096 2737 1226 2803 ὑπὸ
1264 2740 1339 2803 τὸ
1379 2739 1537 2824 ὅρος
1574 2740 1842 2822 ἔθηκεν,
1890 2737 1926 2803 ὃ
1966 2742 2208 2824 στήλης

277 2842 558 2923 ἐνδόξου
601 2841 836 2926 γέγονε
881 2854 1210 2930 κρεῖττον·
1263 2847 1489 2928 Φολόη
1535 2846 1664 2930 γὰρ
1712 2844 2206 2929 ὀνομαζόμενον

278 2949 391 3013 διὰ
444 2958 560 3033 τῆς
615 2947 992 3034 ἐπωνυμίας
1038 2950 1277 3033 μηνύει
1322 2953 1441 3015 τὸν
1485 2949 1778 3034 ταφέντα
1823 2949 1934 3015 καὶ
1981 2952 2064 3016 ού
2112 2946 2200 3016 δι’

195 3072 250 3114 25
280 3053 669 3140 ἐπιγραφῆς.
778 3055 1022 3140 ὁμοίως
1088 3051 1162 3121 δὲ
1226 3054 1337 3121 καὶ
1403 3058 1711 3142 Χείρωνα
1773 3058 1892 3121 τὸν
1957 3054 2063 3121 ἐπὶ
2125 3065 2204 3141 τῇ

283 3161 550 3245 ἰατρικῇ.
605 3164 1121 3246 θαυμαζόμενον
1186 3161 1516 3239 ἀκουσίως
1578 3162 1777 3241 τόξου
1839 3164 2006 3245 βολῇ
2074 3158 2206 3225 διέ-

281 3393 348 3443 13
388 3385 734 3475 βιασάμενος
769 3391 921 3459 vulg.
1078 3394 1149 3443 14
1183 3393 1365 3459 θαυμ.
1404 3389 1615 3459 συνέβη
1652 3389 1805 3458 vulg.
1963 3394 2029 3444 16
2067 3383 2205 3443 ὑπε-

275 3457 601 3549 λαμβάνετο
638 3461 898 3516 Hertlein
974 3465 1038 3514 17
1082 3458 1182 3515 καὶ
1220 3478 1327 3517 om
1365 3461 1518 3529 vulg
1593 3466 1662 3515 20
1703 3407 1945 3526 ἐξάίρων
1983 3459 2205 3514 codices

277 3536 345 3585 21
388 3550 456 3585 ον
485 3528 631 3603 Ηρ.]
672 3526 703 3586 ὃ
742 3527 800 3586 δ’
834 3527 951 3619 Ηρ.
992 3527 1173 3586 αὑτὸν
1212 3530 1303 3585 ΟΕ
1447 3538 1515 3585 22
1556 3529 1783 3600 ἔθαψεν
1820 3531 1873 3585 ΙΙ
1991 3528 2138 3600 ἔθηκ
2143 3549 2205 3584 εν

280 3618 390 3656 om.
428 3601 482 3656 Π
627 3608 696 3657 23
739 3600 958 3673 Φολόην
996 3602 1044 3654 D
1193 3610 1263 3658 24
1300 3598 1628 3674 ὁμωνυμίας
1662 3602 1716 3655 II
1817 3599 2055 3672 μηνύειν
2066 3550 2203 3656 DF.

461 3322 493 3370 2
552 3320 711 3372 δυεῖν
749 3317 798 3371 D
983 3324 1014 3371 3
1074 3315 1319 3389 τοὺς]τ
1290 3324 1409 3381 τῖος
1459 3318 1611 3388 vulg.
1796 3323 1860 3372 12
1914 3314 2120 3405 ὅμαλος
2157 3317 2204 3369 D
