2569 4061
366 216 495 281 258
1031 213 1339 270 DIODORI
1377 212 1611 269 SICULI

366 375 488 464 μὲν
561 373 685 443 οὖν
755 386 1021 463 πρῶτον
1094 376 1256 460 μετά
1326 397 1512 453 τινος
1572 385 1708 440 τῶν
1773 376 2297 440 συνεαλωκότων

368 486 731 567 ἀπεδείχθη
770 484 1035 567 νομεύς,
1080 483 1365 568 ὕστερον
1404 480 1468 547 δ’
1509 482 1644 548 ὑπό
1689 505 1895 548 τινων
1931 483 2296 547 Αἰθιόπων

365 591 526 674 μετὰ
592 598 714 660 τοῦ
774 592 1099 667 συνόντος
1161 587 1552 674 λῃστευθεὶς
1612 588 1880 673 ἀπήχθη
1945 590 2112 675 πρὸς
2167 589 2295 670 τὴν

293 720 326 768 3
364 697 906 783 παραθαλάττιον
962 704 1079 780 τῆς
1122 697 1505 772 Αὐθιοπίας.
1598 690 1788 761 οὗτοι
1834 691 1907 760 δὲ
1954 694 2294 781 συνηρπά-

363 820 578 888 γησαν
633 806 728 880 εἰς
780 804 1133 888 καθαρμὸν
1186 810 1303 886 τῆς
1347 802 1597 890 χώρας,
1645 805 1832 880 ὄντες
1878 801 2288 879 ἀλλοεθνεῖς.
2322 823 2352 863 5

364 913 650 996 νόμιμον
678 911 806 995 γὰρ
832 904 920 992 ἦν
948 919 1089 985 τοῖς
1114 909 1274 994 τῇδε
1309 917 1737 974 κατοικοῦσιν
1766 910 2057 986 Αἰθίοψι
2083 929 2294 992 παρα-

366 1013 732 1102 δεδομένον
787 1015 859 1080 ἐκ
903 1020 1204 1080 παλαιῶν
1247 1017 1544 1101 χρόνων,
1591 1025 1913 1101 χρησμοῖς
1959 1021 2143 1080 θεῶν
2186 1038 2294 1080 κε-

364 1123 776 1211 κυρωμένον,
825 1123 937 1187 διὰ
973 1133 1224 1205 γενεῶν
1263 1119 1385 1207 μὲν
1421 1128 1695 1204 εἴκοσιν,
1743 1120 1911 1186 ἐτῶν
1960 1117 2025 1186 δ’
2070 1119 2293 1200 ἑξακο-

365 1233 562 1312 σίων,
640 1236 757 1311 τῆς
833 1237 1066 1310 γενεᾶς
1139 1227 1645 1314 ἀριθμουμένης
1714 1235 2292 1311 τριακονταετοῦς·

364 1341 484 1399 τοῦ
540 1330 615 1399 δὲ
665 1340 1023 1421 καθαρμοῦ
1086 1332 1449 1418 γινομένου
1504 1332 1703 1399 δυσὶν
1760 1333 2149 1419 ἀνθρώποις
2202 1328 2290 1417 ἧν
2321 1356 2375 1395 10

363 1440 590 1517 αὐτοῖς
633 1442 987 1527 πλοιάριον
1030 1439 1642 1525 κατεσκευασμένον
1677 1447 1769 1528 τῷ
1815 1438 2087 1524 μεγέθει
2126 1439 2290 1523 σύμ-

362 1571 626 1634 μετρον,
671 1549 831 1625 τούς
873 1545 930 1613 τ’
976 1547 1050 1614 ἐν
1093 1557 1172 1634 τῇ
1209 1549 1510 1633 θαλάττῃ
1555 1558 1881 1632 χειμῶνας
1926 1545 2290 1632 ἀναφέρειν

365 1656 599 1740 ἰσχῦον
671 1653 784 1720 καὶ
857 1655 1105 1742 ῥᾳδίως
1184 1655 1314 1720 ὑπὸ
1391 1656 1589 1720 δυοῖν
1668 1653 2052 1739 ἀνθρώπων
2122 1652 2290 1737 ὑπη-

363 1767 702 1847 ρετεῖσθαι
766 1762 1173 1845 δυνάμενον·
1237 1762 1333 1837 εἰς
1396 1756 1473 1824 δὲ
1516 1768 1715 1826 τοῦτο
1770 1759 2032 1845 τροφὴν
2088 1757 2291 1823 δυσὶν

363 1866 751 1952 ἀνθρώποις
788 1868 1025 1951 ἱκανὴν
1061 1869 1158 1945 είς
1201 1866 1269 1946 ἓξ
1316 1861 1535 1952 μῆνας
1564 1866 1937 1952 ἐνθέμενοι,
1983 1863 2094 1931 καὶ
2129 1867 2290 1941 τοὺς
2320 1885 2373 1926 15

363 1975 614 2062 ἄνδρας
659 1973 1163 2060 ἐμβιβάσαντες,
1207 1972 1656 2061 προσέταττον
1703 1973 2072 2057 ἀνάγεσθαι
2123 1974 2291 2038 κατὰ

360 2082 480 2148 τὸν
525 2086 839 2170 χρησμόν.
913 2068 1121 2148 πλεῖν
1152 2078 1226 2147 δὲ
1281 2081 1736 2148 διεκελεύοντο
1781 2081 1951 2165 πρὸς
2002 2082 2127 2163 τὴν
2178 2103 2290 2163 με-

291 2210 326 2257 4
363 2191 722 2275 σημβρίαν·
782 2188 964 2273 ἥξειν
1017 2191 1144 2276 γὰρ
1202 2189 1447 2266 αὐτοὺς
1502 2189 1597 2264 εἰς
1649 2196 1861 2273 νῆσον
1921 2186 2291 2270 εὐδαίμονα

361 2292 472 2359 καὶ
520 2293 823 2373 ἐπιεικεῖς
869 2294 1303 2380 ἀνθρώπους,
1349 2287 1507 2378 παρ’
1560 2285 1662 2371 οἷς
1713 2295 2052 2378 μακαρίως
2107 2295 2291 2376 ζήσε-

363 2406 544 2465 σθαι.
610 2401 854 2485 ὁμοίως
901 2398 976 2465 δὲ
1018 2398 1130 2464 καὶ
1175 2402 1249 2464 τὸ
1290 2398 1545 2465 ἑαυτῶν
1590 2402 1794 2477 ἔθνος
1838 2402 2121 2484 ἔφασαν,
2170 2399 2290 2464 ἐὰν
2318 2419 2373 2459 20

362 2500 485 2588 μὲν
522 2505 594 2568 οἱ
631 2503 1050 2589 πεμφθέντες
1087 2507 1181 2582 εἰς
1215 2506 1341 2588 τὴν
1380 2513 1592 2589 νῆσον
1630 2506 2093 2587 διασωθῶσιν,
2146 2503 2288 2583 ἐξα-ὶ

360 2611 608 2675 κοσίων
645 2610 811 2676 ἐτῶν
857 2612 1124 2697 εἰρήνης
1158 2609 1271 2676 καὶ
1316 2613 1471 2696 βίου
1507 2613 1674 2678 κατὰ
1717 2621 1852 2677 πᾶν
1889 2611 2289 2695 εὐδαίμονος

362 2716 791 2783 ἀπολαύσειν·
863 2719 928 2782 εἰ
998 2715 1072 2783 δὲ
1143 2714 1665 2801 καταπλαγέντες
1736 2720 1811 2784 τὸ
1884 2726 2090 2803 μῆκος
2163 2727 2288 2783 τοῦ

360 2823 690 2905 πελάγους
749 2825 844 2901 εἰς
904 2823 1198 2890 τούπίσω
1261 2827 1655 2909 ποιήσονται
1714 2827 1835 2891 τὸν
1892 2831 2138 2908 πλοῦν,
2195 2825 2288 2902 ὡς

361 2930 619 3014 ἀσεβεῖς
670 2929 782 2996 καὶ
838 2935 1179 3016 λυμεῶνας
1239 2932 1403 2997 ὅλου
1456 2940 1577 2997 τοῦ
1632 2935 1880 3009 ἔθνους
1938 2933 2285 3017 τιμωρίαις
2314 2950 2368 2992 25

291 3063 322 3110 5
360 3045 863 3125 περιπεσεῖσθαι
890 3049 1033 3116 ταῖς
1061 3041 1413 3124 μεγίσταις.
1459 3041 1616 3116 τοὺς
1644 3034 1768 3124 μὲν
1797 3034 1924 3104 οὖν
1945 3039 2284 3115 Αὐθίοπάς

359 3162 525 3230 φασι
570 3146 865 3230 μεγάλην
908 3147 1287 3231 πανήγυριν
1333 3144 1606 3228 ἀγαγεῖν
1651 3147 1829 3231 παρὰ
1873 3148 1997 3229 τὴν
2034 3147 2395 3217 θάλατ-168

356 3273 502 3334 ταν,
546 3251 657 3317 καὶ
702 3253 950 3329 θυσίας
984 3256 1501 3337 μεγαλοπρεπεῖς
1548 3251 2047 3330 ἐπιτελέσαντας
2081 3276 2281 3318 κατα-

501 3410 533 3456 6
587 3403 757 3472 τήνδε
814 3407 863 3461 D
1009 3413 1041 3460 9
1096 3402 1385 3478 τριάκοντ’
1427 3404 1523 3475 ἔτη
1569 3407 1664 3460 DF
1814 3414 1879 3462 12
1935 3403 2018 3479 τ’]
2075 3404 2135 3463 δ’
2178 3409 2287 3464 OF

357 3474 424 3521 27
463 3471 712 3541 μεγάλην
751 3475 891 3542 φασὶ
927 3476 1079 3547 vulg.
