2569 4061
396 246 527 311 372
1062 244 1368 301 DIODORI
1407 244 1641 300 SICULI

393 413 652 476 τελείαν
707 408 988 492 αὔξησιν
1043 410 1446 491 ποιήσαντος
1500 408 1885 492 ἀπενεγκεῖν
1939 409 2016 474 τὸ
2075 405 2343 491 βρέφος

325 540 358 587 6
396 519 490 594 εἰς
535 518 777 579 Νῦσαν
822 522 938 598 τῇς
986 513 1313 600 Ἀραβίας.
1405 513 1699 579 ἐνταῦθα
1747 508 1809 579 δ’
1861 514 1992 580 ὑπὸ
2039 523 2341 597 νυμφῶν

392 619 727 706 τραφέντα
764 622 885 688 τὸν
931 622 1139 686 παῖδα
1183 628 1816 707 προσαγορευθῆναι
1861 616 1983 705 μὲν
2030 618 2158 684 ἀπὸ
2204 628 2338 684 τοῦ

394 729 642 811 πατρὸς
697 723 810 793 καὶ
855 735 978 792 τοῦ
1021 729 1230 792 τόπου
1278 727 1647 808 Διόνυσον,
1702 729 2070 810 γενόμενον
2117 720 2192 790 δὲ
2238 726 2335 813 τῷ

394 835 620 898 κάλλει
682 834 1017 919 διάφορον
1079 834 1155 898 τὸ
1220 828 1342 915 μὲν
1403 840 1671 917 πρῶτον
1735 831 1810 897 έν
1867 834 2157 918 χορείαις
2213 829 2337 894 καὶ
2369 857 2398 897 5

397 951 737 1023 γυναικῶν
781 940 1052 1015 θιάσοις
1096 937 1207 1003 καὶ
1252 940 1640 1024 παντοδαπῇ
1687 947 1912 1025 τρυφῇ
1947 936 2058 1004 καὶ
2095 936 2334 1024 παιδιᾷ

399 1049 755 1112 διατελεῖν·
796 1047 959 1130 μετὰ
988 1041 1298 1110 δὲταῦτα
1327 1047 1779 1131 στρατόπεδον
1819 1046 1890 1112 ἐκ
1926 1057 2061 1111 τῶν
2099 1069 2334 1129 γυναι-

400 1163 538 1218 κῶν
585 1153 1050 1235 συναγαγόντα
1094 1149 1206 1216 καὶ
1250 1152 1538 1236 θύρσοις
1582 1156 2088 1217 καθοπλίσαντα
2135 1168 2327 1236 στρα-

332 1282 362 1330 7
402 1262 586 1323 τείαν
627 1255 735 1322 ἐπὶ
772 1265 991 1322 πᾶσαν
1032 1261 1447 1341 ποιήσασθαι
1487 1259 1610 1341 τὴν
1652 1257 2072 1342 οἰκουμένην.
2137 1282 2329 1324 κατα-

403 1365 612 1442 δεῖξαι
668 1359 742 1427 δὲ
796 1361 909 1428 καὶ
963 1364 1045 1427 τὰ
1097 1361 1251 1449 περὶ
1305 1366 1422 1442 τὰς
1465 1368 1726 1442 τελετὰς
1770 1365 1882 1431 καὶ
1928 1368 2332 1450 μεταδοῦναι
2364 1389 2420 1429 10

397 1480 535 1534 τῶν
590 1472 980 1555 μυστηρίων
1033 1481 1174 1547 τοῖς
1228 1470 1530 1556 εὐσεβέσι
1585 1482 1721 1536 τῶν
1780 1471 2164 1557 ἀνθρώπων
2221 1469 2334 1536 καὶ

404 1578 668 1642 δίκαιον
726 1579 880 1660 βίον
943 1576 1251 1661 ἀσκοῦσι,
1313 1579 1480 1663 πρὸς
1540 1574 1613 1644 δὲ
1671 1579 1934 1656 τούτοις
1991 1589 2331 1664 πανταχοῦ

405 1684 813 1770 πανηγύρεις
859 1685 1047 1767 ἄγειν
1092 1684 1203 1750 καὶ
1249 1687 1614 1769 μουσικοὺς
1659 1685 1920 1770 ἀγῶνας
1966 1691 2331 1769 συντελεῖν,

403 1790 514 1856 καὶ
559 1793 634 1855 τὸ
682 1791 975 1856 σύνολον
1021 1792 1399 1856 συλλύοντα
1444 1793 1525 1856 τὰ
1570 1795 1753 1876 νείκη
1790 1803 1925 1857 τῶν
1961 1791 2185 1857 ἐθνῶν
2220 1790 2332 1857 καὶ

404 1900 663 1962 πόλεων
692 1895 841 1962 ἀντὶ
867 1908 1003 1962 τῶν
1032 1898 1330 1963 στάσεων
1356 1895 1467 1963 καὶ
1494 1909 1630 1962 τῶν
1666 1898 1974 1983 πολέμων
2011 1898 2330 1982 ὁμόνοιαν
2361 1919 2417 1961 15

306 2004 392 2070 65
413 2003 524 2071 καὶ
585 2005 843 2089 πολλὴν
907 2005 1181 2090 εἰρήνην
1243 2005 1767 2083 κατασκευάζειν.
1861 2006 2332 2090 διαβοηθείσης

407 2108 480 2176 δὲ
526 2113 690 2177 κατὰ
734 2113 949 2177 πάντα
995 2113 1204 2178 τόπον
1248 2120 1366 2193 τῆς
1409 2120 1532 2177 τοῦ
1576 2118 1748 2177 θεοῦ
1789 2116 2177 2197 παρουσίας,
2222 2108 2332 2176 καὶ

407 2219 581 2282 διότι
647 2227 852 2283 πᾶσιν
918 2218 1217 2294 ἐπιεικῶς
1278 2221 1824 2302 προσφερόμενος
1886 2219 2099 2284 πολλὰ
2172 2234 2332 2301 συμ-

407 2326 720 2408 βάλλεται
794 2326 961 2411 πρὸς
1022 2325 1146 2408 τὴν
1209 2323 1613 2411 ἐξημέρωσιν
1675 2332 1797 2389 τοῦ
1857 2333 2094 2389 κοινοῦ
2156 2327 2331 2408 βίου,

406 2429 738 2515 πανδημεὶ
801 2440 1141 2496 συναντᾶν
1204 2431 1381 2518 αὐτῷ
1446 2430 1558 2496 καὶ
1621 2429 2112 2516 προσδέχεσθαι
2175 2432 2332 2515 μετὰ
2358 2452 2411 2492 20

341 2555 373 2602 2
412 2541 662 2618 πολλῇς
720 2546 941 2621 χαρᾶς.
1043 2536 1291 2618 ὀλίγων
1351 2532 1412 2601 δ’
1475 2538 1690 2602 ὄντων
1747 2548 1881 2602 τῶν
1943 2535 2031 2602 δι’
2094 2537 2332 2623 ὑπερη-

408 2644 659 2726 φανίαν
686 2640 796 2707 καὶ
829 2641 1137 2724 ἀσέβειαν
1164 2645 1773 2727 καταφρονούντων
1800 2642 1910 2709 καὶ
1939 2647 2331 2729 φασκόντων

407 2749 524 2824 τὰς
585 2744 707 2831 μὲν
764 2749 1011 2833 βάκχας
1071 2745 1158 2813 δι’
1211 2748 1537 2833 ἀκρασίαν
1597 2750 1804 2815 αὐτὸν
1876 2751 2333 2836 περιάγεσθαι,

408 2855 524 2932 τὰς
571 2850 644 2919 δὲ
688 2855 947 2931 τελετὰς
982 2853 1094 2920 καὶ
1137 2856 1217 2920 τὰ
1254 2858 1583 2941 μυστήρια
1630 2863 1897 2942 φθορᾶς
1941 2857 2136 2922 ἕνεκα
2180 2868 2310 2922 τῶν
2330 2879 2431 2928 234

411 2961 780 3046 ἀλλοτρίων
816 2973 1154 3044 γυναικῶν
1190 2963 1713 3046 καταδεικνύειν,
1750 2965 2148 3042 κολάζεσθαι
2182 2967 2332 3040 τοὺς
2358 2981 2407 3022 26

342 3089 374 3137 3
411 3070 758 3144 τοιούτους
793 3065 906 3133 ὑπ’
945 3067 1152 3133 αὐτοῦ
1187 3076 1602 3154 παραχρῆμα.
1679 3068 1890 3134 ἐνίοτε
1936 3069 2064 3154 γὰρ
2109 3078 2189 3155 τῇ
2222 3079 2333 3152 τῇς

410 3178 603 3251 θείας
649 3174 914 3258 φύσεως
967 3174 1259 3260 ὑπεροχῇ
1314 3175 1658 3260 χρώμενον
1701 3181 2141 3261 τιμωρεῖσθαι
2185 3179 2333 3253 τοὺς

414 3278 706 3362 ἀσεβεῖς,
753 3276 911 3344 ποτὲ
958 3276 1081 3363 μὲν
1127 3279 1354 3356 αὐτοῖς
1399 3278 1811 3364 ἐμβάλλοντα
1857 3284 2127 3365 μανίαν,
2182 3279 2331 3347 ποτε

596 3440 660 3486 13
696 3429 1043 3503 πανηγύρεις
1091 3429 1255 3503 ἄγειν
1301 3435 1596 3502 πανταχοῦ
1636 3435 1684 3488 D
1868 3441 1936 3489 14
1982 3435 2054 3491 τὰ
2100 3437 2329 3505 Bekker‚

412 3497 482 3549 τά
520 3520 579 3553 τε
618 3503 748 3554 libri
896 3509 961 3557 16
999 3501 1453 3574 παρασκευάζειν
1490 3504 1542 3557 II
1720 3511 1788 3560 27
1827 3508 1998 3569 θείας
2035 3524 2143 3563 om.
2184 3508 2328 3578 vulg.
