2569 4061
758 314 854 369 DE
895 312 1242 371 SERMONE
1278 312 1677 372 DIODOREO.
2002 315 2181 371 XLIX

243 475 442 563 20³⁸),
488 484 560 542 ut
605 478 912 541 ἀνείλαντο
961 480 1121 558 apud
1165 481 1451 542 Photium
1493 485 1595 557 36,
1637 485 1696 557 4,
1734 483 1794 543 4.
1868 482 2028 541 Nam
2073 484 2189 544 etei

239 579 572 641 indicativi
614 598 736 639 non
781 579 977 639 solum
1021 597 1306 655 praesens
1350 579 1414 637 in
1468 601 1558 639 υω
1605 580 1843 657 saepius
1888 581 1983 640 est
2027 580 2190 656 apud

241 678 605 751 Diodorum,
652 679 715 736 et
758 674 1101 754 imperfecti
1154 676 1352 736 forma
1396 678 1612 738 tertiae
1667 677 1994 756 singularis
2040 677 2104 738 in
2148 699 2190 737 υ

242 794 363 854 pro
401 795 474 834 υε
518 791 818 852 nusquam
854 775 1109 850 apparet
1151 773 1270 832 nisi
1308 772 1473 851 apud
1518 773 1804 835 Photium
1842 777 1944 850 31,
1989 778 2090 853 19,
2129 778 2186 850 8,

243 873 360 933 ubi
408 868 667 949 ἐδείκνυ,
711 862 1144 952 participii**)
1194 874 1399 932 tamen
1445 871 1640 931 forma
1683 870 1795 932 illa
1839 891 1959 932 non
1995 872 2187 952 magis

244 988 403 1031 usus
453 971 546 1051 eet
593 988 775 1047 quam
828 968 999 1030 verbi
1055 965 1194 1043 φύω
1250 968 1461 1029 formis
1516 965 1871 1047 ἀναφυῆναι
1924 971 1987 1028 et
2040 966 2187 1029 ἀνα-

245 1063 535 1145 φυέντων
574 1070 632 1144 1,
672 1070 731 1144 7,
768 1067 835 1144 4,
885 1067 944 1144 3,
987 1067 1089 1138 62,
1131 1068 1232 1143 10,
1279 1065 1352 1125 de
1400 1065 1622 1145 quibus
1660 1084 1837 1142 saepe
1876 1066 1961 1126 sie
1997 1066 2187 1127 illatis

246 1164 380 1224 dixi
439 1163 516 1223 ad
561 1164 737 1224 Thes,
795 1162 1090 1238 Stephani
1135 1181 1192 1238 p.
1236 1164 1382 1238 622,
1429 1162 1494 1222 C.
1583 1164 1738 1224 Nam
1803 1162 1987 1223 etiam
2032 1164 2186 1223 Pau-

247 1261 462 1322 saniae
509 1260 725 1321 iisdem
769 1258 1102 1321 abstinenti
1137 1256 1492 1339 ἀναφυῆναι
1538 1260 1774 1321 affinxit
1818 1260 1962 1321 libri
2007 1260 2185 1321 unius

247 1358 542 1419 librarius
584 1360 641 1437 2,
680 1360 784 1436 31,
821 1358 879 1417 8.

436 1453 755 1535 Διόσκοροι
792 1454 1067 1533 quamvis
1107 1453 1294 1513 semel
1328 1458 1570 1516 tantum
1605 1456 1963 1536 iterumque,
2011 1461 2073 1519 et
2107 1476 2182 1518 ne

247 1554 330 1613 ab
379 1552 606 1629 optimo
653 1553 900 1631 quidem
942 1550 1118 1627 libre,
1166 1554 1475 1639 servatum
1519 1552 1784 1614 Diodoro
1840 1556 2185 1615 eonstanter

246 1669 387 1712 esse
453 1650 892 1711 restituendum
953 1668 1075 1710 non
1129 1648 1435 1709 dubitabit
1494 1650 1598 1728 qui
1650 1650 1812 1710 idem
1863 1651 1961 1713 vel
2020 1650 2185 1728 apud

247 1747 645 1827 Pausaniam,
700 1748 805 1807 sed
862 1747 1048 1808 semel
1104 1748 1345 1806 tantum
1400 1746 1717 1824 iterumve,
1771 1746 1835 1806 in
1879 1749 2182 1811 nonnullis

245 1846 418 1905 oei-te
483 1849 793 1907 servatum
857 1835 1266 1923 viderit***).
1359 1842 1444 1902 Et
1504 1843 1589 1902 sie
1646 1842 2042 1923 Διοσκορίὸης
2082 1846 2181 1921 19,

252 1946 362 2018 62,
412 1947 447 2004 7
489 1947 551 2003 et
589 1947 655 2023 9,
716 1946 819 2021 19,
859 1944 961 2021 68,
999 1943 1039 2001 4
1101 1943 1346 2002 tantum
1398 1959 1520 2001 nou
1577 1960 1808 2020 omneS,
1877 1941 1991 2001 etsi
2044 1959 2180 2002 cou-

249 2042 527 2104 sentiunt
579 2043 643 2102 in
696 2038 1092 2120 Διοσκουριὰς
1150 2042 1251 2117 13,
1293 2042 1351 2118 3,
1390 2042 1452 2118 4,
1515 2039 1588 2101 de
1625 2058 1752 2117 quo
1796 2040 2019 2117 ubique
2073 2059 2183 2118 per

249 2162 328 2200 ov
376 2139 599 2216 scripto
645 2160 702 2201 v.
748 2140 923 2198 Thes.
971 2137 1280 2214 Stephani.

433 2233 740 2316 Διώρυχος
784 2255 894 2314 pro
943 2233 1234 2314 διώρυγος
1269 2253 1461 2311 quum
1493 2234 1548 2293 D
1587 2234 1941 2310 praebuerit
1982 2239 2039 2314 1,
2079 2239 2181 2313 33,

253 2338 337 2396 12
389 2336 453 2394 et
487 2333 543 2393 A
596 2338 651 2412 1,
699 2336 802 2412 57,
842 2336 900 2410 2,
948 2332 1076 2393 sine
1121 2331 1295 2391 libris
1346 2331 1593 2391 restitui
1636 2334 1691 2408 1,
1738 2332 1841 2409 57,
1880 2334 1947 2408 3,
1990 2334 2045 2410 1,
2076 2334 2179 2409 52,

253 2436 312 2510 2,
358 2432 471 2492 ubi
506 2432 625 2493 duo
664 2431 881 2509 optimi
916 2421 1083 2512 (AB)
1125 2427 1460 2510 διώρυγμα,
1511 2431 1567 2505 1,
1609 2430 1711 2507 63,
1758 2432 1822 2507 1,
1873 2431 1929 2509 1,
1971 2431 2073 2507 65,
2112 2432 2180 2507 4,

252 2533 313 2607 2,
363 2529 427 2606 9,
471 2532 535 2607 2,
583 2533 643 2605 4,
694 2533 796 2608 11,
843 2531 909 2606 4,
957 2531 1019 2602 4,
1060 2528 1161 2605 18,
1202 2531 1267 2606 6,
1315 2529 1375 2604 4,
1413 2529 1516 2606 35,
1555 2528 1623 2606 4,
1674 2528 1776 2605 18,
1814 2530 1920 2606 33,
1959 2530 2025 2605 2,
2078 2530 2177 2605 18,

253 2631 359 2701 73,
399 2630 466 2705 3,
525 2630 625 2704 19,
671 2630 768 2705 13,
807 2630 876 2701 4,
935 2627 1036 2701 20,
1087 2628 1190 2700 94,
1237 2628 1295 2686 5.
1389 2624 1549 2685 Nam
1606 2625 1790 2686 etiam
1844 2626 2006 2705 apud
2066 2626 2177 2686 Po·

249 2726 485 2802 lybium
530 2725 616 2785 sie
659 2728 912 2803 peceant
957 2723 1099 2783 libri
1146 2722 1503 2784 deteriores-
1535 2727 1598 2785 et
1645 2723 1875 2799 Suidas,
1924 2744 2108 2801 quum
2147 2747 2180 2803 χ

430 2910 483 2980 *)
523 2911 586 2965 at
621 2906 894 2979 ἆφείλατο
930 2909 990 2965 in
1024 2908 1075 2962 D
1105 2916 1157 2978 2,
1186 2915 1273 2980 28,
1304 2914 1361 2978 5,
1400 2915 1452 2978 4,
1482 2915 1569 2979 31,
1601 2916 1654 2976 7,
1696 2915 1749 2980 4,
1778 2916 1864 2979 34,
1893 2917 1944 2967 4.

396 2990 488 3059 **)
527 2992 591 3045 at
624 2985 1024 3045 ἀποδεικνύων
1061 2994 1111 3056 2,
1142 2994 1229 3059 21,
1259 2994 1310 3044 4.
1350 3020 1414 3029 -
1457 2987 1753 3059 Sagaciter
1780 2989 2180 3047 animadvertit

248 3068 499 3124 Kaelker
544 3072 621 3140 (p.
660 3071 814 3140 309)=
868 3068 1059 3125 Verba
1112 3068 1172 3123 in
1226 3088 1314 3139 -μι
1368 3068 1501 3121 ante
1554 3066 1782 3123 vocales
1835 3069 2180 3125 infinitivum

248 3149 553 3205 exeuntem
586 3148 803 3203 habent
835 3148 897 3203 in
933 3167 1065 3219 -ειν,
1102 3149 1238 3202 ante
1265 3148 1641 3202 consonantes
1667 3146 1728 3201 in
1757 3169 1908 3205 —vouz
1944 3155 1995 3218 4,
2026 3155 2115 3218 52,
2144 3156 2178 3204 ὅ

248 3224 540 3284 δεικνύειν
577 3224 672 3296 ὥς,
718 3230 916 3284 contra
955 3234 1048 3297 16,
1096 3233 1182 3297 23,
1220 3234 1253 3283 5
1292 3223 1590 3283 δεικνύναι
1626 3223 1771 3283 κατὰ
1806 3225 1869 3285 τὸ
1911 3227 2176 3284 δυνατόν.

247 3308 322 3364 of.
364 3312 449 3375 14,
488 3312 575 3375 90,
614 3312 674 3373 ὅ,
715 3313 799 3376 19,
829 3313 917 3376 37,
954 3311 1014 3374 4,
1057 3311 1141 3375 14,
1180 3311 1267 3374 25,
1306 3311 1358 3363 8.

359 3386 501 3457 ***)
536 3383 779 3456 κούρους
813 3401 1008 3442 omnes
1046 3392 1098 3455 4,
1138 3392 1223 3455 77,
1262 3392 1323 3453 4,
1372 3385 1568 3443 elassis
1616 3386 1865 3442 secunda
1907 3391 1959 3451 4,
1999 3388 2086 3450 61,
2123 3389 2174 3436 3.

396 3527 623 3662 Δὲιὶξρη
664 3535 711 3597 1,
752 3535 799 3596 7,
841 3533 899 3593 ⁷3
936 3534 989 3598 3,
1024 3533 1113 3598 46,
1151 3526 1279 3594 3D;
1326 3532 1386 3595 4,
1426 3532 1513 3598 25,
1551 3534 1583 3582 2
1613 3528 1689 3595 1),
1735 3534 1785 3593 3,
1825 3528 1912 3587 68,
1952 3518 2076 3585 503
2127 3526 2179 3582 3,

247 3614 338 3677 24,
378 3613 410 3661 2
549 3649 562 3662 .

358 3705 615 3748 Drononus
643 3706 681 3747 1.
1822 3682 1859 3731 d
