2569 4061
389 182 486 239 XC
643 215 648 219 -
941 182 1310 240 ARGUMEN
1313 180 1471 239 TUM
1507 180 1646 237 LIB.
1683 182 1777 239 IV.

393 300 501 350 Gap.

571 360 843 415 liberatus
883 360 1133 430 singulos
1172 360 1296 416 adit
1331 360 1570 417 labores.
1637 362 1691 430 1)
1726 359 1974 417 Leonem
2006 359 2068 416 in
2104 361 2320 417 Nemea

572 438 796 495 occidit.
870 443 926 510 2)
961 439 1213 508 Hydram
1249 441 1560 496 Lernaeam
1594 440 1919 511 exstinguit.

394 525 481 573 12.
521 520 576 587 3)
612 518 828 589 Aprum
864 520 1295 591 Erymanthium
1334 520 1504 590 capit.
1579 517 1983 575 Centaurorum
2019 520 2237 576 caedes.

394 604 476 654 13.
514 601 570 669 4)
612 598 849 655 Cervam
884 599 1067 655 aureis
1107 598 1369 655 cornibus
1406 602 1466 655 et
1499 599 1802 655 velocitate
1838 600 2121 670 insignem
2149 600 2318 671 capit.

569 684 623 749 ὅ)
663 683 809 736 Aves
849 698 879 736 e
917 678 1311 750 Stymphalide
1346 678 1556 748 palude
1593 677 1789 749 abigit.
1857 683 1912 748 6)
1940 679 2170 750 Augeae
2208 682 2323 735 sta-

567 761 763 816 bulum
801 761 1092 831 expurgat.
1151 763 1206 829 7)
1242 758 1491 814 Taurum
1520 776 1550 815 e
1580 758 1746 814 Creta
1780 759 1841 814 in
1867 759 2321 829 Peloponnesum

563 841 828 897 traducit.

392 924 474 974 14.
512 918 824 976 Defunctus
862 919 969 973 hoc
1008 917 1317 975 certamine
1354 920 1517 976 ludos
1548 920 1870 991 Olympicos
1908 920 2031 976 Iovi
2065 919 2318 976 instituit

566 999 856 1054 Hercules.
929 998 1056 1067 Ipse
1105 998 1163 1053 in
1210 1000 1363 1055 omni
1402 1000 1772 1056 certaminum
1818 1016 2024 1072 genere
2062 1000 2246 1056 victor
2283 1016 2319 1055 a

567 1079 675 1133 diis
713 1077 1035 1147 deabusque
1074 1095 1310 1134 munera
1340 1079 1578 1150 accipit.v
1621 1079 1816 1135 Obiter
1846 1082 2317 1137 commemoratur

564 1158 786 1214 Nioben
804 1158 1063 1227 primam,
1092 1156 1425 1214 Alcmenam
1453 1162 1796 1229 postremam
1814 1160 2115 1217 mortalem
2143 1160 2316 1216 fuisse

568 1237 639 1292 ab
675 1238 807 1293 Iove
846 1251 1239 1306 compressam.

391 1320 474 1370 15.
513 1315 675 1371 Bello
715 1334 750 1372 a
786 1316 1124 1387 Gigantibus
1162 1318 1223 1374 in
1259 1317 1397 1374 deos
1432 1321 1586 1375 moto
1624 1320 1893 1375 Hercules
1941 1319 2049 1374 diis
2101 1319 2312 1376 auxilio

565 1397 750 1467 venit,
799 1399 858 1453 et
892 1397 977 1453 ita
1014 1399 1347 1454 caelestium
1385 1399 1617 1455 deorum
1651 1401 1891 1456 honores
1938 1400 2313 1469 consequitur.
2413 1439 2418 1444 -

563 1477 962 1534 Prometheum
1017 1479 1240 1535 liberat.
1325 1481 1379 1548 8)
1416 1477 1707 1535 Diomedis
1756 1495 1932 1549 equas
1990 1478 2309 1535 carnivorae

564 1556 773 1615 domat.
845 1558 1304 1630 Argonautarum
1344 1560 1544 1616 socius.

386 1641 471 1691 16.
511 1640 564 1706 9)
601 1638 982 1695 Amazonibus
1011 1639 1177 1696 victis
1204 1639 1556 1710 Hippolytae
1581 1655 1780 1696 zonam
1808 1638 1974 1708 rapit.
2028 1640 2313 1709 Antiopen

562 1719 788 1787 captam
827 1718 972 1773 dono
1010 1720 1168 1773 dedit
1203 1718 1438 1773 Theseo.

386 1801 470 1850 17.
513 1799 603 1866 10)
640 1795 757 1850 Iter
783 1794 842 1849 in
868 1795 1113 1850 Iber-iam
1149 1797 1223 1850 ad
1251 1795 1611 1850 abducendos
1641 1795 1912 1864 Geryonis
1941 1796 2130 1851 boves.
2170 1796 2313 1851 Con-

561 1874 813 1945 gregatis
848 1874 910 1928 in
948 1873 1115 1929 Creta
1152 1874 1363 1943 insula,
1413 1890 1584 1942 quam
1620 1873 1819 1930 bestiis
1855 1877 2094 1945 purgat,
2134 1877 2311 1947 copiis

560 1952 745 2023 primo
772 1951 835 2007 in
862 1952 1104 2022 Libyam
1131 1952 1341 2022 traicit,
1370 1952 1472 2009 ubi
1498 1952 1781 2010 Antaeum
1809 1955 1963 2010 tollit
1989 1958 2310 2026 terramque

562 2051 597 2090 a
632 2033 766 2090 feris
805 2037 865 2091 et
898 2035 1154 2104 tyrannis
1191 2034 1411 2091 liberat.

387 2118 471 2168 18.
511 2115 626 2171 Iter
671 2115 952 2172 convertit
995 2116 1057 2169 in
1102 2116 1426 2186 Aegyptum
1473 2118 1532 2172 et
1578 2116 1893 2172 Busiridem
1941 2116 2169 2174 occidit.
2246 2118 2313 2172 In

559 2195 743 2262 Libya
788 2195 1242 2267 Hecatompylon
1289 2195 1506 2266 condit,
1561 2197 1759 2252 urbem
1809 2198 1942 2266 post
1996 2214 2032 2253 a
2080 2198 2311 2254 Cartha·

561 2274 906 2343 giniensibus
949 2278 1192 2344 captam.
1267 2275 1358 2329 Ad
1393 2275 1602 2332 fretum
1631 2277 1976 2333 Gaditanum
2020 2279 2311 2335 columnas

561 2353 779 2406 statuit.
837 2352 1018 2407 Victis
1049 2353 1377 2423 Chrysaoris
1403 2353 1538 2409 filiis
1566 2357 1739 2413 boves
1769 2357 1966 2426 abigit.
2024 2357 2310 2426 Columnis

559 2429 761 2500 positis
815 2430 1088 2487 Hercules
1144 2433 1353 2487 fretum
1406 2433 1678 2502 mutavit,
1734 2433 1902 2489 sicuti
1956 2434 2306 2493 Thessaliam

561 2510 788 2579 siccam,
825 2511 1136 2581 palustrem
1173 2512 1469 2568 Boeotiam
1502 2512 1770 2568 reddidit.

385 2597 469 2646 19.
508 2589 805 2645 Transitus
842 2590 1103 2646 Herculis
1150 2592 1211 2647 in
1257 2590 1557 2663 Celticam‚
1603 2593 1703 2648 ubi
1739 2592 1991 2649 Alesiam
2036 2593 2235 2651 urbem
2273 2612 2310 2650 a

561 2670 800 2726 Caesare
829 2674 1212 2741 expugnatam
1230 2671 1486 2739 exstruit,
1512 2670 1643 2728 inde
1662 2688 1763 2743 per
1782 2672 1955 2742 Alpes
1985 2672 2046 2729 in
2064 2674 2307 2731 Italiam.

376 2757 465 2807 20.
503 2750 772 2819 Ligurum
822 2766 959 2821 ager
1003 2751 1258 2820 ingratus
1306 2752 1364 2806 et
1412 2750 1539 2807 duri
1583 2753 1830 2821 labores,
1879 2770 2021 2823 quos
2060 2755 2304 2811 subeunt

557 2829 732 2885 etiam
768 2830 1028 2885 feminae.

378 2917 465 2967 21.
504 2908 772 2966 Hercules
802 2909 874 2963 ad
893 2909 1143 2966 Tiberim
1169 2910 1414 2981 benigno
1441 2910 1692 2982 hospitio
1722 2914 2016 2983 exceptus3
2054 2913 2305 2970 decimae

557 2989 789 3046 Herculi
814 2991 982 3045 votae
1002 2991 1392 3061 templumque
1421 2993 1780 3048 exstructum.
1835 2992 1899 3047 In
1918 3008 2181 3062 campum
2201 2993 2307 3048 Cu-

557 3088 780 3126 maeum
800 3070 919 3127 sive
937 3071 1314 3141 Phlegraeum
1331 3088 1659 3142 progressus
1679 3071 1950 3143 Gigantes
1969 3072 2307 3143 perdomuit.

379 3159 465 3208 22.
504 3155 718 3208 Lacum
744 3149 1031 3207 Avernum
1068 3170 1103 3207 a
1129 3151 1275 3206 mari
1304 3151 1527 3222 dividit,
1563 3153 1718 3209 viam
1744 3152 2079 3211 Heracleam
2105 3151 2304 3209 munit.

555 3232 805 3288 Venator
833 3230 893 3285 in
920 3230 1163 3287 Dianam
1188 3232 1398 3302 impius
1429 3232 1708 3303 supplicio
1739 3231 1990 3288 affectus.
2062 3231 2305 3288 Cicadae

558 3313 631 3367 ob
679 3310 936 3366 Herculis
987 3312 1258 3382 pietatem
1307 3311 1545 3369 deletae.
1619 3312 1821 3367 Nando
1858 3313 2128 3369 Hercules
2175 3330 2306 3369 cum

555 3391 733 3446 bobus
770 3391 830 3445 in
869 3390 1122 3447 Siciliam
1158 3390 1365 3447 traicit.

375 3472 466 3521 23.
501 3466 755 3522 Thermis
785 3470 1096 3528 Himeraeis
1124 3476 1183 3528 et
1210 3472 1511 3541 Egestanis
1549 3474 1831 3530 recreatus
1860 3472 2131 3537 Hercules
2158 3473 2307 3543 Ery-
