2569 4061
295 1766 381 1831 66

327 2426 359 2475 2

329 2745 361 2794 3

408 328 541 394 502
1070 287 1377 383 moboffl
1415 324 1650 382 smtm

404 491 788 574 βιαζόμενος
860 486 972 553 καὶ
1047 489 1158 553 διὰ
1230 490 1547 572 κλίμακος
1618 487 2001 572 ἀναβαίνων
2074 485 2192 552 ἐπὶ
2280 492 2390 555 τὸ

404 605 615 679 τεῖχος
654 594 1096 680 ἐτελεύτησεν,
1137 593 1546 681 Ἀμφιάραος
1584 591 1658 660 δὲ
1692 595 2025 679 χανούσης
2060 601 2183 677 τῆς
2223 604 2389 680 γῆς

404 699 709 785 ἐμπεσὼν
765 704 860 778 εἰς
912 704 986 768 τὸ
1044 701 1262 787 χάσμα
1308 701 1470 785 μετὰ
1512 710 1635 766 τοῦ
1681 702 1970 787 ἅρματος
2014 701 2357 783 ἄφαντος
2381 704 2500 753 310

405 806 685 891 ἐγένετο.
751 809 996 894 ὁμοίως
1025 806 1097 874 δὲ
1134 806 1245 874 καὶ
1280 819 1416 873 τῶν
1453 809 1675 873 ἄλλων
1710 808 2059 892 ἡγεμόνων
2086 806 2378 875 ἀπολο-

404 916 627 1000 μένων
692 917 867 1000 πλὴν
924 913 1321 1002 Ἀδράστου,
1397 912 1508 980 καὶ
1570 918 1838 979 πολλῶν
1905 926 2362 1000 στρατιωτῶν
2394 930 2425 971 5

404 1026 768 1106 πεσόντων,
808 1024 879 1089 οἱ
910 1019 1032 1106 μὲν
1063 1025 1347 1107 Θηβαῖοι
1379 1023 1503 1105 τὴν
1532 1021 1875 1107 ἀναίρεσιν
1900 1031 2035 1086 τῶν
2071 1032 2364 1107 νεκρῶν

404 1130 487 1194 οὐ
519 1130 1015 1215 συνεχώρησαν,
1055 1129 1091 1194 ὁ
1132 1124 1191 1194 δ’
1226 1127 1594 1215 Ἄδραστος
1622 1127 2001 1194 καταλιπὼν
2031 1126 2361 1212 ἀτάφους

406 1238 563 1312 τοὺς
598 1237 1137 1318 τετελευτηκότας
1174 1234 1554 1319 ἐπανῆλθεν
1595 1236 1690 1311 εἰς
1717 1233 1977 1319 Ἄργος.
2052 1233 2356 1314 ἀτάφων

403 1336 478 1405 δὲ
535 1340 877 1424 μενόντων
930 1350 1067 1406 τῶν
1121 1339 1252 1405 ὑπὸ
1311 1343 1433 1425 τὴν
1488 1342 1832 1425 Καδμείαν
1885 1337 2346 1407 πεπτωκότων

403 1446 746 1529 σωμάτων,
805 1444 920 1513 καὶ
978 1448 1265 1532 μηδενὸς
1323 1453 1702 1533 τολμῶντος
1761 1449 2068 1530 θάπτειν,
2130 1442 2343 1532 Ἀθη-
2377 1461 2432 1500 10

400 1562 579 1617 ναῖοι
642 1551 1074 1641 διαφέροντες
1136 1565 1271 1619 τῶν
1337 1556 1557 1620 ἄλλων
1621 1550 2012 1640 χρηστότητι
2074 1552 2338 1630 πάντας

399 1661 557 1736 τοὺς
602 1658 731 1726 ὑπὸ
778 1662 902 1744 τὴν
950 1662 1295 1745 Καδμείαν
1340 1657 1764 1738 πεπτωκότας
1810 1663 2089 1737 ἔθαψαν.
2171 1729 2184 1738 η

586 1767 675 1832 Οἱ
707 1763 829 1852 μὲν
871 1762 996 1833 οὖν
1035 1766 1195 1833 ἑπτὰ
1242 1766 1350 1833 ἐπὶ
1386 1769 1612 1852 Θήβας
1655 1774 1965 1832 τοιοῦτον
1997 1753 2073 1831 ’τὸ
2120 1765 2333 1852 πέρας

401 1874 614 1958 ἔσχον.
709 1875 782 1940 oc
832 1871 906 1939 δὲ
971 1875 1229 1940 τούτων
1282 1876 1542 1956 παῖδες,
1609 1873 1909 1956 ἐπίγονοι
1974 1871 2035 1938 δ’
2078 1872 2324 1954 ὀνομα-

402 1980 707 2063 σθέντες,
782 1981 901 2046 τὸν
971 1991 1107 2046 τῶν
1188 1978 1493 2068 πατέρων
1573 1980 1876 2047 θάνατον
1961 1976 2316 2057 ἐπεξιόντες
2350 1991 2414 2032 15

401 2089 703 2170 ἔγνωσαν
741 2090 1124 2175 στρατεύειν
1171 2097 1364 2175 κοινῇ
1414 2086 1521 2155 ἐπὶ
1564 2089 1680 2166 τὰς
1716 2090 1962 2172 Θήβας,
2010 2088 2323 2171 λαβόντες

400 2195 701 2278 χρησμὸν
764 2192 919 2281 παρ’
966 2192 1381 2273 ’Λπόλλωνος
1444 2199 1757 2279 πολεμεῖν
1829 2194 1953 2278 τὴν
2015 2214 2321 2279 προειρη-

399 2298 611 2385 μένην
682 2304 880 2367 πόλιν
954 2304 1327 2388 στρατηγὸν
1398 2304 1670 2387 ἔχοντας
1726 2299 2141 2385 Ἀλκμαίωνα
2202 2301 2319 2366 τὸν

393 2400 827 2494 Ἀμφιαράου.
920 2406 955 2472 ὁ
1008 2402 1079 2472 ’δ’
1142 2401 1510 2493 Ἀλκμαίων
1569 2406 1861 2494 αἱρεθεὶς
1924 2405 2036 2472 ὑπ’
2101 2408 2316 2473 αὐτῶν

400 2516 765 2599 στρατηγὸς
828 2513 1209 2600 ἐπηρώτησε
1264 2517 1384 2581 τὸν
1440 2515 1607 2580 θεὸν
1669 2513 1821 2600 περὶ
1874 2522 1990 2596 τῆς
2045 2511 2151 2580 ἐπὶ
2203 2517 2313 2593 τὰς
2338 2526 2391 2566 2⁰

401 2621 626 2700 Θήβας
665 2622 1006 2705 στρατείας
1041 2619 1154 2685 καὶ
1189 2620 1343 2706 περὶ
1377 2629 1493 2704 τῆς
1523 2619 1883 2707 Ἐριφύλης
1926 2629 2041 2705 τῆς
2078 2623 2314 2708 μητρὸς

401 2723 752 2800 κολάσεως.
834 2733 956 2789 τοῦ
1004 2723 1068 2788 δ’
1107 2719 1523 2803 Ἀπόλλωνος
1567 2732 1935 2813 χρήσαντος
1982 2726 2313 2814 ἀμφότερα

396 2830 478 2894 τὰ
505 2829 953 2915 προειρημένα
979 2830 1221 2917 πρᾶξαι
1261 2833 1374 2897 διὰ
1399 2833 1474 2897 τὸ
1512 2833 1601 2917 μὴ
1631 2835 1842 2916 μόνον
1877 2834 1997 2897 τὸν
2024 2842 2311 2919 χρυσοῦν

399 2937 610 3024 ὅρμον
676 2935 997 3016 δέξασθαι
1068 2939 1233 3003 κατὰ
1297 2947 1412 3023 τῆς
1476 2938 1805 3017 ἀπωλείας
1868 2947 1994 3007 τοῦ,
2052 2943 2305 3027 πατρός,

398 3043 565 3110 ἀλλὰ
610 3042 722 3111 καὶ
775 3043 1028 3111 πέπλον
1075 3047 1306 3129 λαβεῖν
1361 3045 1572 3128 αὐτὴν
1617 3046 1782 3110 κατὰ
1836 3054 1951 3129 τῆς
1995 3054 2117 3111 τοῦ
2160 3046 2304 3112 υἱοῦ
2328 3059 2381 3101 25

394 3158 728 3236 τελευτῆς·
795 3147 1189 3238 Ἀφροδίτης
1250 3153 1412 3238 γάρ,
1477 3152 1566 3228 ὥς
1632 3168 1831 3236 φασι,
1896 3154 1972 3217 τὸ
2032 3154 2303 3220 παλαιὸν

576 3386 605 3433 1
666 3376 759 3434 ἐπὶ
810 3377 873 3434 τὸ
928 3384 1110 3449 τεῖχος
1159 3375 1491 3454 ἀναβαίνων
1530 3379 1680 3449 vulg.
1884 3386 1917 3435 6
1968 3377 2296 3436 καταπεσόν-

392 3467 504 3501 των
542 3449 596 3501 ΙΙ
777 3455 807 3504 ’1
843 3445 1151 3505 -ἀπολιπών
1200 3450 1252 3503 11
1433 3457 1499 3505 13
1547 3451 1832 3522 τοιοῦτον]
1880 3451 1981 3520 τῆς
2027 3453 2295 3520 στρατείας

391 3517 689 3651 33383131'1
691 3629 703 3641 0
834 3515 961 3573 14δ’
1002 3535 1111 3575 om.
1149 3520 1213 3574 F
1363 3527 1430 3576 16
1467 3517 1759 3593 λαβόντες]
1798 3519 1863 3577 δὲ
1901 3521 2029 3576 add.
2069 3524 2146 3591 D3
2186 3521 2295 3578 ἕλα-

2343 3864 2348 3867 -
2467 3794 2492 3923 j
