2569 4061
966 366 991 418 Ι
1030 372 1113 420 83.
1145 372 1227 422 84.
1929 367 2052 429 141

131 531 379 612 χρόνον
435 532 849 611 Πτολεμαῖος
903 524 1025 611 μὲν
1081 528 1117 591 ὁ
1174 530 1484 610 βασιλεὺς
1537 529 1667 593 ὑπὸ
1720 526 2057 613 Ῥωμαίων

134 635 315 699 οὔπω
365 624 860 719 προσηγόρευτο
909 637 1132 716 φίλος,
1183 635 1254 698 οἱ
1296 628 1358 698 δ’
1415 636 1594 717 ὄχλοι
1652 646 1871 701 πᾶσαν
1927 637 2059 700 εἰσ-

131 739 452 825 εφέροντο
516 741 820 823 σπουδὴν
867 738 1430 823 ἐκθεραπεύοντες
1487 742 1646 817 τοὺς
1698 745 2057 825 παρεπιδη-

135 855 422 930 μοῦντας
478 857 614 910 τῶν
670 845 795 910 ἀπὸ
851 854 966 928 τῆς
1006 840 1283 921 Ἰταλιάς
1339 842 1449 909 καὶ
1497 845 1895 923 σπεύδοντες
1941 873 2059 931 μη-

78 968 104 1009 5
134 955 367 1037 δεμιάν
412 954 727 1038 ἀφορμὴν
781 952 1186 1037 ἐγκλήματος
1234 951 1274 1035 ἢ
1323 948 1620 1035 πολέμου
1667 952 1904 1015 δοῦναι
1951 955 2060 1017 διὰ

131 1062 247 1125 τὸν
292 1063 533 1144 φόβον,
582 1059 1091 1135 ἀποκτείναντος
1125 1056 1454 1142 Ῥωμαίου
1500 1058 1682 1133 τινὸς
1720 1062 2059 1141 αἴλουρον,

128 1165 237 1231 καὶ
282 1177 405 1231 τοῦ
452 1169 758 1250 πλήθους
803 1166 1307 1249 συνδραμόντος
1352 1161 1458 1229 ἐπὶ
1503 1164 1628 1246 τὴν
1675 1165 1895 1229 οἰκίαν
1938 1174 2060 1228 τοῦ

129 1272 527 1355 πράξαντος,
578 1268 732 1336 οὔθ’
787 1272 858 1335 οἱ
908 1269 1326 1354 πεμφθέντες
1380 1271 1510 1336 ὑπὸ
1562 1280 1683 1336 τοῦ
1740 1269 2062 1353 βασιλέως

132 1379 445 1461 ἄρχοντες
510 1377 618 1443 ἐπὶ
679 1378 803 1460 τὴν
867 1377 1265 1459 παραίτησιν
1330 1374 1488 1441 οὔθ’
1543 1378 1578 1443 ὁ
1643 1379 1866 1454 κοινὸς
1931 1376 2059 1441 ἀπὸ

51 1501 103 1539 10
129 1494 243 1567 τῆς
280 1479 530 1568 Ῥώμης
587 1485 798 1566 φόβος
855 1489 1127 1565 ἴσχυσεν
1184 1480 1525 1560 ἐξελέσθαι
1580 1493 1693 1567 τῆς
1743 1486 2060 1568 τιμωρίας

128 1591 249 1654 τὸν
296 1589 693 1671 ἄνθρωπον,
739 1590 973 1670 καίπερ
1030 1586 1355 1661 ἀκουσίως
1408 1597 1605 1651 τοῦτο
1667 1590 2059 1672 πεπραχότα·

130 1692 244 1757 καὶ
308 1690 487 1757 τοῦτ’
555 1692 677 1756 οὐκ
740 1691 805 1769 ἐξ
874 1692 1074 1774 ἀκοῆς
1148 1690 1337 1776 ἡμεῖς
1411 1692 1835 1776 ἱστοροῦμεν,
1909 1694 2051 1758 ἀλλ’
2099 1719 2127 1763 9

136 1796 329 1861 αὐτοὶ
385 1800 548 1862 κατὰ
603 1798 726 1881 τὴν
780 1796 1229 1881 γεγενημένην
1286 1797 1446 1882 ἡμῖν
1502 1797 1858 1881 ἐπιδημίαν
1916 1794 2054 1863 κατ’

134 1906 482 1984 Αἴγυπτον
528 1901 891 1986 ἑορακότες.
965 1902 1260 1968 ἀπίστων
1309 1899 1383 1967 δὲ
1429 1900 1859 1985 φαινομένων
1905 1908 2060 1966 πολ-
2083 1913 2157 1971 84

56 2026 107 2067 15
134 2012 278 2085 λοῖς
317 2018 453 2073 τῶν
489 2006 857 2094 εἰρημένων
894 2007 1005 2075 καὶ
1041 2009 1291 2093 μύθοις
1324 2011 1804 2094 παραπλησίων
1840 2011 2062 2095 πολλῷ

130 2114 629 2200 παραδοξότερα
668 2119 1035 2200 φανήσεται
1072 2117 1152 2180 τὰ
1180 2117 1341 2200 μετὰ
1378 2124 1586 2180 ταῦτα
1615 2116 2062 2201 ῥηθησόμενα.

130 2227 299 2309 λιμῷ
342 2222 470 2306 γάρ
518 2243 674 2286 ποτε
711 2221 1117 2307 πιεζομένων
1160 2233 1296 2287 τῶν
1333 2219 1470 2286 κατ’
1510 2225 1859 2304 Αἴγυπτόν
1898 2237 2062 2303 φασι

130 2330 421 2403 πολλοὺς
488 2327 792 2410 ἀλλήλων
857 2323 979 2411 μὲν
1045 2327 1350 2404 ἅψασθαι
1413 2328 1524 2390 διὰ
1590 2327 1713 2409 τὴν
1778 2328 2061 2410 ἔνδειαν,

132 2444 265 2498 τῶν
314 2431 373 2497 δ’
422 2431 898 2517 ἀφιερωμένων
948 2430 1131 2520 ζῴων
1165 2435 1241 2496 τὸ
1288 2434 1604 2518 παράπαν
1642 2429 1794 2517 μηδ’
1841 2435 2061 2499 αἰτίαν

56 2558 107 2596 20
136 2551 319 2622 σχεῖν
355 2538 608 2623 μηδένα
644 2538 1194 2625 προσενηνέχθαι.
1260 2541 1428 2605 ἀλλὰ
1468 2542 1600 2624 μήν
1637 2563 1712 2622 γε
1747 2539 1858 2604 καὶ
1894 2547 2054 2605 καθ’
2103 2570 2129 2612 2

134 2644 222 2726 ἣν
267 2644 351 2709 ἂν
397 2648 613 2712 οἰκίαν
660 2646 906 2732 εὑρεθῇ
954 2647 1137 2711 κύων
1181 2647 1677 2729 τετελευτηκώς,
1724 2647 2058 2733 ξυρῶνται

134 2751 373 2827 πάντες
420 2752 491 2816 οἱ
529 2748 676 2816 κατ’
732 2747 920 2817 οἷκον
968 2753 1154 2829 ὄντες
1202 2753 1362 2818 ὅλον
1407 2754 1482 2816 τὸ
1532 2763 1720 2837 σῶμα
1762 2752 1873 2818 καὶ
1919 2775 2062 2819 ποι-

136 2864 366 2921 οῦνται
413 2855 695 2940 πένθος,
742 2856 853 2922 καὶ
899 2860 973 2922 τὸ
1023 2859 1265 2923 τούτου
1311 2859 1897 2945 θαυμασιώτερον,
1946 2859 2062 2924 ἐὰν

135 2959 319 3039 οἶνος
373 2962 413 3046 ἢ
470 2973 652 3039 σῖτος
703 2964 746 3045 ἤ
793 2986 856 3028 τι
911 2975 1045 3029 τῶν
1092 2966 1257 3050 πρὸς
1310 2967 1430 3029 τὸν
1474 2968 1626 3047 βίον
1685 2964 2062 3047 ἀναγκαίων

54 3086 106 3126 25
132 3069 426 3154 τυγχάνῃ
474 3071 781 3153 κείμενον
829 3068 903 3133 έν
948 3080 1088 3147 τοῖς
1135 3073 1487 3155 οἰκήμασιν
1546 3065 1627 3134 οὗ
1673 3073 1748 3135 τὸ
1798 3075 1911 3152 ζῆν
1967 3068 2062 3144 ἑξ-

134 3173 320 3240 έλιπέ
370 3198 434 3239 τι
490 3185 625 3239 τῶν
680 3177 973 3261 θηρίων,
1024 3176 1146 3241 οὐκ
1202 3176 1286 3241 ἂν
1332 3179 1427 3241 ἔτι
1473 3178 1854 3261 χρήσασθαι
1899 3174 2062 3254 πρὸς

28 3299 99 3349 95
138 3278 339 3346 οὐδὲν
388 3281 616 3357 αὐτοῖς
659 3281 1107 3366 ὑπομείνειαν.
1198 3282 1325 3348 κᾶν
1373 3282 1446 3347 έν
1491 3283 1659 3365 ἄλλῃ
1705 3280 1888 3362 χώρᾳ
1919 3277 2062 3338 ’που
2109 3346 2133 3366 9

139 3390 650 3472 στρατευόμενοι
694 3388 974 3471 τύχωσι,
1022 3389 1460 3474 λυτρούμενοι
1505 3389 1662 3460 τοὺς
1709 3381 2065 3464 αἰλούρους

281 3549 312 3597 2
352 3541 804 3614 προσηγορεύετο
842 3546 996 3614 vulg.
1105 3551 1141 3598 4
1177 3544 1290 3597 τῶν
1329 3538 1442 3594 ἀπὸ
1482 3558 1588 3595 om.
1627 3538 1676 3590 D
1795 3541 1861 3588 22
1902 3530 2062 3596 ὄντες

140 3613 247 3668 del.
286 3613 500 3670 Eiohst.
650 3621 717 3670 28
755 3615 1103 3684 λυπούμενοι
1146 3612 1298 3681 vulg.
