2569 4061
408 220 536 283 112
1069 214 1381 272 DIODORI
1414 213 1650 271 SICULI

377 381 733 464 ἀλλήλους
786 378 1103 462 ὁμονοίας
1155 375 1266 443 καὶ
1318 379 1601 454 πίστεως
1659 374 2004 456 ἀνέδειξαν
2051 375 2330 455 ἑαυτοὺς

337 491 370 539 2
408 489 713 569 βασιλεῖς.
791 482 891 550 ἐπ’
925 486 1037 567 ἔτη
1077 480 1152 549 δὲ
1187 484 1658 549 πεντεκαίδεκα
1691 484 1856 548 κατὰ
1893 485 2050 561 τοὺς
2086 484 2331 569 ὅρκους

405 590 515 658 καὶ
560 592 678 668 τὰς
713 591 1071 674 ὁμολογίας
1103 589 1424 674 ἄρξαντες
1465 587 1578 654 καὶ
1622 589 1746 672 τὴν
1790 591 1957 674 πρὸς
2003 589 2332 674 ἀλλήλους

406 698 728 783 ὁμόνοιαν
781 698 1328 783 διατηρήσαντες,
1393 694 1794 780 ἐπεβάλοντο
1849 698 2332 762 κατασκευάσαι

406 805 640 870 κοινὸν
687 802 943 869 ἑαυτῶν
985 804 1233 887 τάφον,
1291 803 1406 867 ἵνα
1448 803 1757 887 καθάπερ
1805 801 1881 866 ἐν
1924 810 2015 890 τῷ
2064 806 2181 887 ζῆν
2226 803 2332 868 εὐ-
2359 821 2384 860 5

407 920 725 989 νοοῦντες
760 909 1073 992 ἀλλήλοις
1106 920 1244 974 τῶν
1281 914 1449 973 ἴσων
1474 908 1852 992 -έτύγχανον
1886 920 2121 993 τιμῶν,
2144 909 2331 974 οὕτω

407 1016 723 1102 nats-pet&
777 1016 903 1099 τὴν
956 1015 1270 1099 τελευτὴν
1318 1014 1393 1080 ἐν
1440 1012 1540 1080 ἑνὶ
1592 1017 1774 1104 τόπφ
1827 1026 1965 1080 τῶν
2007 1016 2334 1099 σωμάτων

407 1121 732 1207 κειμένων
790 1122 866 1186 τὸ
930 1117 1475 1186 κατασκευασθὲν
1530 1129 1755 1206 μνῆμα
1816 1129 2010 1206 κοινῇ
2064 1120 2332 1208 περιέχῃ

340 1230 374 1279 3
409 1230 534 1312 τὴν
577 1240 714 1294 τῶν
753 1226 1176 1312 ἐνταφέντων
1215 1225 1437 1305 δόξαν.
1511 1229 1606 1303 εἰς
1640 1228 1890 1311 ταύτην
1928 1224 2001 1292 δὲ
2037 1229 2161 1311 τὴν
2197 1227 2333 1294 ἑπι-

410 1335 621 1419 βολὴν
691 1339 1216 1418 φιλοκαλοῦντες
1289 1336 1621 1400 ἔσπευσαν
1682 1332 2178 1419 ὑπερβαλέσθαι
2238 1344 2332 1423 τῷ
2363 1348 2415 1388 1⁰

409 1438 680 1526 μεγέθει
721 1451 860 1506 τῶν
904 1443 1120 1526 ἔργων
1155 1441 1454 1517 ἅπαντας
1486 1443 1646 1517 τοὺς
1679 1441 1808 1525 πρὸ
1846 1440 2084 1506 αὐτῶν.
2159 1440 2333 1506 ἐκλε-

411 1547 681 1632 ξάμενοι
725 1549 853 1633 γὰρ
898 1549 1107 1613 τόπον
1150 1549 1332 1633 παρὰ
1376 1549 1495 1612 τὸν
1545 1551 1865 1613 εἴσπλουν
1907 1549 2029 1612 τὸν
2075 1548 2169 1625 εἰς
2210 1548 2333 1631 τὴν

410 1655 745 1738 Μοίριδος
808 1656 1052 1739 λίμνην
1116 1654 1191 1719 έν
1252 1662 1333 1737 τῇ
1393 1654 1616 1737 Λιβύῃ
1678 1654 2155 1732 κατεσκεύαζον
2215 1656 2334 1719 τὸν

410 1761 629 1845 τάφον
666 1760 740 1826 ἐκ
773 1770 909 1825 τῶν
945 1762 1317 1825 καλλίστων
1356 1761 1592 1840 λίθων,
1629 1756 1740 1823 καὶ
1775 1767 1868 1848 τῷ
1905 1757 2031 1844 μὲν
2054 1762 2333 1844 σχήματι

411 1867 831 1951 τετράγωνον
876 1865 1355 1948 ὑπεστήσαντο,
1402 1874 1495 1953 τῷ
1543 1861 1619 1929 δὲ
1663 1865 1936 1950 μεγέθει
1982 1867 2333 1931 σταδιαίαν
2362 1879 2412 1921 15

413 1970 695 2057 ἑκάστην
739 1971 1055 2057 πλευράν,
1109 1980 1254 2049 ταῖς
1312 1967 1387 2037 δὲ
1432 1977 1722 2057 γλυφαῖς
1765 1970 1876 2038 καὶ
1921 1982 2065 2050 ταῖς
2107 1973 2337 2050 ἄλλαις

413 2081 863 2167 χειρουργίαις
904 2079 1288 2166 ὑπερβολὴν
1337 2080 1461 2146 οὐκ
1507 2078 1829 2146 ἀπέλιπον
1865 2090 2006 2157 τοῖς
2050 2079 2336 2162 ἐπιγινο-

343 2206 378 2254 4
414 2186 661 2271 μένοις.
756 2189 1130 2252 εἰσελθόντι
1184 2182 1307 2271 μὲν
1370 2189 1497 2272 γὰρ
1561 2189 1680 2252 τὸν
1733 2189 2093 2272 περίβολον
2158 2181 2338 2262 οἶκος

414 2289 501 2376 ἦν
553 2297 978 2379 περίστυλος,
1042 2292 1319 2376 ἑκάστης
1381 2297 1670 2376 πλευρᾶς
1728 2293 1800 2358 ἐκ
1861 2294 2338 2380 τετταράκοντα

413 2401 660 2464 κιόνων
707 2397 1330 2484 ἀναπληρουμένης,
1389 2394 1500 2461 καὶ
1554 2397 1799 2463 τούτου
1845 2401 2209 2481 μονόλιθος
2251 2394 2340 2483 ἦν
2367 2413 2421 2454 2⁰

416 2503 657 2588 ὀροφή,
705 2505 990 2588 φάτναις
1035 2500 1567 2587 διαγεγλυμμένη
1613 2501 1726 2568 καὶ
1765 2516 2055 2588 γραφαῖς
2101 2507 2339 2589 διαφό-

348 2627 380 2677 5
419 2631 563 2692 ροις
606 2607 1093 2692 πεποικιλμένη.
1187 2603 1320 2692 εἶχε
1370 2605 1443 2674 δὲ
1488 2617 1604 2692 τῆς
1656 2609 1975 2693 πατρίδος
2027 2617 2144 2691 τῆς
2193 2608 2338 2675 ἑκά-

418 2731 580 2779 στου
625 2724 762 2779 τῶν
798 2713 1129 2797 βασιλέων
1173 2714 1617 2801 ὑπομνήματα
1661 2713 1773 2781 καὶ
1817 2724 1954 2780 τῶν
1993 2716 2192 2801 ἱερῶν
2226 2716 2339 2782 καὶ

414 2826 682 2886 θυσιῶν
715 2829 852 2885 τῶν
888 2821 963 2886 έν
997 2821 1164 2908 αὐτῇ
1209 2833 1355 2900 ταῖς
1398 2825 1776 2897 καλλίσταις
1809 2832 2102 2907 γραφαῖς
2147 2827 2339 2908 φιλο-

346 2947 378 2997 6
414 2925 657 3013 τέχνως
703 2928 1343 3016 δεδημιουργημένα.
1427 2929 1728 2992 καθόλου
1775 2923 1850 2992 δὲ
1894 2929 2212 3012 τοιαύτην
2257 2938 2338 3014 τῇ
2368 2943 2420 2985 25

415 3038 804 3122 πολυτελείᾳ
865 3035 977 3102 καὶ
1039 3035 1441 3119 τηλικαύτην
1497 3041 1588 3121 τῷ
1654 3032 1928 3117 μεγέθει
1992 3035 2116 3117 τὴν
2177 3033 2337 3100 ὑπό-

417 3160 652 3209 στασιν
705 3151 827 3208 τοῦ
880 3144 1100 3228 τάφου
1159 3140 1417 3224 λέγεται
1471 3142 1882 3223 ποιήσασθαι
1939 3143 2099 3218 τοὺς
2153 3144 2341 3224 βασι-

560 3272 592 3320 5
632 3259 874 3335 ἑαυτῶν]
914 3259 1182 3318 ἁπάντων
1220 3261 1329 3318 OF
1432 3268 1465 3317 8
1504 3268 1777 3331 μνημεῖον
1818 3261 1925 3318 OF
2018 3269 2051 3317 9
2091 3263 2174 3327 εἰς
2208 3261 2339 3319 ταύ-

417 3353 520 3404 την
541 3375 696 3391 .....
718 3331 1143 3425 ὑπερβαλέσθαι
1172 3332 1387 3402 ABDE,
1427 3330 1709 3388 ἔσπευσαν
1738 3325 1843 3388 οὖν
1878 3329 2342 3406 ὑπερβάλλεσθαι

419 3404 593 3458 ceteri
703 3412 768 3461 13
806 3407 1040 3476 μυριδος
1076 3404 1298 3462 codices
1410 3409 1478 3460 18
1517 3400 1705 3468 ἐοικὸς
1740 3395 1814 3473 ἦν
1849 3403 2151 3474 ποιήσαντι
2185 3408 2340 3475 περί-

421 3476 617 3525 στυλον
655 3475 803 3528 ABD
950 3481 1019 3531 23
1058 3474 1257 3546 ἱερέων
1295 3476 1360 3534 D.
