2569 4061
376 284 506 349 182
1047 277 1354 334 DIODORI
1389 276 1621 333 SICULI

555 445 740 528 Πρὸς
794 436 867 506 δὲ
921 441 1046 523 τὴν
1099 439 1381 523 ὀξύτητα
1433 447 1549 523 τῆς
1602 439 1860 504 τούτων
1916 438 2300 521 οἰκοδομίας

376 551 624 636 ἑκάστω
680 558 815 614 τῶν
860 550 1080 631 φίλων
1128 547 1404 613 στάδιον
1453 543 1866 631 διεμέτρησε,
1916 545 2129 609 δοῦσα
2174 544 2300 626 τὴν

376 656 612 738 ἱκανὴν
648 656 744 731 εἰς
779 662 975 720 τοῦτο
1012 655 1335 740 χορηγίαν
1371 650 1482 717 καὶ
1518 650 2076 735 διακελευσαμένη
2113 648 2301 727 τέλος

303 784 336 833 2
374 759 707 827 ἐπιθεῖναι
761 771 902 838 τοῖς
946 761 1166 845 ἔργοις
1219 757 1295 824 έν
1340 756 1641 845 ἐνιαυτῷ.
1734 752 1831 823 ὧν
1874 758 2299 841 ποιησάντων

364 871 447 934 ’τὸ
502 863 925 953 προσταχθὲν
982 865 1145 950 μετὰ
1197 869 1446 948 πολλῆς
1503 865 1828 947 σπουδῆς,
1874 864 2131 928 τούτων
2176 861 2299 948 μὲν
2326 879 2352 922 5

375 972 731 1054 ἀπεδέξατο
776 973 901 1055 τὴν
938 973 1347 1056 φιλοτιμίαν,
1387 971 1560 1052 ἀὐτὴ
1607 966 1680 1036 δὲ
1723 971 1892 1035 κατὰ
1934 971 2010 1034 τὸ
2057 971 2298 1035 στενώ-

370 1103 573 1147 τατον
628 1077 825 1165 μέρος
877 1086 999 1143 τοῦ
1052 1085 1355 1161 ποταμοῦ
1409 1074 1714 1161 γέφυραν
1760 1077 2051 1141 σταδίων
2105 1075 2299 1142 πέντε

372 1189 447 1251 τὸ
487 1194 693 1270 μῆκος
734 1183 1236 1266 κατεσκεύασεν,
1283 1183 1378 1260 εἰς
1423 1182 1646 1264 βυθὸν
1684 1180 2089 1267 φιλοτέχνως
2132 1189 2299 1249 καθ-

372 1302 520 1357 εῖσα
591 1292 748 1366 τοὺς
816 1290 1075 1371 κίονας,
1162 1291 1234 1354 οἳ
1312 1289 1741 1371 διεστήκεσαν
1813 1286 1921 1353 ἀπ’
1995 1288 2298 1373 ἀλλήλων

371 1397 583 1472 πόδας
646 1396 923 1461 δώδεκα.
1021 1398 1178 1471 τοὺς
1243 1392 1318 1459 δὲ
1393 1391 1986 1480 συνερειδομένους
2057 1398 2298 1472 λίθους
2329 1413 2381 1453 10

371 1505 641 1588 τόρμοις
696 1501 998 1587 σιδηροῖς
1053 1501 1480 1585 διελάμβανε,
1537 1499 1649 1567 καὶ
1700 1502 1816 1577 τὰς
1868 1503 2127 1567 τούτων
2184 1501 2299 1586 ἁρ-

360 1612 609 1693 -μονίας
655 1607 948 1692 ἐπλήρου
992 1609 1321 1692 μόλιβδον
1366 1607 1752 1690 ἐντήκουσα.
1823 1614 1964 1684 τοῖς
2000 1603 2076 1673 δὲ
2119 1610 2299 1673 κίοσι

371 1718 501 1802 πρὸ
538 1726 673 1781 τῶν
716 1717 792 1780 τὸ
830 1714 1042 1800 ῥεῦμα
1091 1711 1468 1798 δεχομένων
1504 1718 1811 1799 πλευρῶν
1856 1714 2103 1796 γωνίας
2137 1734 2299 1799 προ-

370 1822 852 1888 κατεσκεύασεν
907 1819 1186 1903 ἐχούσας
1243 1820 1367 1901 τὴν
1421 1818 1765 1905 ἀπορροὴν
1807 1828 2133 1905 περιφερῆ
2188 1819 2299 1886 καὶ

370 1925 870 2011 συνδεδεμένην
913 1922 1055 1991 κατ’
1113 1925 1345 2008 ὀλίγον
1390 1922 1512 2001 ἕως
1564 1933 1686 1990 τοῦ
1731 1926 1895 1990 κατὰ
1939 1928 2059 1991 τὸν
2103 1928 2297 1992 κίονα
2327 1942 2381 1990 15

370 2036 693 2117 πλάτους,
754 2034 932 2110 ὅπως
996 2035 1071 2098 αἱ
1119 2028 1242 2117 μὲν
1304 2029 1457 2118 περὶ
1511 2033 1628 2109 τὰς
1681 2036 1927 2116 γωνίας
1991 2032 2297 2117 ὀξύτητες

368 2141 656 2227 τέμνωσι
701 2141 825 2224 τὴν
874 2141 1263 2226 καταφορὰν
1310 2148 1433 2205 τοῦ
1478 2138 1831 2225 ῥεύματος,
1880 2141 1955 2205 αἱ
1995 2137 2071 2206 δὲ
2116 2161 2297 2221 περι-

371 2247 634 2335 φέρειαι
688 2256 768 2333 τῇ
821 2248 1066 2313 τούτου
1120 2249 1234 2336 βία
1291 2249 1718 2313 συνείκουσαι
1772 2246 2121 2332 πραΰνωσι
2173 2248 2297 2330 τὴν

301 2378 333 2425 3
373 2357 799 2440 σφοδρότητα
834 2363 955 2419 τοῦ
1011 2363 1331 2438 ποταμοῦ.
1424 2353 1466 2436 ἡ
1512 2350 1636 2436 μὲν
1682 2347 1807 2419 οὖν
1850 2349 2144 2437 γέφυρα,
2192 2376 2297 2419 κε-

373 2461 634 2544 δρίναις
677 2458 785 2525 καὶ
839 2462 1337 2543 κυπαριττίναις
1381 2461 1637 2541 δοκοῖς,
1685 2461 1780 2523 ἔτι
1834 2455 1907 2522 δὲ
1966 2461 2295 2542 φοινίκων
2322 2479 2379 2520 20

371 2562 741 2648 στελέχεσιν
797 2562 1282 2648 ὑπερμεγέθεσι
1334 2561 1900 2648 κατεστεγασμένη
1955 2562 2068 2629 καὶ
2113 2566 2295 2649 τριά-

367 2692 573 2737 κοντα
618 2671 848 2735 ποδῶν
896 2663 1063 2733 οὖσα
1108 2671 1182 2733 τὸ
1229 2669 1507 2750 πλάτος,
1566 2669 1843 2745 οὐδενὸς
1897 2666 2114 2733 ἐδόκει
2158 2680 2297 2735 τῶν

369 2775 821 2860 Σεμιράμιδος
884 2777 1101 2859 ἔργων
1165 2783 1244 2859 τῇ
1311 2777 1697 2862 φιλοτεχνίᾳ
1762 2776 2127 2841 λείπεσθαι.
2228 2776 2296 2855 ἐξ

370 2879 686 2967 ἑκατέρου
734 2877 808 2946 δὲ
845 2878 1089 2967 μέρους
1132 2889 1256 2946 τοῦ
1293 2890 1596 2965 ποταμοῦ
1640 2881 1930 2964 κρηπῖδα
1966 2887 2293 2965 πολυτελῆ

361 2988 805 3058 κατεσκεύασε
851 2980 1319 3073 παραπλησίαν
1373 2988 1538 3053 κατὰ
1582 2988 1657 3054 τὸ
1694 2988 1939 3065 πλάτος
1983 2999 2123 3066 τοῖς
2166 2991 2294 3055 τεί-
2322 3007 2378 3051 25

371 3112 558 3181 χεσιν
604 3094 711 3162 ἐπὶ
748 3095 1062 3172 σταδίους
1109 3091 1342 3160 ἑκατὸν
1382 3093 1711 3178 ἑξήκοντα.
1786 3091 2173 3184 ᾠκοδόμησε
2221 3091 2296 3161 δὲ

369 3202 482 3269 καὶ
546 3203 848 3286 βασίλεια
914 3202 1116 3266 διπλᾶ
1187 3195 1343 3288 παρ’
1406 3200 1611 3266 αὐτὸν
1672 3202 1792 3266 τὸν
1863 3204 2164 3285 ποταμὸν
2228 3199 2296 3279 ἐξ

368 3306 683 3394 ἑκατέρου
721 3307 965 3396 μέρους
999 3316 1116 3392 τῆς
1150 3308 1469 3393 γεφύρας,
1517 3306 1584 3385 ἐξ
1622 3301 1718 3372 ὧν
1754 3303 1865 3391 ἅμ’
1910 3310 2137 3392 ἔμελλε
2173 3311 2296 3391 τήν

511 3470 546 3518 8
600 3467 892 3520 καθίσασα
929 3463 984 3517 ΙΙ
1127 3469 1195 3519 27
1251 3460 1390 3532 παρ’
1430 3459 1634 3536 αὐτὸν]
1673 3461 1830 3535 παρὰ
1865 3463 1920 3517 Π
2065 3470 2135 3520 28
2190 3459 2293 3534 ἅμ’

371 3527 588 3601 ἔμελλε]
628 3529 747 3603 ἅμα
786 3530 890 3603 μὲν
931 3533 1120 3604 ἔμελλε
1163 3535 1400 3591 codice&
