2569 4061
379 289 508 355 318
1065 283 1376 342 DIODORI
1412 283 1648 341 SICULI

376 475 515 518 των
574 449 675 516 ἐπὶ
738 452 856 514 τὸν
915 452 1123 516 τόπον
1183 450 1378 533 ἄφνω
1440 448 1984 532 διανιστάμενον,
2044 446 2159 513 καὶ
2216 457 2311 537 τῷ

375 556 498 644 μὲν
546 560 818 641 στόματι
874 558 1349 643 διαρπάζοντα,
1406 563 1496 644 τῷ
1556 551 1630 619 δὲ
1676 554 2070 639 σπειράματι
2115 578 2314 620 κατα-

380 661 708 730 πλέκοντα
751 666 873 730 τὸν
919 666 1122 748 ὄγκον
1167 673 1302 728 τῶν
1340 659 1692 746 φανέντων
1731 658 1935 750 ζςόων,
1984 661 2151 726 ὥστε
2188 686 2314 746 μη-

374 768 520 835 δενὶ
573 774 796 860 τρόπω
855 772 1192 836 δύνασθαι
1244 770 1320 834 τὸ
1375 770 1768 854 παραπεσὸν
1824 767 2143 852 ἐκφυγεῖν
2202 805 2312 851 -,

370 881 754 963 προμήκους
812 872 937 944 οὖν
997 879 1190 953 ὄντος
1246 884 1369 940 τοῦ
1431 871 1602 963 ζῴου
1665 871 1776 938 καὶ
1839 879 2121 958 νωθροῦ
2182 875 2308 958 τὴν
2341 891 2373 931 5

372 986 582 1069 φύσιν
642 983 1025 1060 ἐλπίσαντες
1085 985 1355 1068 βρόχοις
1416 979 1527 1046 καὶ
1593 990 1847 1066 σειραῖς
1901 980 2307 1067 κυριεύσειν,

368 1092 443 1155 τὸ
511 1087 634 1175 μὲν
696 1099 963 1175 πρῶτον
1027 1098 1336 1175 παρῆσαν
1401 1083 1499 1153 ἐπ’
1569 1087 1731 1152 αὐτὸ
1797 1090 2307 1173 τεθαρρηκότες,

297 1201 328 1250 6
372 1198 635 1281 ἔχοντες
688 1193 1093 1280 ἐξηρτυμένα
1144 1195 1362 1260 πάντα
1405 1196 1487 1259 τὰ
1532 1195 1702 1280 πρὸς
1744 1194 1868 1277 τὴν
1913 1196 2167 1279 χρείαν,
2213 1194 2308 1271 ὡς

366 1298 426 1365 δ’
490 1299 914 1383 ἐπλησίαζον,
978 1299 1082 1366 ἀεὶ
1141 1305 1396 1384 μᾶλλον
1457 1299 1927 1383 ἐξεπλήττοντο
1987 1308 2080 1388 τῷ
2142 1298 2304 1384 δέει,

361 1412 783 1488 θεωροῦντες
837 1408 1014 1493 ὄμμα
1066 1409 1390 1493 πυρωπὸν
1442 1404 1553 1472 καὶ
1609 1404 2028 1491 λιχμωμένην
2085 1407 2302 1492 πάντῃ
2336 1426 2396 1464 10

362 1513 486 1596 τὴν
529 1518 853 1598 γλῶτταν,
900 1516 996 1579 ἔτι
1044 1510 1118 1580 δὲ
1162 1523 1243 1600 τῇ
1289 1515 1647 1599 τραχύτητι
1690 1523 1827 1578 τῶν
1873 1514 2181 1597 φολίδων
2227 1513 2305 1579 ἐν

360 1627 441 1705 τῇ
490 1620 602 1685 διὰ
646 1628 762 1703 τῆς
805 1621 969 1705 ὕλης
1004 1624 1242 1708 πορείᾳ
1275 1618 1388 1686 καὶ
1424 1622 1825 1705 παρατρίψει
1860 1621 2093 1704 ψόφον
2133 1618 2303 1698 ἐξαί-

361 1743 513 1792 σιον
569 1728 1165 1811 κατασκευάζοντα,
1221 1727 1299 1791 τὸ
1352 1724 1640 1810 μέγεθός
1701 1747 1771 1790 τε
1815 1735 1952 1789 τῶν
2000 1725 2304 1791 ὀδόντων

363 1829 703 1919 ὑπερφυὲς
738 1830 849 1898 καὶ
886 1835 1209 1915 στόματος
1246 1831 1488 1917 ἀγρίαν
1524 1833 1859 1915 πρόσοψιν
1895 1829 2005 1896 καὶ
2039 1833 2304 1896 κυκλώ-

295 1941 324 1990 7
364 1963 567 2024 ματος
622 1939 966 2025 ἀνάστημα
1020 1940 1416 2025 παράδοξον.
1509 1939 1746 2025 διόπερ
1806 1947 1896 2027 τῷ
1960 1940 2149 2026 φόβῳ
2210 1939 2297 2003 τὰ
2326 1956 2382 1996 15

355 2048 669 2132 χρώματα
711 2059 847 2113 τῶν
892 2048 1266 2134 προσώπων
1314 2047 1839 2130 ἀποβεβληκότες
1877 2048 2113 2123 δειλῶς
2152 2043 2301 2111 ἐπέ-

354 2155 569 2235 βαλον
623 2157 780 2231 τοὺς
833 2155 1119 2240 βρόχους
1164 2152 1292 2219 ἀπὸ
1338 2160 1454 2236 τῆς
1500 2151 1738 2239 οὐρᾶς·
1800 2154 1875 2218 τὸ
1926 2149 2001 2217 δὲ
2044 2155 2293 2238 θηρίον

354 2260 488 2345 ἅμα
523 2267 615 2349 τῷ
653 2262 1132 2346 προσάψασθαι
1176 2268 1298 2325 τοῦ
1344 2260 1651 2343 σώματος
1696 2261 1815 2324 τὸν
1858 2260 2085 2325 κάλων
2133 2260 2277 2325 ἐπε·
2291 2280 2397 2330 203

356 2367 617 2453 στράφη
657 2367 818 2450 μετὰ
851 2370 1106 2432 πολλοῦ
1143 2368 1534 2450 φυσήματος
1572 2369 2128 2449 καταπληκτικῶς,
2174 2365 2287 2432 καὶ

351 2474 472 2537 τὸν
529 2469 651 2557 μὲν
706 2483 972 2558 πρῶτον
1027 2472 1299 2558 ἁρπάζει
1353 2482 1444 2561 τῷ
1501 2475 1782 2557 στόματι
1840 2469 2292 2557 μετεωρισθὲν
2319 2491 2373 2531 20

350 2574 520 2662 ὑπὲρ
556 2586 673 2661 τῆς
698 2583 1010 2662 κεφαλῆς,
1046 2576 1303 2656 καὶτὰς
1340 2580 1590 2665 σάρκας
1628 2583 1724 2645 ἔτι
1762 2582 2000 2658 ζῶντος
2036 2596 2300 2645 κατεσι-

348 2691 550 2765 τεῖτο,
606 2684 725 2748 τὸν
772 2681 847 2749 δὲ
895 2685 1210 2770 δεύτερον
1255 2687 1594 2770 φεύγοντα
1642 2696 1722 2773 τῇ
1761 2688 1996 2774 σπείρᾳ
2032 2689 2301 2773 πόρρω-

345 2796 476 2855 θεν
505 2788 938 2874 ἐπεσπάσατο,
965 2790 1078 2856 καὶ
1103 2791 1530 2877 περιειληθὲν
1558 2796 1838 2879 ἔσφιγγε
1866 2794 1990 2877 τὴν
2019 2798 2167 2859 κοιλ
2189 2796 2300 2858 ίαν

344 2902 437 2985 τῷ
480 2897 728 2984 δεσμῷ·
778 2897 847 2960 οἱ
880 2893 954 2961 δὲ
992 2897 1215 2963 λοιποὶ
1260 2899 1501 2977 πάντες
1551 2897 1981 2981 ἐκπλαγέντες
2026 2889 2141 2964 διά
2173 2907 2289 2982 τῆς

238 3005 322 3069 37
348 3011 568 3089 φυγῆς
594 3004 718 3088 τὴν
747 3006 1079 3089 σωτηρίαν
1107 3004 1522 3090 ἐπορίσαντο.
1586 3005 1686 3071 ὀὐ
1727 3006 1859 3089 μὴν
1888 3002 2293 3086 ἀπέγνωσαν
2319 3022 2370 3063 25

344 3112 468 3195 τὴν
522 3112 770 3196 θήραν,
823 3109 1372 3195 ὑπερβαλλούσης
1422 3119 1540 3194 τῆς
1606 3110 1733 3176 ἀπὸ
1788 3118 1909 3176 τοῦ
1954 3107 2284 3192 βασιλέως

345 3217 612 3303 χάριτος
664 3213 776 3281 καὶ
830 3218 1084 3302 δωρεᾶς
1129 3220 1287 3293 τοὺς
1334 3216 1461 3282 ἀπὸ
1509 3224 1629 3299 τῆς
1672 3220 1902 3301 πείρας
1948 3215 2275 3300 ἐγνωσμέ-

344 3344 509 3398 νους
543 3323 924 3406 κινδύνους,
972 3326 1362 3410 φιλοτεχνίᾳ
1409 3318 1482 3387 δὲ
1534 3321 1646 3387 καὶ
1692 3324 1867 3411 δόλω
1921 3324 1998 3387 τὸ
2045 3332 2124 3408 τῇ
2178 3325 2291 3409 βίᾳ

491 3481 523 3527 6
561 3475 661 3528 καὶ
696 3483 911 3545 σειραῖς
949 3479 1059 3532 del.
1096 3479 1254 3533 Eioh.
1368 3484 1434 3532 13
1478 3478 1562 3547 τε]
1601 3497 1661 3531 τε
1701 3474 1765 3532 τὸ
1799 3479 1951 3548 vulg.
2045 3485 2110 3533 16
2157 3474 2280 3532 ἐπέ-

347 3539 552 3593 Βαλλον
588 3545 738 3611 vulg.
899 3554 967 3601 26
1005 3543 1433 3619 ὑπερβαλούσης
1473 3549 1624 3616 vulg.
1796 3554 1864 3603 28
1903 3547 1994 3619 δὲ]
2038 3568 2097 3604 τε
2135 3549 2283 3618 vulg.
