2569 4061
942 299 981 366 1‘
1006 319 1091 368 87.
1122 318 1204 368 88.
1900 315 2023 378 147

109 474 333 561 ἱέρακα
388 477 553 561 πρὸς
607 480 764 552 τοὺς
824 478 1185 561 σκορπίους
1239 473 1350 540 καὶ
1409 479 1727 562 κεράστας
1782 475 1893 541 καὶ
1949 479 2028 542 τὰ

105 582 304 667 μικρὰ
340 593 472 647 τῶν
510 581 805 648 δακέτων
842 585 1105 668 θηρίων
1134 583 1214 646 τὰ
1250 583 1533 666 μάλιστα
1569 588 1725 660 τοὺς
1762 582 2029 669 ἀνθρώ-

105 709 273 766 πους
335 688 756 774 ἀναιροῦντα.
859 692 1030 754 ἔνιοι
1096 684 1169 753 δὲ
1235 686 1508 771 λέγουσι
1571 697 1888 774 τιμᾶσθαι
1951 691 2025 755 τὸ
2067 714 2097 761 τ

106 799 272 884 ζῷον
317 806 512 862 τοῦτο
562 798 674 861 διὰ
719 798 797 860 τὸ·
832 799 988 873 τοὺς
1025 796 1291 879 μάντεις
1338 795 1603 871 οἰωνοῖς
1646 806 1785 871 τοῖς
1823 794 2028 881 ἱέραξι

48 920 73 959 5
102 901 483 987 χρωμένους
529 900 882 988 προλέγειν
928 903 1008 965 τὰ
1063 900 1389 986 μέλλοντα
1435 911 1575 979 τοῖς
1620 903 2026 985 Αἰγυπτίοις.

102 1005 275 1085 τινὲς
339 1009 418 1074 δέ
478 1026 686 1092 φασιν
750 1008 823 1073 ἐν
896 1018 1037 1084 τοῖς
1100 994 1398 1093 ἀρχαίοις
1461 1010 1730 1096 χρόνοις
1804 1005 2029 1092 ἱέρακα
2067 1032 2097 1079 8

101 1118 365 1199 βιβλίον
430 1114 723 1199 ἐνεγκεῖν
788 1115 882 1204 εἰς
952 1116 1175 1197 Θήβας
1237 1124 1376 1191 τοῖς
1443 1115 1690 1200 ἱερεῦσι
1746 1122 2028 1201 φοινικῷ

102 1222 388 1308 ῥάμματι
444 1220 979 1307 περιειλημένον,
1028 1222 1181 1304 ἔχον
1225 1220 1681 1306 γεγραμμένας
1733 1222 1850 1297 τὰς
1897 1230 2030 1284 τῶν

99 1335 283 1394 θεῶν
338 1331 700 1414 θεραπείας
754 1350 824 1391 τε
880 1324 993 1390 καὶ
1047 1327 1262 1410 τιμάς·
1330 1328 1435 1391 διὸ
1491 1325 1602 1392 καὶ
1655 1330 1811 1405 τοὺς
1860 1327 2026 1410 ἱερο-

17 1453 72 1491 10
100 1445 502 1521 γραμματεῖς
531 1444 770 1518 φορεῖν
799 1441 1156 1516 φοινικοῦν
1187 1433 1409 1519 ῥάμμα
1437 1433 1546 1498 καὶ
1581 1436 1825 1520 πτερὸν
1855 1434 2027 1521 ἱέρα-

99 1566 215 1618 κος
262 1539 369 1605 ἐπὶ
415 1547 530 1621 τῆς
575 1541 881 1619 κεφαλῆς.
956 1538 1075 1601 τὸν
1122 1532 1183 1601 δ’
1226 1538 1420 1601 ἀετὸν
1461 1542 1741 1622 Θηβαῖοι
1786 1552 2023 1625 τιμῶσι
2063 1563 2093 1611 9

103 1647 217 1709 διὰ
245 1647 318 1708 τὸ
358 1644 704 1729 βασιλικὸν
732 1638 906 1707 εἶναι
945 1642 1169 1707 δοκεῖν
1205 1652 1401 1707 τοῦτο
1440 1645 1514 1708 τὸ
1556 1647 1722 1732 ζῷον
1758 1645 1868 1710 καὶ
1904 1656 2025 1712 τοῦ

103 1750 272 1826 Διὸς
301 1748 503 1828 ἄξιον.
576 1749 695 1812 τὸν
733 1745 806 1812 δὲ
841 1748 1093 1834 τράγον
1130 1747 1549 1832 ἀπεθέωσαν,
1577 1752 1879 1835 καθάπερ
1916 1751 2026 1816 καὶ
2049 1754 2131 1817 88

102 1857 281 1942 παρὰ
316 1865 455 1933 τοῖς
486 1853 758 1938 Ἕλλησι
794 1861 1190 1940 τετιμῆσθαι
1227 1853 1501 1937 λέγουσι
1538 1855 1658 1920 τὸν
1697 1859 2027 1942 Πρίαπον,

19 1979 72 2019 15
102 1964 214 2028 διὰ
259 1965 333 2028 τὸ
390 1964 781 2047 γεννητικὸν
827 1966 1089 2049 μόριον·
1147 1964 1222 2028 τὸ
1269 1958 1392 2052 μὲν
1447 1963 1574 2049 γὰρ
1634 1963 1802 2052 ζῷον
1858 1958 2029 2028 εἶναι

101 2081 296 2136 τοῦτο
352 2068 938 2155 κατωφερέστατον
994 2070 1159 2155 πρὸς
1213 2070 1331 2146 τὰς
1381 2071 1774 2153 συνουσίας,
1830 2072 1905 2135 τὸ
1954 2067 2029 2135 δὲ

101 2180 337 2262 μόριον
374 2186 495 2242 τοῦ
524 2177 825 2260 σώματος
852 2179 926 2241 τὸ
965 2185 1080 2259 τῆς
1108 2174 1427 2259 γενέσεως
1456 2182 1672 2240 αἴτιον
1707 2182 2029 2260 τιμᾶσθαι

100 2286 595 2368 προσηκόντως,
654 2282 742 2358 ὡς
802 2281 887 2346 ἂν
940 2281 1241 2367 ὑπάρχον
1298 2280 1664 2366 ἀρχέγονον
1720 2292 1835 2366 τῆς
1894 2294 2027 2348 τῶν

105 2386 285 2475 ζςόων
342 2389 622 2472 φύσεως.
714 2389 1019 2452 καθόλου
1076 2384 1176 2452 δὲ’
1204 2389 1277 2452 τὸ
1335 2389 1598 2452 αἰδοῖον
1650 2389 1772 2454 οὐκ
1818 2391 2025 2473 Αἰγυ-
2063 2409 2093 2458 2

23 2512 75 2550 20
102 2497 333 2570 πτίους
391 2491 633 2579 μόνον,
704 2493 869 2558 ἀλλὰ
928 2491 1038 2558 καὶ
1092 2502 1227 2558 τῶν
1288 2494 1511 2559 ἄλλων
1576 2494 1698 2560 οὐκ
1759 2496 2025 2579 ὀλίγους

103 2600 580 2685 καθιερωκέναι
625 2602 789 2666 κατὰ
843 2601 958 2677 τὰς
1004 2601 1294 2684 τελετάς,
1343 2601 1433 2677 ὡς
1479 2597 1696 2666 αἴτιον
1740 2613 1853 2688 τῆς
1888 2615 2023 2670 τῶν

102 2702 287 2794 ζῴων
330 2706 669 2788 γενέσεως·
728 2707 885 2782 τούς
928 2729 998 2771 τε
1056 2706 1250 2792 ἱερεῖς
1305 2709 1464 2784 τοὺς
1517 2711 2024 2792 παραλαβόντας

97 2813 213 2889 τὰς
269 2815 585 2898 πατρικὰς
645 2813 1010 2898 ἱερωσύνας
1067 2810 1208 2878 κατ’
1251 2818 1598 2895 Αἴγυπτον
1657 2814 1868 2904 τούτῳ
1931 2823 2021 2902 τῷ

99 2925 237 3006 θεῷ
279 2930 545 3004 πρῶτον
582 2924 917 3002 μυεῖσθαι.
982 2916 1091 2982 καὶ
1128 2921 1286 2995 τοὺς
1323 2923 1559 2997 Πᾶνας
1598 2915 1673 2984 δὲ
1717 2919 1826 2985 καὶ
1863 2922 2020 2995 τοὺς
2059 2941 2089 2987 3

20 3040 70 3080 25
98 3026 452 3111 Σατύρους
506 3023 723 3110 φασὶν
770 3023 961 3089 ἕνεκα
1018 3033 1131 3108 τῆς
1177 3025 1382 3108 αὐτῆς
1437 3027 1649 3103 αἰτίας
1700 3031 2022 3111 τιμᾶσθαι

97 3129 252 3216 παρ’
298 3132 711 3215 ἀνθρώποις·
760 3133 864 3196 διὸ
911 3128 1020 3196 καὶ
1066 3132 1180 3208 τὰς
1226 3133 1486 3210 εἰκόνας
1531 3132 1754 3197 αὐτῶν
1801 3131 2020 3194 ἀνατι-

96 3235 294 3301 θέναι
333 3239 489 3312 τοὺς
524 3239 873 3312 πλείστους
919 3235 992 3300 ἐν
1030 3247 1169 3313 τοῖς
1207 3237 1408 3321 ἱεροῖς
1446 3234 1873 3321 ἐντεταμένας
1908 3229 2020 3295 καὶ

243 3435 269 3482 1
311 3424 475 3500 πρὸς]
506 3425 647 3498 πρός
676 3447 733 3483 τε
775 3428 836 3482 F
904 3426 1163 3492 καὶτοὺς
1190 3447 1307 3496 κερ.
1345 3428 1497 3497 vulg.
1572 3433 1604 3480 3
1643 3420 2018 3490 ἀναιροῦντα]

95 3494 508 3567 ἐπιτηδεύοντα
545 3499 643 3554 καὶ
672 3495 1023 3568 ἀναιροῦντα
1050 3498 1099 3551 D
1201 3503 1234 3552 8
1273 3494 1736 3566 περιειλημμένον
1766 3491 1834 3558 D,
1862 3507 2018 3557 περι-

95 3569 406 3639 δεδεμένον
452 3569 504 3622 II
650 3577 680 3624 9
734 3566 851 3641 διὸ]
901 3567 1100 3639 διόπερ
1149 3569 1300 3637 vulg.
1449 3573 1516 3620 23
1571 3562 1673 3626 τὰς
1718 3579 1826 3618 om.
1865 3559 2016 3628 vulg.

1593 3652 1701 3703 10*
