2569 4061
371 254 463 320 84
1050 249 1358 307 DIODORI
1397 248 1634 306 SICULI

375 418 542 501 μετα
597 413 898 498 λέοντος,
963 410 1588 497 συναγωνιζομένου
1631 420 1753 479 τοῦ
1808 414 2061 497 θηρίου
2112 434 2302 475 κατα-

372 527 767 606 πληκτικῶς·
821 516 989 607 ὑπὲρ
1039 514 1121 585 οὗ
1168 525 1304 586 τῶν
1352 517 1811 604 ἐξηγουμένων
1857 518 1929 584 οἰ
1978 515 2102 603 μὲν
2146 520 2307 600 ἔφα-

382 645 510 694 σαν
537 630 703 714 πρὸς
730 627 1057 711 ἀλήθειαν
1092 629 1421 712 χειροήθη
1451 623 1686 691 λέοντα
1722 628 2138 711 τρεφόμενον
2175 624 2307 690 ὑπὸ

381 743 504 800 τοῦ
548 732 872 817 βασιλέως
917 733 1474 816 συγκινδυνεύειν
1518 732 1699 820 αὐτῷ
1745 733 1912 797 κατὰ
1947 735 2065 810 τὰς
2102 732 2310 816 μάχας

380 840 493 907 καὶ
554 841 812 926 τροπὴν
873 849 1093 905 ποιεῖν
1150 848 1286 904 τῶν
1345 837 1668 904 ἐναντίων
1734 839 1846 906 διὰ
1898 840 2024 921 τὴν
2079 836 2312 921 ἀλκήν,
2339 852 2365 894 5

383 942 559 1022 τινὲς
604 943 666 1009 δ’
722 945 1037 1042 ἱστόρουν
1084 944 1185 1010 ὅτι
1231 941 1390 1009 καθ’
1435 944 1816 1029 ὑπερβολὴν
1862 943 2169 1029 ἀνδρεῖος
2215 943 2310 1008 ὢν

381 1051 497 1118 καὶ
551 1062 883 1137 φορτικῶς
939 1049 1179 1118 ἑαυτὸν
1232 1049 1659 1135 ἐγκωμιάζειν
1715 1052 2155 1134 βουλόμενος,
2201 1051 2314 1114 διὰ

391 1167 509 1241 τῆς
562 1166 684 1223 τοῦ
739 1155 1007 1234 λεόντος
1057 1158 1322 1234 εἰκόνος
1374 1157 1498 1239 τὴν
1552 1157 1862 1222 διάθεσιν
1917 1154 2159 1222 ἑαυτοῦ
2201 1164 2316 1237 τῆς

313 1267 347 1317 2
387 1271 603 1347 ψυχῆς
667 1262 1041 1347 ἐσήμαινεν.
1134 1263 1209 1328 ἐν
1266 1259 1341 1330 δὲ
1404 1272 1496 1351 τῷ
1562 1261 1851 1351 δευτέρω
1904 1264 2105 1351 τοίχῳ
2157 1265 2315 1338 τοὺς

377 1370 840 1454 αἰχμαλώτους
901 1370 1032 1436 ὑπὸ
1097 1378 1222 1435 τοῦ
1277 1367 1601 1453 βασιλέως
1664 1368 2034 1454 ἀγομένους
2095 1368 2313 1454 εἰργά-
2339 1386 2394 1426 10

381 1482 547 1541 σθαι
592 1476 676 1540 τά
718 1498 789 1541 τε
811 1476 1060 1542 ἀἰδοῖα
1105 1475 1217 1541 καὶ
1272 1476 1390 1552 τὰς
1434 1485 1657 1562 χεῖρας
1704 1476 1827 1543 οὐκ
1872 1478 2172 1560 ἔχοντας,
2220 1469 2309 1540 δι’

389 1576 487 1650 ὧν
541 1584 770 1649 δοκεῖν
827 1585 1207 1668 δηλοῦσθαι
1265 1583 1439 1648 διότι
1501 1592 1645 1659 ταῖς
1695 1593 1939 1667 ψυχαῖς
1992 1583 2317 1667 ἄνανδροι

394 1686 506 1754 καὶ
540 1692 707 1757 κατὰ
741 1692 860 1766 τὰς
893 1689 969 1755 ἐν
1005 1699 1147 1765 τοῖς
1183 1690 1432 1765 δεινοῖς
1468 1688 1801 1773 ἐνεργείας
1836 1690 2091 1775 ἄχειρες
2126 1684 2314 1772 ἦσαν.

313 1795 347 1845 8
384 1795 505 1860 τὸν
560 1791 635 1859 δὲ
689 1796 917 1880 τρίτον
972 1796 1149 1879 ἔχειν
1193 1796 1459 1878 γλυφὰς
1510 1796 1830 1871 παντοίας
1880 1793 1993 1860 καὶ
2048 1795 2316 1878 διαπρε-

386 1911 531 1977 πεῖς
575 1901 857 1986 γραφάς,
907 1897 992 1965 δι’
1050 1895 1147 1965 ὧν
1189 1901 1566 1984 δηλοῦσθαι
1610 1902 1985 1982 βουθυσίας
2029 1909 2150 1965 τοῦ
2196 1903 2315 1982 βα-
2353 1920 2422 1971 58

381 2005 616 2085 σιλέως
669 2004 780 2074 καὶ
842 2008 1183 2093 θρίαμβον
1236 2007 1365 2074 ἀπὸ
1423 2015 1546 2073 τοῦ
1603 2005 1898 2092 πολέμου
1954 2010 2312 2092 καταγόμε-
2342 2028 2393 2068 16

320 2120 355 2167 4
394 2139 537 2182 νον.
629 2116 803 2181 κατὰ
867 2111 941 2181 δὲ
1013 2112 1219 2198 μέσον
1288 2116 1437 2180 τὸν
1476 2118 1876 2201 περίστυλον
1949 2115 2317 2201 ὑπαίθριον

387 2223 616 2307 βωμὸν
645 2216 1119 2308 ᾠκοδομῆσθαι
1153 2230 1280 2287 τοῦ
1303 2223 1660 2287 καλλίστου
1689 2223 1892 2287 λίθου
1921 2229 1999 2306 τῇ
2036 2244 2106 2287 τε
2143 2232 2316 2308 χειρ-

313 2335 346 2384 5
385 2330 626 2414 ουργίᾳ
674 2327 1005 2412 διάφορον
1050 2324 1161 2391 καὶ
1204 2336 1299 2414 τῷ
1346 2324 1616 2412 μεγέθει
1662 2329 2074 2412 θαυμαστόν.
2146 2329 2311 2394 κατὰ

383 2430 461 2498 δὲ
504 2435 626 2499 τὸν
670 2438 1051 2499 τελευταῖον
1086 2442 1316 2517 τοῖχον
1351 2433 1674 2519 ὑπάρχειν
1711 2433 2111 2520 ἀνδριάντας
2145 2442 2311 2502 καθ-
2343 2455 2398 2495 20

383 2537 685 2623 ημένους
739 2539 865 2604 δύο
927 2541 1338 2621 μονολίθους
1393 2537 1553 2605 ἑπτα
1614 2537 1728 2605 καὶ
1792 2545 2002 2607 εἰκοσι
2066 2553 2317 2626 πηχῶν,

385 2639 542 2728 παρ’
605 2643 725 2721 οὓς
778 2645 1086 2720 εἰσόδους
1137 2654 1316 2731 τρεῖς
1370 2645 1442 2711 ἐκ
1499 2654 1621 2711 τοῦ
1677 2649 2081 2733 περιστύλου
2135 2670 2320 2714 κατε-

388 2750 793 2832 σκευάσθαι,
866 2743 1023 2814 καθ’
1104 2749 1182 2827 ἃς
1257 2747 1446 2818 οἷκον
1519 2751 1841 2839 ὑπάρχειν
1914 2753 2317 2836 ὑπόστυλον,

387 2855 631 2946 ᾠδείου
679 2858 931 2942 τρόπον
986 2857 1628 2945 κατεσκευασμένον,
1685 2858 1967 2944 ἑκάστην
2019 2861 2321 2945 πλευρὰν

318 2974 351 3024 6
389 2965 625 3049 ἔχοντα
683 2965 1067 3050 δίπλεθρον.
1158 2964 1232 3030 ἐν
1289 2967 1502 3054 τούτῳ
1565 2964 1626 3030 δ’
1681 2961 1855 3032 εἶναι
1898 2971 2157 3048 πλῆθος
2203 2965 2317 3030 ἄν·
2347 2987 2401 3028 25

392 3072 730 3158 δριάντων
767 3069 1075 3154 ξυλίνων,
1119 3072 1560 3157 διασημαῖνον
1587 3074 1745 3148 τοὺς
1785 3072 1950 3152 [τὰς]
1987 3070 2322 3156 ἀμφισβη-

389 3180 613 3261 τήσεις
667 3179 938 3261 ἔχοντας
991 3175 1104 3244 καὶ
1168 3176 1709 3264 προσβλέποντας
1764 3187 1905 3254 τοῖς
1960 3179 2076 3255 τὰς
2132 3180 2322 3257 δίκας

390 3287 723 3369 κρίνουσι·
769 3284 1052 3360 τούτους
1102 3282 1162 3350 δ’
1210 3279 1318 3367 ἐφ’
1362 3282 1510 3379 ἑνὸς
1551 3293 1688 3349 τῶν
1724 3287 1971 3367 τοίχων
2008 3284 2317 3369 ἐγγεγλύ-

539 3445 566 3490 1
606 3441 708 3494 τοῦ
747 3455 857 3496 om.
893 3441 942 3495 D
1125 3445 1156 3494 ’1
1204 3441 1473 3509 φορτικός
1516 3439 1668 3511 vulg.
1854 3447 1923 3498 10
1967 3444 2068 3498 τοῦ
2117 3459 2227 3499 om.
2267 3442 2316 3496 D

389 3507 462 3565 22
501 3507 670 3562 δοκεῖ
696 3509 815 3562 DF
955 3515 1021 3565 18
1060 3509 1434 3582 οἰκοδομῆσαι
1471 3511 1520 3566 D
1666 3518 1734 3568 26
1773 3509 1875 3578 τὰς
1914 3531 2021 3569 om.
2059 3513 2125 3569 D.
