2569 4061
35 218 41 501 J
778 385 875 440 DE
914 385 1260 443 SERMONE
1296 386 1686 445 DIODOREO.
2064 391 2192 447 LXI

36 548 37 567 ¹
252 556 325 617 in
369 556 566 616 forma
618 556 811 633 recta,
871 573 1053 631 quam
1109 556 1209 616 vel
1261 556 1327 615 in
1382 560 1739 635 argumento
1793 558 1936 618 libri
1989 559 2194 635 quarti

35 570 41 733 j
256 654 584 714 servarunt
630 651 859 729 optimi.

443 748 676 830 Μόγις,
730 769 852 811 non
906 748 1102 828 μόλις,
1156 749 1381 810 dixisse
1425 750 1755 811 Diodorum
1799 752 1890 815 ita
1930 752 2195 829 probant

260 851 433 926 ipsae
461 848 755 911 librorum
790 848 1136 924 varietateS,
1172 851 1243 908 ut
1280 849 1444 908 haud
1481 847 1660 909 dubie
1686 849 1891 910 Photii
1920 851 2000 910 sit
2026 848 2194 927 μόλις

258 950 372 1022 31,
402 949 462 1025 5,
494 951 528 1006 1
580 939 674 1027 (at
719 966 840 1008 exc.
878 947 1017 1006 Vat.
1065 943 1234 1024 μόγις
1281 948 1385 1025 31,
1417 947 1476 1020 5,
1507 937 1605 1027 2),
1654 948 1756 1024 36,
1788 948 1844 1020 2,
1876 949 1944 1023 2,
1992 949 2095 1021 36,
2126 949 2192 1023 6,

260 1047 371 1122 37,
394 1047 451 1121 2,
474 1047 511 1106 3
542 1036 642 1125 (ut
678 1044 837 1102 idem
863 1042 1117 1102 Photius
1155 1046 1368 1103 contra
1392 1042 1644 1104 Diodori
1670 1043 1857 1104 libros
1889 1037 2191 1124 3,17,4);

261 1147 327 1202 et
372 1142 606 1203 librarii
651 1144 713 1221 5,
743 1142 847 1218 33,
880 1144 936 1201 1.

444 1240 766 1319 Μολυβᾶς,
803 1238 967 1316 quod
1003 1241 1098 1298 est
1132 1232 1197 1296 i1‘1
1233 1237 1476 1314 optimis
1508 1242 1566 1317 2,
1598 1242 1698 1318 10,
1729 1240 1788 1318 5,
1828 1237 2012 1298 etiam
2049 1236 2195 1297 alibi

262 1337 378 1397 hoc
405 1338 761 1399 vocabulum
798 1340 862 1399 et
898 1355 1052 1413 quae
1093 1334 1171 1394 ab
1210 1354 1278 1395 eo
1318 1336 1619 1397 ducuntur
1643 1336 1973 1414 persuadet
1997 1354 2106 1412 per
2132 1357 2194 1411 υ,

258 1436 427 1514 quod
463 1436 769 1497 interdum
812 1436 1068 1512 praebet
1112 1434 1269 1493 liber
1315 1453 1469 1494 unus
1506 1438 1570 1494 et
1605 1437 1777 1513 alter,
1823 1439 1894 1495 ut
1931 1437 1991 1512 3,
2011 1436 2113 1511 14,
2134 1435 2191 1507 3,

257 1535 467 1611 potius
514 1553 648 1595 esse
693 1532 1075 1594 scribendum
1123 1550 1304 1608 quam
1349 1550 1458 1607 per
1502 1555 1541 1591 ι.

444 1633 625 1703 Ναῦς
674 1651 784 1709 pro
839 1639 982 1708 νῆες
1025 1632 1266 1691 illatum
1311 1633 1412 1705 11,
1445 1632 1546 1710 19,
1577 1632 1635 1708 3,
1680 1649 1787 1707 per
1831 1630 2193 1706 praecedens

262 1734 305 1791 2
364 1727 587 1800 πολλὰς
641 1736 822 1807 ναῦς,
893 1734 955 1790 et
1023 1729 1102 1790 ib.
1160 1732 1263 1807 24,
1305 1732 1371 1805 2,
1432 1729 1531 1813 13,
1573 1730 1674 1803 13,
1712 1730 1780 1804 4,
1840 1731 1941 1806 13,
1979 1730 2082 1801 46,
2124 1732 2191 1804 1,

262 1831 376 1903 13,
426 1829 528 1903 77,
579 1828 645 1903 6,
712 1829 812 1900 13,
862 1829 969 1901 78,
1017 1830 1083 1902 3,
1154 1830 1264 1904 13,
1318 1828 1461 1899 100,
1512 1828 1578 1903 3,
1648 1828 1758 1903 14,
1806 1828 1919 1901 60,
1968 1827 2033 1900 6,
2094 1828 2194 1900 14,

265 1927 474 2003 62,2;
536 1925 637 1998 14,
670 1926 839 2000 72,4
888 1927 948 1983 et
997 1926 1062 2004 5,
1119 1926 1456 2003 15,41,3;
1514 1927 1615 1996 17,
1647 1925 1847 2000 97,1;
1905 1925 2009 1997 22,
2039 1924 2195 1999 8,5;

265 2027 374 2104 23,
407 2025 508 2102 15,
539 2025 598 2098 4,
646 2020 907 2100 plurima
950 2022 1327 2101 redarguunt
1384 2023 1613 2083 formae
1657 2024 1860 2083 rectae
1906 2020 2195 2098 exempla,

263 2127 332 2182 et
373 2124 542 2198 ipsae
598 2122 892 2182 librorum
938 2124 996 2199 2,
1030 2124 1130 2198 17,
1163 2125 1220 2197 1,
1267 2121 1372 2180 ubi
1416 2128 1558 2198 νῆες
1611 2122 1819 2198 plures
1864 2120 1938 2180 de
1984 2119 2192 2179 melio-

263 2219 434 2280 ribus
491 2212 697 2302 (ΑΒ),
761 2222 862 2296 11,
895 2221 996 2296 60,
1028 2221 1096 2295 8,
1146 2221 1247 2295 12,
1278 2220 1479 2296 54,6;
1530 2221 1631 2296 19,
1661 2222 1766 2293 62,
1799 2221 1863 2295 7,
1914 2219 2192 2294 19,103,

266 2319 338 2393 5,
388 2319 489 2393 20,
519 2319 623 2392 52,
653 2319 724 2391 5,
774 2319 878 2393 20,
912 2318 1014 2392 61,
1047 2319 1104 2389 6,
1150 2315 1495 2376 varietates.

446 2410 580 2475 Νέα
622 2413 794 2486 πόλις
848 2413 955 2489 qui
1010 2412 1158 2473 alibi
1212 2430 1449 2488 semper
1502 2413 1735 2491 divisit,
1789 2431 1912 2472 non
1956 2411 2195 2487 scripsit

268 2514 506 2587 26,13,
541 2515 574 2571 1
624 2510 985 2583 Νεαπόλεως
1030 2514 1094 2571 et
1141 2511 1380 2588 32,12,
1413 2514 1445 2569 1
1496 2509 1822 2589 Νεαπόλει,
1879 2510 1986 2571 sed
2030 2505 2195 2582 Νέας

262 2606 497 2681 πόλεως
523 2613 585 2670 et
612 2606 746 2693 Νέᾳ
771 2608 958 2687 πόλει,
996 2610 1156 2686 (111οᾶ
1192 2628 1265 2669 ex
1299 2608 1473 2672 libris
1501 2610 1854 2670 restitutum
1885 2612 1987 2687 20,
2008 2611 2112 2685 44,
2137 2612 2193 2669 1.

261 2707 473 2783 Atque
529 2707 614 2767 sic
669 2708 853 2767 etiam
887 2700 1270 2777 Ἡλιούπολις
1311 2709 1366 2782 1,
1397 2708 1501 2781 57,
1530 2709 1599 2783 4,
1649 2710 1706 2784 1,
1736 2709 1839 2785 59,
1869 2710 1906 2769 3
1948 2711 2010 2767 et
2048 2700 2192 2789 4*);

264 2806 331 2879 5,
362 2806 465 2882 57,
498 2807 555 2880 2,
586 2804 965 2864 scribendum
992 2803 1110 2863 erit
1127 2797 1336 2864 Ἡλίου
1372 2800 1561 2881 πόλις,
1597 2806 1668 2863 ut
1698 2807 1754 2879 1,
1777 2806 1881 2881 84,
1900 2806 1941 2862 4
1978 2822 2193 2882 reapse

263 2900 483 2961 scribit
527 2901 825 2963 Eusebius
871 2902 1082 2977 Praep.
1125 2903 1183 2979 2,
1229 2921 1288 2977 p.
1318 2903 1423 2977 51,
1450 2901 1520 2979 Β,
1567 2922 1753 2979 quum
1796 2902 1937 2961 libri
1983 2904 2194 2978 optimi

269 3004 330 3076 1,
364 3000 466 3076 75,
497 3001 532 3059 3
584 2996 644 3070 ἐξ
671 2992 879 3059 Ἡλίου
925 2995 1038 3078 γὰρ
1082 2995 1309 3070 πόλεως
1352 3000 1685 3076 praebeant
1720 3020 1829 3075 pro
1866 2997 1925 3073 ἐξ
1952 2994 2192 3063 Ἡλιου-

262 3094 495 3168 πόλεως
527 3094 666 3176 γᾶρ,
710 3099 781 3156 ut
816 3095 1107 3171 Stephani
1149 3116 1387 3173 quoque
1421 3097 1564 3173 Byz.
1611 3096 1795 3157 codex
1830 3097 2192 3175 Rehdigera-

263 3212 381 3254 nus
438 3193 656 3255 dividit
709 3197 771 3253 et
825 3192 1069 3272 Strabo,
1133 3194 1237 3271 qui
1293 3194 1437 3255 dicit
1500 3195 1684 3255 etiam
1736 3188 1777 3272 ἡ
1831 3204 1939 3257 τοῦ
1982 3190 2190 3257 Ἡλίου

36 3291 41 3434 ἱ
263 3289 467 3368 πόλις,
534 3294 597 3351 et
649 3293 812 3351 recte
864 3309 1024 3350 nunc
1078 3292 1370 3354 dividitur
1414 3292 1576 3369 apud
1628 3293 2027 3368 Herodotum,
2086 3292 2193 3352 sed

264 3390 497 3466 gentile
533 3382 741 3449 Ἡλίου
785 3387 1048 3467 πολίτης,
1094 3390 1255 3467 quod
1299 3391 1461 3468 apud
1495 3390 1865 3467 Stephanum
1911 3389 2193 3451 scribitur

252 3480 691 3562 Ἡλιοπολίτης,
717 3485 1159 3546 restituendum
1187 3492 1283 3549 est
1301 3487 1627 3562 HerodotO,
1658 3488 1982 3561 eademque
2012 3484 2190 3558 scrip-

412 3672 467 3743 *)
503 3670 552 3725 D
583 3667 742 3742 ἧλίου
771 3671 984 3735 πόλεως
1016 3679 1062 3741 1,
1083 3678 1170 3743 57,
1190 3678 1249 3739 4,
1287 3669 1621 3753 unwan
1656 3670 1782 3737 (sio)
1815 3672 1862 3731 1,
1884 3669 1968 3730 59,
1990 3669 2021 3716 3
2053 3665 2111 3716 et
2136 3664 2189 3710 4.
