2569 4061
661 306 672 311 ’
781 323 1305 382 ARGUMENTUM
1342 326 1475 382 ms.
1516 328 1585 383 11.
1931 328 2161 385 Lxxxt

227 444 340 493 esp.

230 511 317 560 10.
355 502 664 575 Babylonis
698 503 855 559 horti
887 502 1150 573 pensiles.

229 591 319 641 11.
358 585 537 641 Urbes
576 584 720 640 aliae
759 585 819 639 et
853 584 1107 655 emporia
1146 583 1334 639 multa
1369 583 1443 638 ad
1477 584 1825 656 Euphratem
1861 589 1921 642 et
1957 586 2158 658 Tigrin

414 666 750 722 constructa.
827 661 1118 719 Obeliscus
1155 663 1359 735 ingens
1394 664 1454 718 in
1489 665 1584 720 via
1620 665 1983 723 nobilissima.

231 751 317 801 12.
354 746 633 801 Inimensa
668 742 964 815 bituminis
992 742 1052 797 in
1080 742 1398 813 Babylonia
1437 744 1614 812 copia.
1674 744 1854 804 Lacus
1881 746 2154 803 mortifer.

228 831 314 880 13.
356 824 680 880 Semiramis
735 824 887 895 apud
930 821 1305 893 Bagistanum
1359 824 1612 878 montem
1666 822 1860 879 hortos
1916 828 2156 895 apparat

407 905 596 975 ibique
647 921 809 960 suam
845 905 905 959 et
954 905 1181 958 centum
1229 900 1542 958 satellitum
1578 902 1858 971 imagines
1897 920 2030 960 saxo
2066 904 2153 960 in-

408 984 618 1056 sculpit
654 983 849 1039 addita
877 981 1122 1054 Syriacis
1160 981 1367 1037 litteris
1404 980 1793 1053 inscriptione.
1849 982 2060 1039 Eadem
2097 983 2159 1038 in

407 1064 588 1121 hortis
636 1065 710 1119 ad
755 1062 951 1118 urbem
1000 1061 1327 1117 Chauonem
1373 1061 1650 1118 institutis
1699 1078 1880 1131 vagae
1935 1062 2158 1118 libidini

406 1144 682 1214 indulget.
722 1143 889 1200 Viam
916 1159 1020 1212 per
1037 1143 1289 1197 montem
1310 1141 1615 1198 Zarcaeum
1633 1143 1833 1214 aperit,
1852 1143 2158 1198 Ecbatanis

405 1225 620 1294 regiam
649 1223 843 1278 condit
860 1238 1039 1291 eoque
1068 1237 1168 1291 per
1195 1224 1445 1276 montem
1466 1222 1733 1279 Orontem
1755 1239 1961 1294 aquam
1985 1223 2155 1278 ducit.

225 1310 310 1359 14.
350 1303 605 1360 Persiam
640 1306 699 1360 et
733 1304 1014 1373 reliquam
1040 1302 1236 1358 Asiam
1265 1301 1390 1358 adit
1425 1305 1594 1372 atque
1623 1303 2002 1360 monumentis
2034 1304 2149 1359 suis

407 1387 654 1440 exornat.
721 1385 865 1438 Tum
901 1383 1014 1438 iter
1055 1381 1196 1437 facit
1229 1398 1331 1452 per
1357 1379 1680 1453 Aegyptum
1716 1382 1778 1438 in
1803 1385 2042 1455 Libyam
2080 1385 2155 1439 ad

403 1465 594 1521 Iovem
621 1463 971 1531 Ammonem,
1012 1462 1168 1516 cuius
1206 1463 1497 1516 oraculum
1535 1463 1604 1518 de
1643 1463 1796 1519 exitu
1831 1464 1986 1520 vitae
2016 1480 2151 1519 suae

406 1544 669 1600 consulit.
1866 1553 1887 1562 -

222 1630 309 1681 15.
353 1624 553 1679 Obiter
590 1622 934 1691 Aethiopum
973 1620 1286 1690 sepeliendi
1320 1620 1461 1675 ritus
1498 1620 1901 1679 deseribuntur.

223 1701 258 1758 1‘
262 1710 315 1758 6.
357 1700 684 1756 Semiramis
712 1700 861 1755 redit
885 1700 1094 1754 Bactra
1122 1701 1180 1753 et
1205 1698 1358 1753 Indis
1384 1699 1597 1754 bellum
1625 1697 1855 1755 illatura
1881 1704 2047 1770 parat
2071 1703 2155 1758 in-

409 1783 608 1851 gentes
625 1779 835 1851 copias,
863 1779 1062 1834 lintres
1083 1777 1369 1845 solubiles,
1388 1777 1820 1846 elephantorum
1839 1778 2155 1837 simulacra.

229 1868 313 1918 17.
354 1861 568 1932 Copiae
607 1859 994 1917 Semiramidis
1032 1858 1444 1914 enumerantur.
1520 1855 1729 1911 Contra
1764 1874 1889 1912 eam
1926 1858 2157 1914 Stabro·

164 1937 171 1943 ’
400 1943 563 1998 bates
600 1942 867 1997 Indorum
903 1956 1003 1995 rex
1040 1954 1257 1993 summo
1295 1953 1465 2008 opere
1505 1935 1720 1993 bellum
1755 1939 1938 2008 parat.

226 2027 309 2077 18.
350 2021 675 2080 Semiramis
714 2037 897 2091 neque
925 2015 1309 2075 admonitione
1351 2035 1535 2089 neque
1574 2017 1740 2073 minis
1779 2016 2153 2076 Stabrobatae

400 2103 704 2159 deterritus
741 2102 925 2172 prima
960 2114 1155 2170 pugna
1189 2099 1249 2154 in
1275 2099 1415 2155 Indo
1443 2098 1672 2155 flumine
1709 2099 1865 2155 facta
1901 2101 2156 2172 superior

402 2182 660 2238 discedit.

225 2267 309 2316 19.
347 2261 548 2331 Pugna
582 2261 880 2316 terrestris.
951 2259 1078 2314 Indi
1121 2258 1330 2315 iterum
1385 2255 1596 2326 fugati,
1645 2256 1746 2310 sed
1787 2257 2154 2316 Stabrobates

403 2354 503 2393 rex
538 2337 720 2393 aciem
755 2337 1016 2393 restituit.
1090 2338 1314 2409 Regina
1348 2336 1580 2392 vulnere
1620 2338 1854 2405 accepto
1891 2337 1985 2393 vix
2024 2355 2151 2393 cum

407 2417 580 2472 tertia
616 2418 891 2473 exercitus
927 2421 1089 2488 parte
1128 2417 1338 2474 evadit.

219 2503 312 2551 20.
352 2495 676 2553 Semiramis
734 2499 806 2553 ob
862 2498 1092 2553 insidias
1146 2499 1329 2553 factas
1375 2499 1435 2552 et
1478 2511 1696 2551 memor
1743 2498 1956 2554 oraculi
2000 2498 2153 2556 Iovis

401 2577 695 2633 Ammonis
731 2578 952 2648 Ninyae
990 2577 1108 2633 filio
1145 2595 1380 2650 regnum
1416 2576 1610 2632 tradit.
1677 2575 1984 2633 Confestim
2022 2596 2151 2635 eva-

398 2659 550 2728 nuit,
595 2661 668 2715 ab
707 2658 950 2728 Assyriis
990 2657 1194 2713 deinde
1238 2657 1390 2712 inter
1425 2656 1563 2711 deos
1599 2656 1782 2713 relata
1819 2660 1879 2712 et
1914 2659 2017 2714 sub
2058 2677 2148 2716 co·

398 2738 625 2793 lumbae
661 2737 911 2808 imagine
948 2738 1120 2794 culta.
1196 2736 1510 2806 Scriptores
1547 2740 1909 2792 recensentur
1943 2739 2041 2807 qui
2077 2741 2145 2795 de

399 2817 773 2873 Semiramide
811 2817 1035 2873 diversa
1067 2820 1314 2873 narrant.

218 2903 306 2955 21.
344 2898 568 2968 Ninyae
616 2900 677 2954 et
723 2913 1107 2952 successorum
1159 2898 1408 2952 omnium
1453 2913 1556 2967 per
1600 2896 1874 2966 tringinta
1929 2899 2149 2957 aetates

396 2977 521 3031 vita
556 2976 857 3032 desidiosa.
929 2977 1368 3046 Sardanapallus
1404 2975 1655 3032 ultimus.
1721 2977 1880 3032 Tunc
1916 2974 2150 3050 Assyria

397 3056 579 3112 Medis
616 3055 885 3112 subiecta.

220 3141 305 3189 22.
344 3135 430 3189 Ex
463 3136 553 3192 his
580 3137 940 3206 Assyriorum
966 3134 1195 3206 regibus
1233 3152 1377 3191 unus
1407 3135 1715 3192 Teutamus
1743 3138 2148 3203 memorabilis,

400 3216 499 3283 qui
534 3214 727 3286 copias
763 3216 837 3269 ad
872 3214 1086 3271 bellum
1122 3215 1430 3271 Troianum
1465 3215 1624 3271 misit
1657 3216 1799 3271 duce
1837 3216 2148 3271 Memnone.

398 3294 721 3351 Memnonia
757 3294 795 3350 i.
833 3311 882 3350 e.
921 3295 1092 3351 aedes
1124 3295 1318 3366 regias
1356 3296 1510 3351 Susis
1549 3297 1887 3352 exstructae.

219 3379 305 3429 23.
345 3372 741 3446 Sardanapalli
775 3376 899 3431 vita
934 3377 1235 3432 luxuriosa.

218 3458 304 3507 24.
342 3455 594 3510 Arbaces
630 3455 827 3510 Medus
874 3458 933 3512 et
978 3456 1205 3527 Belesys
1241 3454 1587 3524 Babylonius
1633 3448 1970 3508 defectionis
2017 3462 2148 3501 con-

399 3534 529 3589 silia
580 3535 793 3591 ineunt.
884 3536 1138 3591 Arabum
1191 3534 1508 3605 principem
1572 3530 1855 3588 advocant
1910 3525 2144 3588 socium·

398 3629 633 3684 magnas
670 3617 882 3686 cogunt
918 3612 1128 3684 copias.

324 3710 580 3754 Drononus
608 3714 645 3755 1.

1806 3685 1836 3734 f
