2569 4061
366 172 452 238 62
1044 170 1352 228 DIODORI
1389 170 1627 228 SIGULI

364 343 740 421 σαφοῦντες
791 336 1044 412 πόσους
1086 335 1316 419 πῄχεις
1367 332 1410 417 ἢ
1458 334 1829 412 δακτύλους
1882 332 2294 420 ἀναβέβηκεν

365 441 401 507 ὁ
447 442 740 525 ποταμὸς
783 438 895 505 καὶ
938 443 1099 505 πότε
1137 441 1260 524 τὴν
1306 440 1518 526 ἀρχὴν
1564 443 1913 525 πεποίηται
1948 449 2064 525 τῆς
2109 441 2295 508 ἐλατ-

258 569 323 618 12
362 547 638 624 τωσεως.
732 547 844 612 διὰ
916 542 991 613 δὲ
1060 555 1185 612 τοῦ
1263 547 1579 612 τοιούτου
1650 550 1902 633 τρόπου
1982 557 2100 631 τῆς
2171 544 2294 634 μὲν

363 652 653 735 ἀγωνίας
697 652 1056 719 ἀπολύεται
1100 662 1229 729 πᾶς
1275 651 1313 717 ὁ
1360 655 1538 736 λαός,
1584 655 1971 738 πυθόμενος
2014 655 2146 738 τὴν·
2176 663 2293 739 τῆς

362 759 698 843 αὐξήσεως
744 761 840 837 εἰς
891 760 1293 825 τούναντίον
1338 761 1742 844 μεταβολήν,
1787 762 1861 826 τὸ
1911 756 1985 825 δὲ
2030 766 2293 845 πλῆθος
2318 777 2344 817 5

358 875 494 931 τῶν
548 864 886 950 ἐσομένων
938 876 1215 951 καρπῶν
1270 865 1482 943 εὐθὺς
1535 866 1821 943 ἅπαντες
1872 869 2290 952 προεπεγνώ-

358 988 586 1055 κασιν,
642 971 716 1037 ἐκ
758 975 1026 1037 πολλῶν
1080 973 1346 1056 χρόνων
1399 980 1516 1055 τῆς
1571 975 2087 1059 παρατηρήσεως
2134 975 2290 1040 ταύ-

359 1102 476 1162 της
522 1079 701 1163 παρὰ
744 1087 885 1155 τοῖς
919 1079 1316 1160 Αἰγυπτίοις
1361 1078 1650 1164 ἀκριβῶς
1686 1077 2288 1164 ἀναγεγραμμένης.

251 1187 335 1251 37
536 1185 857 1268 Μεγάλης
901 1182 963 1249 δ’
1009 1184 1215 1268 οὔσης
1260 1183 1540 1270 ἀπορίας
1574 1184 1728 1271 περὶ
1772 1194 1888 1270 τῆς
1922 1195 2045 1251 τοῦ
2089 1207 2289 1252 ποτα-

356 1298 488 1375 μοῦ
522 1290 943 1376 πληρώσεως,
982 1289 1507 1377 ἐπικεχειρήκασι
1542 1291 1781 1358 πολλοὶ
1815 1303 1952 1359 τῶν
1986 1316 2057 1358 τε
2094 1297 2286 1378 φιλο·
2315 1307 2370 1347 10
2503 1327 2509 1332 ·
2568 1297 2569 1300 ’

357 1400 590 1482 σόφων
643 1394 757 1462 καὶ
809 1407 946 1463 τῶν
1003 1398 1359 1484 ἱστορικῶν
1416 1397 1813 1464 ἀποδιδόναι
1871 1400 1988 1476 τὰς
2044 1399 2287 1483 ταύτης

355 1503 597 1586 αἰτίας,
652 1501 805 1589 περὶ
859 1498 956 1570 ὧν
1011 1500 1086 1569 ἐν
1139 1507 1528 1588 κεφαλαίοις
1581 1503 1892 1591 ἐροῦμεν,
1954 1505 2068 1570 ἵνα
2125 1507 2287 1590 μήτε

353 1610 608 1695 μακρὰς
644 1610 994 1694 ποιώμεθα
1029 1610 1147 1687 τὰς
1180 1609 1621 1695 παρεκβάσεις
1656 1612 1816 1693 μήτε
1854 1611 2167 1696 ἄγραφον
2210 1613 2285 1677 τὸ

282 1738 312 1786 2
351 1718 532 1802 παρὰ
576 1725 780 1781 πᾶσιν
827 1716 1340 1800 ἐπιζητούμενον
1386 1713 1863 1798 ἀπολείπωμεν.
1951 1716 2121 1792 ὅλως
2155 1719 2284 1803 γὰρ

350 1818 516 1907 ὑπὲρ
572 1831 688 1906 τῆς
742 1820 1128 1904 ἀναβάσεως
1169 1827 1293 1886 τοῦ
1352 1821 1611 1884 Νείλου
1665 1817 1778 1885 καὶ
1831 1829 1967 1885 τῶν
2026 1833 2282 1906 πηγῶν,
2311 1837 2364 1877 15

349 1929 446 1993 ἔτι
502 1924 578 1993 δὲ
630 1935 746 2012 τῆς
800 1927 897 2004 εἰς
949 1927 1293 1993 θάλατταν
1356 1925 1633 2010 ἐκβολῆς
1691 1924 1803 1993 καὶ
1864 1937 2001 1994 τῶν
2062 1929 2283 1995 ἄλλων

351 2029 447 2103 ὧν
522 2037 656 2121 ἔχει
720 2036 1071 2121 διαφορῶν
1142 2037 1320 2122 παρὰ
1391 2036 1549 2112 τοὺς
1613 2036 1860 2114 ἄλλους
1922 2038 2282 2122 ποταμούς,

349 2143 657 2228 μέγιστος
710 2143 806 2209 ὢν
864 2153 1001 2208 τῶν
1052 2144 1218 2209 κατὰ
1270 2143 1396 2227 τὴν
1451 2141 1884 2228 οἰκουμένην,
1930 2140 2106 2222 τινὲς
2160 2141 2284 2229 μὲν

348 2260 483 2315 τῶν
511 2247 958 2335 συγγραφέων
994 2248 1220 2327 ἁπλῶς
1248 2249 1374 2314 οὐκ
1409 2247 1783 2334 ἐτόλμησαν
1811 2247 2015 2316 οὐδὲν
2047 2252 2279 2335 εἰπεῖν,

346 2356 582 2440 καίπερ
656 2356 969 2431 εἰωθότες
1042 2356 1365 2438 μηκύνειν
1428 2353 1637 2419 ἐνίοτε
1701 2353 1854 2441 περὶ
1917 2358 2280 2443 χειμάρρου
2308 2372 2362 2413 20

345 2468 467 2524 τοῦ
535 2463 887 2544 τυχόντος,
952 2456 1127 2536 τινες
1186 2457 1248 2524 δ’
1312 2457 1779 2544 ἐπιβαλόμενοι
1844 2457 2062 2542 λέγειν
2126 2460 2281 2548 περὶ

343 2575 480 2631 τῶν
539 2563 1066 2650 ἐπιζητουμένων
1118 2568 1293 2631 πολὺ
1345 2573 1462 2649 τῆς
1517 2564 1836 2650 ἀληθείας
1892 2566 2276 2651 διήμαρτον.

274 2692 307 2742 3
346 2673 418 2737 οἰ
458 2668 579 2757 μὲν
615 2672 745 2759 γὰρ
790 2669 943 2758 περὶ
984 2672 1105 2736 τὸν
1136 2668 1529 2737 Ἑλλάνικον
1573 2669 1685 2737 καὶ
1721 2672 2024 2756 Κάδμον,
2071 2673 2168 2736 ἔτι
2206 2669 2270 2736 δ’

335 2775 713 2861 Ἑκαταῖον,
769 2776 879 2844 καὶ
925 2778 1165 2855 πάντες
1221 2779 1293 2844 οἰ
1332 2787 1657 2861 τοιοῦτοι,
1714 2775 1986 2843 παλαιοὶ
2029 2779 2276 2843 παντά-

342 2902 548 2951 πασιν
586 2887 795 2969 ὄντες,
833 2886 929 2963 εἰς
956 2885 1075 2963 τὰς
1110 2886 1451 2969 μυθώδεις
1477 2884 1847 2970 ἀποφάσεις
1885 2882 2274 2977 ἀπέκλιναν·
2302 2904 2358 2945 25

271 3014 306 3061 4
334 2990 700 3079 “Ηρόδοτος
765 2988 839 3057 δὲ
904 2992 941 3058 ὁ
1003 2993 1533 3078 πολυπράγμων,
1603 2991 1668 3056 εἰ
1724 2992 1844 3055 καί
1898 3013 1999 3068 τις
2052 2991 2271 3075 ἄλλος,

341 3100 639 3183 γεγονὼς
684 3095 795 3164 καὶ
839 3102 1090 3182 πολλῆς
1136 3098 1432 3184 ἱστορίας
1476 3099 1783 3183 ἔμπειρος
1829 3095 2272 3184 ἐπικεχείρηκε

489 3299 520 3347 6
557 3287 986 3361 προεγνῶκασιν
1025 3288 1133 3345 OF
1195 3296 1225 3345 7
1254 3289 1500 3361 πολλῶν]
1532 3289 1645 3344 τῶν
1674 3285 1855 3344 ἄλλων
1886 3289 1974 3345 01³*
2044 3296 2077 3346 8
2115 3288 2270 3357 παρὰ

339 3365 457 3420 τοῖς
512 3360 861 3434 Αἰγυπτίοις]
917 3380 999 3417 πα
1041 3357 1058 3379 ’
1098 3356 1297 3425 αὐτοῖς
1351 3358 1436 3415 CF
1596 3366 1658 3415 11
1718 3356 2044 3417 ἀποδοῦναι
2098 3361 2275 3416 ΑΒΕ

342 3428 434 3492 (of.
475 3429 925 3500 Theophylaotoe
962 3432 1013 3487 V
1045 3431 1067 3486 1
1109 3436 1197 3503 17)
1341 3438 1409 3487 21
1448 3432 1548 3487 τοῦ
1590 3448 1700 3490 om.
1739 3431 1805 3489 D.
