2569 4061
1105 300 1183 355 IV
1212 305 1262 354 ὅ.
1294 307 1344 355 6.
2047 302 2180 367 403

151 461 646 535 262ἀνελέσθαι.
740 464 865 546 τὴν
931 464 1004 528 δὲ
1062 454 1226 528 Ἶσιν
1292 462 1415 528 τὸν
1478 465 1696 546 φόνον
1757 473 1879 530 τοῦ
1944 456 2196 550 ἀνδρὸς

174 632 175 635 ,
262 570 740 653 ἀναζητοῦσαν,
795 566 906 634 καὶ
951 571 1111 646 τοὺς
1154 565 1277 653 μὲν
1330 573 1614 646 Τιτᾶνας
1660 569 2053 654 ἀνελοῦσαν,
2108 572 2189 636 τὰ

264 672 338 741 δὲ
391 683 514 740 τοῦ
569 675 872 760 σώματος
916 673 1081 762 μέρη
1128 675 1630 762 περιπλάσασαν
1677 677 1772 751 εἰς
1818 675 2189 762 ἀνθρώπου

260 782 501 865 τύπον,
556 790 764 846 ταῦτα
817 777 941 866 μὲν
998 782 1239 847 δοῦναι
1294 780 1513 858 θάψαι
1568 791 1709 858 τοῖς
1770 782 2020 867 ἱερεῦσι
2076 781 2190 849 καὶ

205 907 236 951 5⁴
258 897 458 973 τιμᾶν
493 888 858 976 προστάξαι
895 888 985 965 ὡς
1021 890 1191 954 θεὸν
1227 889 1348 953 τὸν
1373 886 1658 974 ’Όσιριν,
1695 889 1771 953 τὸ
1812 883 1884 952 δὲ
1923 890 2188 955 αἰδοῖον

257 999 470 1080 μόνον
518 995 601 1062 οὐ
648 993 1032 1080 δυναμένην
1077 994 1389 1081 ἀνευρεῖν
1432 993 1811 1073 καταδεῖξαι
1853 1004 2053 1080 τιμᾶν
2100 997 2189 1074 ὡς

256 1105 425 1168 θεὸν
488 1100 600 1167 καὶ
664 1101 1022 1168 ἀναθεῖναι
1084 1103 1251 1167 κατὰ
1323 1103 1398 1167 τὸ
1476 1102 1660 1189 ἱερὸν
1733 1100 2185 1187 ἐντεταμένον.

255 1207 408 1293 περὶ
464 1204 586 1292 μὲν
641 1201 766 1271 οὗν
819 1214 936 1290 τῆς
989 1207 1315 1290 γενέσεως
1366 1217 1487 1273 τοῦ
1537 1208 1855 1295 Πριάπου
1910 1206 2022 1273 καὶ
2070 1217 2188 1293 τῆς

174 1398 177 1399 ⁷
254 1323 447 1400 τιμῆς
480 1321 757 1378 τοιαῦτα
793 1318 1275 1397 μυθολογεῖται
1310 1317 1490 1400 παρὰ
1525 1326 1665 1392 τοῖς
1701 1320 2009 1393 παλαιοῖς
2049 1326 2185 1381 τῶν

173 1440 228 1479 10
255 1421 664 1503 Αἰγυπτίων.
756 1426 999 1483 τοῦτον
1061 1415 1135 1484 δὲ
1191 1420 1313 1485 τὸν
1369 1421 1538 1486 θεὸν
1596 1417 1773 1498 τινὲς
1832 1418 1955 1505 μὲν
2007 1419 2184 1487 Ἰθύ-
2222 1429 2257 1478 4

257 1530 519 1611 φαλλον
556 1524 977 1608 ὀνομάζουσι,
1024 1520 1200 1600 τινὲς
1237 1520 1313 1588 δὲ
1358 1526 1654 1609 Τύχωνα.
1730 1529 1846 1603 τὰς
1884 1524 1958 1593 δὲ
1993 1531 2186 1612 τιμὰς

257 1632 340 1696 οὐ
397 1634 609 1715 μόνον
662 1631 829 1696 κατὰ
881 1632 1079 1695 πόλιν
1144 1629 1597 1714 ἀπονέμουσιν
1653 1631 1831 1719 αὐτῷ
1891 1633 1993 1712 [ἐν
2045 1646 2185 1711 τοῖς

257 1739 514 1823 ίεροῖς],
561 1735 729 1802 ἀλλὰ
771 1734 882 1802 καὶ
928 1737 1093 1802 κατὰ
1136 1737 1253 1814 τὰς
1300 1735 1641 1819 ἀγροικίας
1689 1736 2184 1823 ὀπωροφύλακα

253 1854 390 1909 τῶν
436 1843 845 1928 ἀμπελώνων
892 1842 1408 1920 ἀποδεικνύντες
1450 1842 1563 1909 καὶ
1607 1854 1743 1909 τῶν
1789 1846 2041 1929 κήπων,
2088 1849 2184 1911 ἔτι

172 1970 225 2009 15
255 1947 329 2016 δὲ
383 1952 551 2037 πρὸς
602 1953 761 2027 τοὺς
814 1950 1305 2035 βασκαίνοντάς
1358 1974 1423 2016 τι
1481 1961 1616 2016 τῶν
1672 1957 1896 2017 καλῶν
1941 1961 2184 2018 τοῦτον

252 2060 587 2143 κολαστὴν
649 2059 1182 2145 παρεισάγοντες.
1271 2060 1348 2123 ἔν
1405 2082 1474 2124 τε
1536 2068 1683 2137 ταῖς
1748 2065 2034 2137 τελεταῖς
2100 2060 2183 2125 οὐ

252 2168 465 2249 μόνον
528 2175 672 2242 ταῖς
733 2170 1248 2247 Διονυσιακαῖς,
1324 2163 1491 2229 ἀλλὰ
1553 2162 1667 2230 καὶ
1737 2175 1882 2242 ταῖς
1953 2167 2184 2245 ἄλλαις

254 2272 497 2356 σχεδὸν
542 2270 827 2349 ἁπάσαις
872 2265 1070 2348 οὗτος
1117 2271 1153 2337 ὁ
1197 2272 1362 2348 θεὸς
1396 2272 1715 2355 τυγχάνει
1752 2273 1935 2349 τινὸς
1970 2282 2182 2357 τιμῆς,

253 2379 417 2461 μετὰ
469 2377 756 2461 γέλωτος
809 2376 920 2443 καὶ
975 2378 1245 2454 παιδιᾶς
1297 2380 1867 2462 παρεισαγόμενος
1921 2377 1994 2442 ἐν
2038 2390 2183 2456 ταῖς

171 2503 228 2543 20
253 2486 541 2561 θυσίαις.
632 2487 1107 2570 παραπλησίως
1153 2479 1228 2548 δὲ
1270 2491 1363 2571 τῷ
1413 2484 1698 2573 Πριάπῳ
1744 2480 1921 2561 τινὲς
1966 2491 2179 2570 μυθο-
2218 2506 2250 2555 5

255 2593 532 2671 λογοῦσι
573 2596 979 2675 γεγενῆσθαι
1028 2593 1146 2656 τὸν
1194 2589 1688 2675 ὀνομαζόμενον
1733 2588 2181 2677 Ἑρμαφρόδι-

251 2717 393 2778 τον,
431 2694 512 2759 ὃν
549 2694 616 2775 ἐξ
643 2693 892 2782 Ἑρμοῦ
928 2693 1041 2761 καὶ
1072 2693 1469 2781 Ἀφροδίτης
1504 2695 1919 2780 γεννηθέντα
1953 2709 2180 2784 τυχεῖν

249 2810 366 2886 τῆς
412 2801 479 2880 ἐξ
525 2800 924 2889 ἀμφοτέρων
968 2813 1104 2867 τῶν
1148 2801 1407 2885 γονέων
1454 2806 1894 2888 συντεθείσης
1928 2823 2179 2892 προση-

249 2912 500 2995 γορίας.
599 2918 843 2975 τοῦτον
909 2907 971 2973 δ’
1025 2909 1098 2973 οἰ
1155 2906 1277 2992 μέν
1342 2925 1551 2994 φασιν
1611 2904 1784 2976 εἶναι
1841 2914 2011 2977 θεὸν
2069 2909 2180 2976 καὶ

167 3032 221 3074 25
253 3017 419 3081 κατά
462 3037 649 3092 τινας
682 3017 971 3100 χρόνους
1011 3017 1380 3100 φαίνεσθαι
1415 3010 1574 3101 παρ’
1610 3015 2020 3102 ἀνθρώποις,
2068 3013 2178 3080 καὶ

248 3127 624 3205 γεννᾶσθαι
667 3122 792 3204 τὴν
835 3129 958 3186 τοῦ
1006 3122 1308 3205 σώματος
1346 3121 1556 3204 φύσιν
1595 3123 1831 3205 ἔχοντα
1868 3119 2177 3204 μεμιγμέ-

248 3251 377 3313 νην
434 3228 500 3308 έξ
558 3226 806 3312 ἀνδρὸς
857 3224 970 3291 καὶ
1023 3229 1364 3309 γυναικός·
1424 3224 1536 3292 καὶ
1590 3228 1714 3309 τὴν
1768 3221 1890 3308 μὲν
1944 3224 2176 3310 εὐπρέ-

394 3426 427 3476 6
467 3416 542 3484 ὡς
577 3416 726 3475 θεὸν
762 3418 933 3489 τιμᾶν
970 3416 1020 3470 D
1099 3424 1164 3472 11
1209 3419 1466 3488 Τυφῶνα
1503 3418 1566 3472 F
1638 3423 1705 3472 12
1745 3413 1808 3472 ἐν
1845 3421 1965 3479 τοῖς
2002 3413 2177 3486 ἱεροῖς

248 3491 455 3562 delevi,
485 3494 618 3546 ante
647 3485 1034 3560 ἀπονέμουσιν
1070 3490 1234 3560 ponit
1259 3491 1335 3544 D-
1386 3494 1453 3543 18
1492 3484 1699 3558 σχεδὸν
1726 3503 1834 3542 om.
1864 3486 1917 3541 II
1944 3489 2025 3556 (et
2042 3488 2173 3542 Eua.

246 3580 332 3633 pr.
363 3580 449 3618 ev.
478 3562 533 3616 11
562 3569 614 3632 2,
654 3562 742 3631 14)
825 3557 978 3624 τινὸς
1014 3562 1180 3632 τιμῆς
1213 3559 1263 3613 D
1303 3561 1385 3631 (et
1420 3559 1596 3628 Eum),
1634 3559 1797 3630 τιμῆς
1833 3577 1986 3622 τινος
2020 3559 2174 3629 vulg.

1745 3648 1856 3704 26*
