2569 4061
351 190 437 255 88
1019 186 1328 244 monom
1364 184 1598 243 smum

353 355 552 418 πόλιν
597 353 805 416 τόπον
848 356 1227 435 πληροῦσα,
1270 351 1448 434 πλὴν
1492 341 1538 436 ᾗ
1580 352 1656 416 τὸ
1701 359 1890 435 χῶμα
1933 349 2279 415 κατεσκεύ-

283 480 316 527 6
355 476 547 542 αστο,
603 459 1002 543 θαυμαστὴν
1055 456 1264 524 ἐποίει
1317 458 1442 541 τὴν
1499 458 1884 543 ὀχυρότητα.
1977 456 2149 522 οὕτω
2203 451 2281 520 δὲ

353 570 568 641 καλῶς
624 563 661 629 ὁ
715 566 943 640 κτίσας
997 563 1209 647 αὐτὴν
1263 563 1663 648 ἐστοχάσατο
1707 571 1824 648 τῆς
1874 573 2011 630 τῶν
2053 565 2281 628 τόπων

356 670 697 756 εὐκαιρίας
741 671 909 735 ὥστε
953 674 1112 747 τοὺς
1157 669 1306 754 ἑξῆς
1358 673 1656 753 βασιλεῖς
1699 671 1939 756 σχεδὸν
1984 670 2281 746 ἅπαντας

355 781 834 855 καταλιπόντας
893 778 1010 855 τὰς
1074 779 1299 861 Θήβας
1360 778 1442 843 τά
1504 800 1575 844 τε
1628 780 1931 861 βασίλεια
1988 774 2103 842 καὶ
2156 776 2279 859 τὴν
2307 790 2336 830 ⁵

359 891 622 969 οἴκησιν
686 883 761 950 ἐν
823 884 1029 969 ταύτῃ
1087 879 1450 952 ποιεῖσθαι.
1543 885 1774 968 διόπερ
1838 884 1966 949 ἀπὸ
2025 884 2283 948 τούτων

355 1003 492 1059 τῶν
535 993 799 1077 χρόνων
843 990 1086 1075 ἤρξατο
1140 997 1626 1058 ταπεινοῦσθαι
1670 987 1794 1075 μὲν
1845 992 1928 1056 τα
1971 989 2124 1073 περὶ
2168 990 2287 1065 τὰς

361 1102 606 1183 Θήβας,
653 1096 980 1176 αὔξεσθαι
1016 1093 1091 1162 δὲ
1134 1098 1217 1162 τὰ
1251 1095 1406 1180 περὶ
1440 1098 1565 1182 τὴν
1598 1096 1903 1183 Μέμφιν,
1949 1095 2074 1174 ἕως
2112 1091 2286 1162 Ἀλε-

361 1205 655 1290 ξάνδρου
718 1212 841 1268 τοῦ
901 1202 1253 1287 βασιλέως·
1325 1206 1569 1270 τούτου
1632 1206 1760 1289 γὰρ
1826 1202 1936 1269 ἐπὶ
1989 1201 2287 1287 θαλάττῃ

359 1312 483 1395 τὴν
537 1310 892 1395 ἐπώνυμον
946 1310 1126 1397 αὐτῷ
1184 1313 1386 1377 πόλιν
1441 1312 1817 1386 οἰκίσαντος
1870 1309 1942 1374 οἰ
1989 1305 2168 1394 καταὲ
2211 1308 2287 1372 τὸ
2317 1322 2374 1361 10

362 1418 509 1502 ἑξῆς
564 1418 1079 1501 βασιλεύσαντες
1131 1425 1248 1500 τῆς
1302 1418 1653 1499 Αἰγύπτου
1706 1416 1946 1491 πάντες
1999 1413 2288 1500 ἐφιλοτι-

294 1541 324 1590 7
365 1528 680 1611 μήθησαν
726 1526 822 1601 εἰς
865 1524 989 1607 τὴν
1040 1524 1286 1607 ταύτης
1330 1523 1628 1607 αὔξησιν.
1720 1523 1792 1588 οἰ
1830 1517 1954 1606 μὲν
1997 1523 2127 1605 γὰρ
2174 1525 2290 1605 βα-

366 1633 642 1708 σιλείοις
695 1629 1295 1715 μεγαλοπρεπέσιν,
1350 1630 1425 1696 οἱ
1464 1627 1540 1696 δὲ
1592 1631 1900 1715 νεωρίοις
1947 1626 2060 1694 καὶ
2112 1626 2292 1712 λιμέ-

367 1756 511 1823 σιν,
558 1739 632 1804 ol*
671 1734 735 1803 δ’
788 1736 1037 1821 ἑτέροις
1083 1736 1468 1820 ἀναθήμασι
1516 1734 1629 1802 καὶ
1672 1735 2291 1819 κατασκευάσμασιν

366 1846 739 1927 ἀξιολόγοις
810 1841 918 1908 ἐπὶ
993 1851 1321 1908 τοσοῦτον
1391 1840 1769 1926 ἐκόσμησαν
1841 1840 2052 1925 αὐτὴν
2123 1841 2292 1907 ὥστε
2319 1853 2373 1894 15

366 1953 545 2038 παρὰ
570 1960 713 2027 τοῖς
747 1952 1080 2026 πλείστοις
1113 1949 1386 2034 πρώτην
1421 1948 1464 2033 ἢ
1503 1946 1823 2035 δευτέραν
1854 1948 2294 2036 ἀριθμεῖσθαι

368 2071 505 2128 τῶν
548 2060 714 2125 κατὰ
755 2058 882 2141 τὴν
937 2055 1341 2142 οἰκουμένην
1385 2058 1664 2123 πόλεων.
1757 2055 1925 2122 ἀλλὰ
1975 2053 2129 2141 περὶ
2172 2051 2296 2139 μὲν

369 2167 738 2252 ταύτης·τά
779 2167 948 2231 κατὰ
1002 2163 1201 2252 μέρος
1246 2164 1323 2231 ἐν
1376 2174 1517 2241 τοῖς
1568 2165 1766 2242 ἰδίοις
1815 2165 2086 2250 χρόνοις
2140 2161 2297 2227 ἀνα-

263 2272 346 2337 51
371 2275 733 2359 γράψομεν.
824 2273 862 2338 ὁ
911 2269 987 2337 δὲ
1030 2273 1155 2356 τὴν
1200 2270 1486 2355 Μέμφιν
1528 2274 1758 2347 κτίσας
1802 2271 1964 2354 μετὰ
2007 2270 2132 2353 τὴν
2175 2276 2298 2334 τοῦ

371 2381 673 2463 χώματος
717 2376 831 2444 καὶ
865 2384 984 2460 τῆς
1025 2379 1263 2461 λίμνης
1296 2375 1714 2458 κατασκευὴν
1756 2373 2146 2461 ᾠκοδόμησε
2180 2378 2299 2458 βα·
2326 2388 2383 2433 2⁰

375 2487 589 2551 σίλεια
634 2493 770 2548 τῶν
806 2478 930 2566 μὲν
973 2482 1154 2566 παρὰ
1191 2489 1334 2556 τοῖς
1379 2481 1606 2556 ἄλλοις
1642 2481 1727 2544 οὐ
1770 2481 2148 2564 λειπόμενα,
2184 2488 2302 2563 τῆς

378 2587 452 2661 δὲ
496 2600 632 2655 τῶν
676 2586 1351 2673 προβασιλευσάντων
1405 2588 1896 2671 μεγαλοψυχίας
1948 2582 2059 2651 καὶ
2110 2590 2301 2668 φιλο-

306 2716 339 2765 2
376 2699 607 2772 καλίας
661 2694 786 2760 οὐκ
840 2692 1006 2771 ἄξια.
1097 2692 1172 2758 οἱ
1218 2693 1346 2778 γὰρ
1400 2692 1708 2787 ἐγχώριοι
1751 2693 1872 2757 τὸν
1922 2687 2046 2775 μὲν
2089 2690 2165 2757 ἐν
2208 2700 2302 2781 τῷ

378 2808 496 2888 ζῆν
546 2804 796 2887 χρόνον
852 2801 1082 2884 εὐτελῆ
1133 2804 1473 2877 παντελῶς
1525 2795 1700 2865 εἶναι
1750 2801 2130 2884 νομίζουσι,
2185 2801 2303 2865 τὸν

380 2908 455 2979 δὲ
500 2909 661 2996 μετὰ
704 2909 831 2992 τὴν
875 2908 1188 2991 τελευτὴν
1235 2905 1323 2971 δι’
1378 2906 1620 2992 ἀρετὴν
1670 2909 2303 2991 μνημονευθησόμε-
2331 2924 2387 2967 2⁵

381 3042 507 3086 νον
541 3014 694 3101 περὶ
738 3017 1052 3081 πλείστου
1088 3022 1460 3096 ποιοῦνται,
1506 3010 1618 3079 καὶ
1661 3014 1780 3091 τὰς
1813 3010 1938 3098 μὲν
1971 3022 2109 3078 τῶν
2147 3013 2306 3090 ζών-

379 3150 516 3193 των
581 3125 872 3207 οἰκήσεις
932 3121 1318 3198 καταλύσεις
1380 3119 1822 3205 ὀνομάζουσιν
1836 3168 1856 3206 ,
1921 3121 2012 3196 ὡς
2075 3119 2306 3202 ὀλίγον

532 3323 562 3372 7
602 3314 707 3387 μὲν
746 3316 1162 3372 ταπεινοῦσθαι
1200 3312 1250 3367 D
1397 3319 1430 3369 8
1467 3310 1621 3382 περὶ]
1659 3307 1806 3364 κατὰ
1845 3308 1933 3363 OF
2081 3317 2113 3365 9
2189 3328 2306 3364 ασι-

384 3386 543 3457 λέως]
590 3385 936 3450 Μακεδόνος
980 3386 1067 3442 CF
1217 3390 1286 3441 10
1341 3379 1642 3455 ὁμώνυμον
1687 3379 1773 3437 CF
1917 3376 2097 3438 αὐτοῦ
2195 3381 2306 3436 ich,

387 3462 450 3507 11
490 3453 700 3521 πάντες
738 3475 846 3513 om.
882 3459 949 3513 D.
1872 3502 1881 3512 ·
