2569 4061
746 940 1079 1007 ΒΙΒΛοΣ
1125 894 1557 1006 ΔΕΥΤΕΡΑ.

356 1208 451 1275 ‘H
488 1207 625 1295 μὲν
655 1211 783 1296 πρὸ
831 1210 1074 1291 ταύτης
1108 1210 1341 1290 βίβλος
1384 1216 1499 1291 τῆς
1535 1208 1694 1293 ὅλης
1741 1208 2107 1288 συντάξεως
2147 1213 2175 1271 1

191 1312 359 1382 οὖσα
423 1317 649 1402 πρώτη
715 1312 1001 1400 περιέχει
1063 1314 1180 1389 τὰς
1232 1312 1372 1378 κατ’
1416 1320 1762 1398 Αἴγυπτον
1821 1314 2113 1402 πράξεις·

192 1422 265 1487 ἐν
295 1415 399 1499 αἷς
434 1422 716 1506 ὑπάρχει
751 1422 832 1485 τά
859 1443 929 1486 τε
966 1417 1116 1505 περὶ
1152 1430 1288 1485 τῶν
1315 1427 1500 1486 θεῶν
1535 1420 1687 1507 παρ’
1722 1424 2115 1505 Αἰγυπτίοις

192 1528 755 1612 μυθολογούμενα
810 1524 918 1591 καὶ
977 1523 1127 1610 περὶ
1182 1534 1298 1609 τῆς
1355 1536 1476 1592 τοῦ
1530 1530 1785 1593 Νείλου
1850 1528 2115 1611 φύσεως

139 1654 165 1693 5
194 1631 305 1698 καὶ
359 1634 565 1697 τᾶλλα
609 1632 689 1696 τά
743 1629 893 1718 περὶ
938 1639 1059 1696 τοῦ
1105 1639 1406 1716 ποταμοῦ
1451 1633 1704 1715 ζτούτου
1748 1631 2115 1718 παραδοξο-

196 1738 590 1822 λογούμενα,
638 1739 802 1823 πρὸς
848 1734 922 1801 δὲ
957 1738 1220 1813 τούτοις
1262 1740 1424 1822 περί
1461 1759 1530 1801 τε
1576 1745 1692 1820 τῆς
1736 1735 1875 1801 κατ’
1909 1744 2115 1820 Αἴγυ-

194 1865 363 1909 πτον
425 1845 642 1930 χώρας
714 1842 825 1909 καὶ
888 1853 1022 1908 τῶν
1097 1843 1391 1930 ἀρχαίων
1452 1842 1783 1927 βασιλέων
1849 1845 1930 1907 τὰ
1992 1843 2107 1926 ὑφ’

196 1948 477 2016 ἑκάστου
512 1949 912 2036 πραχθέντα.
988 1948 1135 2034 ἑξῆς
1173 1947 1246 2015 δὲ
1281 1951 1785 2035 κατετάχθησαν
1822 1952 1898 2014 αἱ
1926 1973 2118 2015 κατα-

197 2054 428 2123 σκευαὶ
500 2067 636 2122 τῶν
706 2058 1105 2143 πυραμίδων
1187 2067 1323 2122 τῶν
1396 2055 1972 2144 ἀναγραφομένων
2046 2055 2119 2120 ἐν

122 2183 171 2223 10
197 2174 337 2239 τοῖς
375 2160 534 2227 ἑπτὰ
579 2161 1111 2247 θαυμαζομένοις
1157 2164 1394 2247 ἔργοις.
1478 2164 1698 2227 ἔπειτα
1746 2164 2115 2246 διήλθομεν
2157 2182 2185 2228 ῖς

198 2267 349 2352 περὶ
395 2278 529 2332 τῶν
584 2270 810 2350 νόμων
854 2266 965 2332 καὶ
1009 2278 1146 2332 τῶν
1193 2269 1667 2353 δικαστηρίων,
1715 2269 1812 2332 ἔτι
1869 2263 1943 2332 δὲ
1988 2277 2121 2331 τῶν

202 2373 677 2461 ἀφιερωμένων
708 2371 893 2462 ζῴων
920 2367 1074 2458 παρ’
1098 2375 1493 2455 Αἰγυπτίοις
1519 2375 1599 2437 τὰ
1627 2376 2118 2459 θαυμαζόμενα,

202 2482 366 2560 πρὸς
404 2477 476 2545 δὲ
506 2481 766 2556 τούτοις
802 2480 882 2544 τὰ
909 2477 1059 2566 περὶ
1095 2490 1229 2544 τῶν
1257 2483 1815 2563 τετελευτηκότων
1850 2483 2119 2565 νόμιμα,

206 2582 314 2648 καὶ
368 2597 500 2651 τῶν
534 2583 872 2670 Ἑλλήνων
929 2585 1077 2650 ὅσοι
1122 2595 1257 2650 τῶν
1312 2583 1419 2650 ἐπὶ
1469 2586 1735 2672 παιδείᾳ
1788 2590 2123 2670 θαυμαζο-

126 2711 176 2750 15
203 2688 421 2773 μένων
476 2694 971 2778 παραβαλόντες
1026 2693 1121 2767 είς
1163 2696 1514 2773 Αἴγυπτον
1567 2690 1678 2757 καὶ
1723 2694 1936 2758 πολλὰ
1990 2703 2123 2757 τῶν

202 2798 543 2881 χρησίμων
608 2798 939 2879 μαθόντες
1011 2799 1418 2879 μετήνεγκαν
1483 2798 1577 2874 εἰς
1643 2798 1767 2880 τὴν
1819 2795 2121 2864 Ἑλλάδα.

204 2901 277 2966 ἐν
314 2903 518 2986 ταύτῃ
558 2899 616 2968 δ’
666 2900 1137 2986 ἀναγράψομεν
1172 2904 1289 2980 τὰς
1322 2904 1486 2968 κατὰ
1522 2904 1645 2986 τὴν
1675 2898 1901 2969 Ἀσίαν
1936 2925 2123 2986 γενο-
2163 2924 2191 2966 3

203 3007 405 3090 μένας
448 3008 715 3092 πράξεις
760 3006 834 3072 ἐν
877 3018 1017 3084 τοῖς
1064 3007 1363 3094 ἀρχαίοις
1407 3011 1707 3095 χρόνοις,
1754 3009 1878 3091 τὴν
1916 3007 2123 3092 ἀρχὴν

207 3113 334 3178 ἀπὸ
381 3123 496 3196 τῆς
541 3122 678 3178 τῶν
716 3107 1085 3199 Ἀσσυρίων
1131 3113 1486 3198 ἡγεμονίας
1530 3115 1990 3196 ποιησάμενοι.

127 3240 179 3279 20
393 3220 484 3282 Τὸ
540 3219 825 3282 παλαιὸν
878 3221 1111 3283 τοίνυν
1164 3219 1329 3283 κατά
1383 3220 1505 3301 τὴν
1544 3213 1771 3282 Ἀσιάν
1826 3215 2125 3298 ὑπῆρχον
2165 3235 2195 3278 4

207 3325 515 3411 ἐγχώριοι
570 3326 894 3407 βασιλεῖς,
954 3320 1049 3390 ὧν
1104 3325 1258 3390 οὔτε
1313 3323 1545 3409 πρᾶξις
1600 3321 1915 3402 ἐπίσημος
1976 3319 2127 3382 οὔτε

352 3489 381 3535 1
422 3480 553 3552 μὲν]
591 3478 697 3551 μὲν
737 3472 839 3536 οὖν
880 3480 985 3535 OF
1092 3486 1157 3534 10
1198 3477 1419 3548 ἔπειτα]
1462 3477 1525 3533 δὲ
1565 3475 1692 3530 add.
1732 3474 1779 3525 D
1883 3477 1948 3525 12
1987 3468 2125 3540 παρ’

205 3557 267 3606 Α.
308 3550 464 3623 ζῴων
501 3551 654 3621 vulg.
