2569 4061
889 351 917 405 Ι
955 356 1037 406 85.
1080 358 1163 406 86.
1204 357 1288 408 87.
1919 355 2047 441 145

121 514 234 580 καὶ
278 525 417 591 τοῖς
464 516 700 591 αἰτίοις
744 522 860 596 τῆς
905 512 971 592 ἐξ
1021 512 1224 598 ἀρχῆς
1270 518 1598 599 σωτηρίας
1642 517 1840 602 χάριν
1887 516 2048 581 ἀπο-

124 623 463 704 διδόντας,
522 620 890 705 ἀφιερῶσαι
953 621 1071 697 τὰς
1126 620 1364 703 φύσεις
1429 620 1649 686 αὐτῶν
1703 614 1803 700 οἷς
1861 622 2047 708 ἀφω·

123 728 542 813 μοιώθησαν,
589 725 700 792 καὶ
744 725 1121 804 καταδεῖξαι
1163 735 1306 808 τοῖς
1353 724 1740 810 ἀνθρώποις
1782 731 1856 794 τὸ
1900 727 2044 815 τρέ-

123 858 279 917 φειν
307 831 426 918 μὲν
455 838 663 914 ζῶντα
689 838 1086 916 πολυτελῶς,
1125 832 1411 897 θάπτειν
1440 827 1513 896 δὲ
1550 836 2042 916 τελευτήσαντα.

66 965 95 1005 5
125 938 440 1026 δευτέραν
507 936 581 1005 δὲ
645 938 959 1023 λέγουσιν
1024 940 1273 1021 αἰτίαν,
1341 937 1442 1003 ὅτι
1496 938 1572 1002 τὸ
1636 940 1920 1003 παλαιὸν
1980 941 2050 1004 οἱ
2080 962 2116 1009 4

121 1045 264 1111 κατ’
305 1053 655 1131 Αἴγυπτον
703 1046 815 1111 διὰ
859 1046 983 1128 τὴν
1028 1043 1300 1122 ἀταξίαν
1344 1044 1468 1126 τὴν
1515 1042 1590 1109 ἐν
1633 1052 1725 1131 τῷ
1773 1061 2044 1129 στρατο-

13 1181 83 1230 97
119 1151 296 1241 πέδῳ
354 1157 630 1227 πολλαῖς
675 1152 912 1235 μάχαις
967 1149 1096 1214 ὑπὸ
1143 1160 1277 1214 τῶν
1326 1150 1809 1236 πλησιοχώρων
1852 1149 2044 1234 ἡττη-

116 1257 350 1335 θέντες
398 1257 766 1341 ἐπενόησαν
813 1256 1131 1339 σύνθημα
1179 1265 1418 1341 φορεῖν
1464 1255 1570 1321 ἐπὶ
1618 1267 1753 1322 τῶν
1796 1259 2043 1341 ταγμά-

115 1388 267 1430 των.
334 1363 545 1448 φασὶν
582 1357 707 1428 οὖν
743 1361 1360 1439 κατασκευάσαντας
1397 1343 1659 1440 εἰκόνας
1683 1374 1818 1429 τῶν
1858 1359 2040 1453 ζῴων
2078 1384 2113 1433 5

36 1497 89 1536 ιο
118 1469 158 1535 ἃ
213 1480 343 1536 νῦν
397 1479 666 1553 τιμῶσι,
721 1466 832 1532 καὶ
878 1466 1209 1549 πήξαντας
1254 1466 1361 1532 ἐπὶ
1417 1472 1743 1553 σαυνίων,
1800 1481 2040 1556 φορεῖν

115 1581 276 1653 τοὺς
320 1576 679 1659 ἡγεμόνας,
724 1571 834 1637 καὶ
882 1574 995 1637 διὰ
1048 1573 1291 1637 τούτου
1335 1583 1458 1639 τοῦ
1502 1578 1754 1659 τρόπον
1798 1579 2039 1662 γνωρί-

119 1686 256 1760 ζειν
304 1680 583 1745 ἕκαστον
618 1674 697 1762 ἧς
742 1684 843 1762 εἴη
893 1679 1286 1758 συντάξεως·
1332 1680 1582 1762 μεγάλα
1630 1679 1704 1745 δὲ
1750 1687 2041 1766 συμβαλψ

120 1782 403 1869 λομένης
457 1782 683 1860 αὐτοῖς
726 1791 841 1866 τῆς
897 1784 1009 1847 διὰ
1053 1784 1313 1849 τούτων
1359 1783 1658 1862 εὐταξίας
1711 1788 1876 1869 πρὸς
1919 1788 2043 1870 τὴν

116 1894 335 1974 νίκην,
385 1891 574 1968 δόξαι
616 1898 732 1974 τῆς
776 1891 1106 1975 σωτηρίας
1148 1895 1327 1955 αἴτια
1372 1888 1722 1973 γεγονέναι
1765 1892 1847 1955 τὰ
1885 1895 2040 1980 ζῷα·

33 2024 86 2065 15
114 1998 310 2085 χάριν
358 1991 483 2063 οὗν
530 1996 755 2073 αὐτοῖς
797 2000 957 2074 τοὺς
1013 1995 1419 2082 ἀνθρώπους
1465 1996 1838 2063 ἀποδοῦναι
1882 2000 2042 2082 βου-

115 2104 438 2190 λομένους
483 2105 579 2180 εἰς
622 2105 782 2180 ἔθος
816 2103 1169 2183 κατατάξαι
1214 2116 1351 2171 τῶν
1395 2104 1846 2171 εἰκασθέντων
1892 2108 2041 2170 τότε

113 2209 323 2295 μηδὲν
386 2213 700 2292 κτείνειν,
776 2209 943 2275 ἀλλὰ
1017 2209 1422 2295 σεβομένους
1495 2210 1852 2296 ἀπονέμειν
1917 2212 2040 2294 τὴν

113 2314 601 2404 προειρημένην
630 2314 1008 2399 ἐπιμέλειαν
1045 2315 1155 2380 καὶ
1183 2318 1396 2400 τιμήν.
1453 2319 1684 2402 τρίτην
1722 2314 1782 2381 δ’
1820 2318 2038 2382 αἰτίαν
2059 2320 2143 2384 87

115 2422 397 2509 φέρουσι
443 2431 558 2506 τῆς
608 2421 1159 2507 ἀμφισβητήσεως
1204 2432 1340 2486 τῶν
1387 2419 1569 2511 ζῴων
1619 2424 1741 2506 τὴν
1785 2426 2034 2508 χρείαν,

35 2553 91 2593 20
117 2529 202 2611 ἣν
224 2527 523 2595 ’ἕκαστον
570 2529 792 2594 αὐτῶν
838 2527 1284 2614 προσφέρεται
1331 2530 1498 2614 πρὸς
1541 2530 1662 2612 τὴν
1708 2527 2035 2612 ὠφέλειαν

116 2642 237 2699 τοῦ
283 2644 513 2700 κοινοῦ
558 2637 715 2718 βίου
759 2633 870 2700 καὶ
915 2646 1050 2700 τῶν
1097 2634 1494 2721 ἀνθρώπων.
1569 2635 1691 2719 τὴν
1738 2632 1860 2721 μὲν
1903 2638 2031 2723 γὰρ
2071 2661 2103 2707 2

113 2742 395 2823 θήλειαν
441 2744 611 2825 βοῦν
655 2740 935 2827 ἐργάτας
970 2744 1214 2806 τίκτειν
1259 2739 1372 2806 καὶ
1416 2741 1540 2823 τὴν
1586 2740 1883 2829 ἐλαφρὰν
1919 2752 2036 2826 τῆς

113 2857 231 2930 γῆς
269 2845 502 2932 ἀροῦν,
548 2847 630 2911 τὰ
677 2843 752 2911 δὲ
798 2849 1097 2932 πρόβατα
1143 2845 1248 2923 δὶς
1284 2842 1408 2930 μὲν
1452 2850 1696 2913 τίκτειν
1740 2847 1851 2913 καὶ
1895 2858 2036 2925 τοῖς

113 2951 315 3036 ἐρίοις
352 2953 474 3035 τὴν
520 2950 769 3036 σκέπην
814 2953 947 3036 ἅμα
984 2951 1096 3017 καὶ
1139 2953 1263 3035 τὴν
1309 2952 1818 3038 εὐσχημοσύνην
1853 2974 2035 3039 περι-

31 3083 84 3124 25
111 3069 358 3141 ποιεῖν,
413 3065 504 3146 τῷ
564 3055 638 3122 δὲ
694 3059 967 3141 γάλακτι
1021 3056 1131 3124 καὶ
1185 3067 1277 3145 τῷ
1333 3068 1512 3147 τυρῷ
1564 3061 1818 3144 τροφὰς
1870 3078 2035 3142 παρ-

112 3164 386 3248 έχεσθαι
429 3174 789 3249 προσηνεῖς
833 3164 966 3249 ἅμα
1016 3162 1125 3229 καὶ
1173 3166 1486 3242 δαψιλεῖς.
1578 3165 1698 3230 τὸν
1743 3161 1818 3227 δὲ
1863 3162 2034 3225 κύνα

110 3273 273 3356 πρός
329 3294 398 3335 τε
461 3271 577 3347 τὰς
631 3272 849 3356 θήρας
908 3264 1079 3336 εἶναι
1133 3272 1462 3356 χρήσιμον
1524 3267 1635 3334 καὶ
1689 3269 1853 3350 πρὸς
1907 3264 2031 3346 τὴν

109 3379 444 3460 φυλακήν·
501 3377 733 3461 διόπερ
778 3378 897 3441 τὸν
941 3377 1108 3441 θεὸν
1152 3378 1271 3441 τὸν
1317 3369 1470 3460 παρ’
1523 3375 1748 3447 αὐτοῖς
1795 3368 2032 3433 καλού-
2152 3434 2155 3435 ⁷

256 3538 322 3586 10
360 3527 424 3604 ἃ]
465 3525 543 3587 ὧν
571 3534 633 3589 ,0
775 3540 839 3588 12
878 3527 1091 3598 τάξεως
1128 3531 1177 3586 G
1280 3527 1426 3598 μέγα
1463 3531 1511 3582 D
1647 3533 1717 3580 20
1754 3521 2033 3590 71590φὲ98·

107 3622 200 3657 ται
237 3602 286 3655 D
397 3609 465 3659 24
504 3599 622 3674 ἅμα
662 3621 769 3659 om.
798 3604 847 3657 D
958 3608 1027 3656 26
1065 3597 1185 3670 ἅμα
1221 3597 1287 3653 δὲ
1326 3597 1424 3652 καὶ
1460 3597 1509 3650 D
1620 3601 1686 3649 27
1726 3612 1786 3647 τε
1824 3609 1933 3648 om.
1965 3594 2031 3647 D.

212 3703 464 3744 D1ononus
493 3704 532 3745 L
1642 3685 1709 3731 10
