2569 4061
384 236 519 301 260
1052 231 1363 289 DIODORI
1398 229 1631 289 SICULI

386 399 788 486 εὐρύθμους.
878 392 988 461 καὶ
1043 395 1125 460 τὰ
1179 391 1303 479 μὲν
1360 403 1478 480 τῆς
1531 394 1733 479 ἀκοῆς
1783 396 2082 482 τρήματα
2140 397 2318 460 πολὺ

387 516 523 571 τῶν
575 498 729 588 παρ’
782 502 944 586 ἡμῖν
998 505 1174 588 ἔχειν
1230 499 1807 589 εὐρυχωρέστερα,
1853 499 1966 568 καὶ
2014 502 2321 587 καθάπερ

319 637 351 686 5
389 609 863 692 ἐπιγλωττίδας
915 609 1143 687 αὐτοῖς
1190 608 1649 695 ἐκπεφυκέναι.
1743 610 1923 675 ἴδιον
1978 607 2059 674 δέ
2098 632 2163 673 τι
2209 606 2321 673 καὶ

385 714 538 803 περὶ
597 718 721 801 τὴν
778 722 1081 800 γλῶτταν
1136 715 1383 793 αὐτοὺς
1443 718 1648 801 ἔχειν,
1706 718 1783 783 τὸ
1838 712 1962 803 μὲν
2020 724 2324 801 φυσικῶς

387 823 616 901 αὐτοῖς
688 821 1297 907 συγγεγενημένον,
1366 823 1442 887 τὸ
1510 820 1573 887 δ’
1626 822 1694 902 ἐξ
1760 820 2057 899 ἐπινοίας
2132 825 2324 907 φιλο·
2353 848 2382 889 5

388 931 860 1015 τεχνούμενον·
929 931 1253 1014 δίπτυχον
1309 924 1432 1012 μὲν
1486 929 1614 1015 γὰρ
1669 928 1914 1005 αὐτοὺς
1970 930 2147 1014 ἔχειν
2199 928 2324 1011 τὴν

386 1043 688 1122 γλῶτταν
745 1034 853 1102 ἐπὶ
909 1039 1155 1119 ποσόν,
1211 1036 1294 1100 τὰ
1350 1033 1409 1100 δ’
1466 1034 1792 1122 ἐνδοτέρω
1837 1035 2324 1123 προσδιαιρεῖν,

322 1168 355 1217 6
394 1145 563 1210 ὥστε
610 1144 854 1227 διπλῆν
900 1141 1112 1226 αὐτὴν
1165 1144 1483 1225 γίνεσθαι
1529 1140 1721 1229 μέχρι
1764 1151 1879 1232 τῆς
1924 1142 2121 1229 ῥίζης.
2214 1141 2323 1206 διὸ

391 1248 504 1315 καὶ
531 1248 1051 1326 ποικιλωτάτους
1079 1246 1327 1325 αὐτοὺς
1362 1243 1534 1314 εἶναι
1574 1245 1736 1329 [καὶ]
1766 1259 1908 1325 ταῖς
1944 1257 2206 1331 φωναῖς
2242 1245 2325 1312 οὐ

393 1357 606 1439 μόνον
666 1363 889 1419 πᾶσαν
945 1353 1389 1441 ἀνθρωπίνην
1442 1353 1554 1421 καὶ
1608 1351 2125 1440 διηρθρωμένην
2182 1353 2325 1418 διά·
2354 1381 2410 1420 ιο

393 1465 628 1526 λεκτον
701 1459 1184 1547 μιμουμένους,
1259 1461 1427 1527 ἀλλά
1496 1459 1609 1527 καὶ
1671 1462 1789 1539 τὰς
1858 1471 1994 1526 τῶν
2068 1460 2325 1544 ὀρνέων

393 1569 858 1654 πολυφωνίας,
930 1566 1043 1635 καὶ
1110 1571 1419 1635 καθόλου
1490 1576 1712 1633 πᾶσαν
1782 1567 1952 1652 ἤχου
2026 1568 2327 1652 ἰδιότητα

393 1678 780 1762 προΐεσθαι·
826 1677 901 1740 τὸ
953 1671 1028 1740 δὲ
1073 1676 1346 1740 πάντων
1380 1671 1940 1757 παραδοξότατον,
1988 1674 2124 1758 ἅμα
2158 1675 2329 1759 πρὸς
2567 1743 2569 1752 ,

397 1783 524 1848 δύο
568 1793 706 1848 τῶν
751 1781 1296 1866 ἐντυγχανόντων
1341 1784 1569 1846 λαλεῖν
1614 1779 1923 1864 ἐντελῶς,
1968 1780 2328 1866 ἀποκρινο-
2565 1807 2569 1942 ⁴

393 1886 641 1973 μένους
665 1911 735 1953 τε
763 1885 874 1953 καὶ
900 1898 1044 1966 ταῖς
1070 1883 1535 1970 ὑποκειμέναις
1561 1886 2026 1972 περιστάσεσιν
2063 1887 2327 1964 οἰκείως
2355 1912 2409 1953 15

394 1993 818 2080 ὁμιλοῦντας·
866 2002 944 2080 τῇ
993 1990 1115 2079 μὲν
1150 1995 1279 2081 γὰρ
1328 1991 1517 2082 ἑτέρᾳ
1560 1991 1758 2079 πτυχὶ
1803 1994 1971 2081 πρὸς
2012 1995 2131 2060 τὸν
2176 1990 2321 2077 ἕνα,
2567 2046 2568 2079 3

393 2110 475 2188 τῇ
523 2098 585 2168 δ’
611 2103 779 2189 ἄλλῃ
824 2101 1027 2167 πάλιν
1073 2100 1319 2185 ὁμοίως
1364 2102 1530 2187 πρὸς
1572 2102 1692 2166 τὸν
1737 2100 1966 2186 ἕτερον
2012 2098 2306 2184 διαλέγε-
2335 2130 2437 2179 169

325 2235 355 2284 7
395 2214 577 2273 σθαι.
651 2207 1133 2295 εὐκρατότατον
1181 2205 1242 2272 δ’
1288 2201 1462 2273 εἶναι
1505 2207 1625 2273 τὸν
1661 2205 1823 2294 ἀέρα
1865 2203 2023 2293 παρ’
2069 2207 2320 2292 αὐτοῖς,
2567 2194 2568 2197 “

395 2315 485 2392 ὡς
541 2313 626 2380 ἂν
680 2316 847 2380 κατὰ
904 2314 1025 2380 τὸν
1090 2314 1481 2400 ἰσημερινὸν
1544 2316 1923 2397 οἰκοῦντας,
1984 2311 2097 2380 καὶ
2156 2313 2322 2400 μηθ’

394 2421 525 2487 ὑπὸ
562 2421 900 2505 καύματος
935 2416 1101 2505 μήθ’
1135 2420 1266 2486 ὑπὸ
1313 2421 1571 2505 ψύχους
1608 2418 2152 2506 ἐνοχλουμένους.
2215 2419 2329 2487 καὶ
2354 2451 2409 2490 20

393 2528 510 2603 τὰς
557 2527 822 2612 ὀπώρας
868 2524 943 2592 δὲ
987 2520 1144 2612 παρ’
1180 2526 1409 2604 αὐτοῖς
1451 2525 1608 2612 παρ’
1645 2527 1805 2594 ὅλον
1851 2529 1971 2593 τὸν
2016 2526 2330 2594 ἐνιαυτὸν

335 2652 341 2656 ·
397 2631 731 2717 ἀκμάζειν,
777 2634 999 2719 ὥσπερ
1045 2630 1157 2697 καὶ
1203 2632 1238 2699 ὁ
1290 2636 1564 2718 ποιητής
1610 2650 1820 2720 φησιν

488 2741 650 2823 ὄχνη
698 2737 799 2804 ἐπ’
846 2741 1009 2826 ὄχνῃ
1055 2740 1398 2827 γηράσκει,
1445 2746 1658 2825 μῆλον
1706 2737 1768 2806 δ’
1813 2738 1920 2807 ἐπὶ
1965 2744 2181 2831 μήλῳ,

491 2844 701 2931 αὐτὰρ
738 2844 846 2912 ἐπὶ
884 2851 1190 2933 σταφυλῇ
1229 2849 1555 2932 σταφυλή,
1594 2855 1803 2913 σῦκον
1841 2841 1903 2912 δ’
1936 2844 2042 2913 ἐπὶ
2081 2849 2285 2937 σύκῳ.
2515 2922 2520 2931 .

397 2949 572 3019 εἶναι
609 2949 685 3019 δὲ
724 2953 836 3018 διὰ
872 2954 1120 3031 παντὸς
1155 2951 1312 3040 παρ’
1351 2954 1578 3032 αὐτοῖς
1613 2955 1736 3038 τὴν
1770 2951 2026 3040 ἡμέραν
2056 2960 2212 3038 ἴσην
2247 2961 2328 3040 τῇ
2356 2982 2411 3022 25

398 3063 621 3145 νυκτί,
666 3057 778 3127 καὶ
823 3056 991 3126 κατὰ
1043 3061 1119 3126 τὸ
1166 3058 1374 3145 μέσον
1419 3068 1534 3144 τῆς
1587 3057 1834 3146 ἡμέρας
1879 3061 1969 3146 μὴ
2016 3062 2328 3143 γίνεσθαι

544 3293 573 3341 1
613 3282 817 3358 ἀκοῆς]
856 3282 1011 3356 ῥινὸς
1048 3287 1088 3340 C
1202 3293 1232 3341 7
1270 3288 1664 3356 προσδιαιρεῖν
1705 3286 1954 3355 Schafer,
1991 3285 2133 3359 πρὸς
2170 3291 2321 3343 διαί·-

399 3374 555 3422 ρεσιν
590 3356 725 3414 libri
797 3362 828 3410 9
867 3356 1196 3423 nal-delevi,
1232 3362 1358 3419 ταῖς
1384 3362 1603 3424 φωναῖς
1629 3357 1728 3410 καὶ
1757 3357 1989 3413 ὃοὶιῆἲοι·
2067 3364 2133 3413 15
2170 3377 2324 3428 περι-

401 3421 662 3480 στάσεσιν
714 3423 1072 3497 περιστάσεσι
1098 3426 1197 3482 καὶ
1223 3425 1317 3481 CD
1393 3430 1457 3479 1⁷
1513 3423 1724 3495 ὁμοίως
1750 3445 1859 3483 om.
1891 3429 1940 3481 D
2015 3435 2082 3484 18
2123 3426 2327 3500 εὔκρα-

398 3490 630 3560 τότερον
713 3497 762 3549 D
907 3501 974 3551 21
1013 3492 1269 3568 ὀπώρας]
1308 3490 1457 3567 ὥρας
1492 3496 1606 3550 DF.
