2569 4061
387 251 520 317 262
1055 247 1367 304 DIODORI
1404 248 1636 305 SICULI

393 418 637 494 ζῶντας
688 409 799 477 καὶ
843 409 1243 496 γινομένους
1298 410 1586 488 ἀνόσους
1634 412 1799 477 κατὰ
1852 413 1926 477 τὸ
1973 416 2320 478 πλεῖστον.

317 541 351 591 5
386 523 506 586 τὸν
562 514 636 583 δὲ
681 514 1080 602 πηρωθέντα
1134 515 1176 600 ἢ
1223 520 1528 583 καθόλου
1579 540 1645 582 τι
1690 516 2030 601 ἐλάττωμα
2074 519 2319 602 ἔχοντα
2537 601 2538 608 ¹

383 624 459 690 ἐν
510 634 604 713 τῷ
659 624 914 708 σώματι
969 623 1401 708 μεθιστάνειν
1454 622 1695 689 ἑαυτὸν
1742 623 1815 690 ἐκ
1867 616 1990 689 τοῦ
2038 628 2152 708 ζῆν
2201 624 2316 689 ἀν·
2537 633 2538 692 1

384 730 742 814 αγκάζουσι
786 731 952 795 κατά
1009 752 1159 794 τινα
1204 732 1417 814 νόμον
1462 730 1818 815 ἀπότομον.
1907 732 2197 814 νόμιμον
2245 728 2310 795 δ’
2537 751 2538 816 1

380 837 613 915 αὐτοῖς
639 836 778 903 ἐστι
808 840 921 920 ζῆν
949 838 1103 922 ἄχρι
1138 836 1307 902 ἐτῶν
1334 835 1744 922 ὡρισμένων,
1781 835 1894 902 καὶ
1918 839 2038 903 τὸν
2065 839 2319 924 χρόνον
2346 851 2373 892 5
2537 821 2538 826 ἵ

383 954 626 1011 τοῦτον
690 942 1241 1027 ἐκπληρώσαντας
1300 941 1620 1019 ἑκουσίως
1683 942 2148 1027 μεταλλάττειν
2216 941 2318 1021 ἐξ-

384 1049 777 1138 ηλλαγμένῳ
813 1050 1114 1137 θανάτῳ·
1164 1050 1463 1133 φύεσθαι
1500 1050 1627 1134 γὰρ
1673 1043 1828 1133 παρ’
1874 1049 2100 1126 αὐτοῖς
2148 1050 2318 1115 ἰδιο-

384 1167 525 1241 φυῆ
572 1157 887 1240 βοτάνην,
935 1150 1042 1240 ἐφ’
1083 1151 1165 1239 ἧς
1210 1156 1371 1222 ὅταν
1416 1180 1518 1233 τις
1560 1162 1889 1241 κοιμηθῇ,
1936 1158 2318 1239 λεληθότως

383 1260 495 1328 καὶ
558 1273 910 1348 προσηνῶς
971 1264 1065 1340 εἰς
1122 1262 1344 1329 ὕπνον
1401 1261 1822 1348 κατενεχθεὶς
1882 1263 2315 1347 ἀποθνήσκει.

279 1369 364 1435 58
385 1379 709 1452 γυναῖκας
746 1365 820 1434 δὲ
865 1369 954 1454 μὴ
991 1378 1252 1453 γαμεῖν,
1302 1369 1469 1435 ἀλλὰ
1503 1371 1734 1447 κοινὰς
1770 1372 1965 1455 ἔχειν’,
2010 1368 2122 1435 καὶ
2158 1373 2316 1447 τοὺς
2345 1386 2400 1426 10

383 1475 839 1560 γεννηθέντας
873 1476 1116 1553 παῖδας
1159 1475 1250 1553 ὡς
1284 1479 1557 1553 κοινοὺς
1589 1474 1956 1563 τρέφοντας
2000 1471 2104 1542 ἐπ’
2149 1482 2298 1561 ἴσης
2321 1495 2425 1545 170

385 1581 675 1665 ἀγαπᾶν·
721 1585 981 1667 νηπίων
1027 1577 1090 1647 δ’
1133 1585 1351 1648 ὄντων
1399 1583 1621 1649 αὐτῶν
1655 1584 1974 1659 πολλάκις
2018 1584 2136 1660 τὰς
2170 1606 2315 1669 τρε-

384 1688 646 1775 φούσας
684 1689 1099 1755 διαλλάττειν
1134 1689 1216 1753 τὰ
1252 1686 1494 1776 βρέφη,
1532 1688 1710 1765 ὅπως
1746 1688 1900 1773 μηδ’
1935 1689 2011 1753 αἱ
2041 1686 2317 1775 μκητέρες

382 1794 869 1880 ἐπιγινώσκωσι
931 1797 1090 1871 τοὺς
1149 1795 1382 1871 ἰδίους.
1476 1795 1730 1881 διόπερ
1769 1796 2091 1880 μηδεμιᾶς
2145 1791 2307 1878 παρ’

382 1901 613 1978 αὐτοῖς
665 1899 1021 1985 γινομένης
1075 1903 1455 1985 φιλοτιμίας
1501 1900 1983 1979 ἀστασιάστους
2033 1898 2143 1966 καὶ
2184 1900 2315 1984 τὴν
2346 1919 2400 1959 15

315 2028 347 2077 2
386 2007 710 2094 ὁμόνοιαν
736 2005 888 2094 περὶ
914 1998 1230 2074 πλείστου
1267 2006 1710 2094 ποιουμένους
1740 2009 2083 2074 διατελεῖν.
2139 2001 2316 2075 εἶναι

386 2113 461 2182 δὲ
517 2110 672 2202 παρ’
726 2115 953 2192 αὐτοῖς
1006 2112 1118 2180 καὶ
1165 2117 1325 2202 ζῷα,
1373 2116 1574 2201 μικρὰ
1617 2111 1739 2198 μὲν
1792 2126 1933 2192 τοῖς
1976 2115 2314 2200 μεγέθεσι,

383 2222 728 2310 παράδοξα
774 2219 850 2288 δὲ
886 2230 967 2308 τῇ
1013 2223 1215 2306 φύσει
1252 2231 1375 2286 τοῦ
1422 2222 1724 2306 σώματος
1767 2219 1878 2286 καὶ
1914 2229 1993 2307 τῇ
2034 2223 2316 2306 δυνάμει

383 2338 507 2395 τοῦ
543 2330 846 2414 αἵματος·
892 2323 1066 2394 εἶναι
1108 2329 1234 2413 γὰρ
1270 2327 1452 2392 αὐτὰ
1488 2337 1578 2416 τῷ
1618 2330 1901 2413 σχήματι
1937 2328 2315 2414 στρογγύλα

384 2435 496 2501 καὶ
570 2433 1156 2521 παρεμφερέστατα
1226 2443 1374 2511 ταῖς
1444 2434 1791 2518 χελώναις,
1863 2435 1987 2518 τὴν
2061 2433 2123 2500 δ’
2179 2434 2315 2501 ἐπι·
2343 2452 2395 2491 20

382 2542 670 2625 φάνειαν
732 2539 889 2606 δυσὶ
954 2550 1287 2625 γραμμαῖς
1345 2543 1653 2625 μηλίναις
1709 2540 2137 2626 κεχιασμένα,
2202 2537 2308 2626 ἐφ’

317 2668 350 2717 3
391 2646 666 2730 ἑκάστης
723 2643 797 2712 δὲ
857 2647 1063 2729 ἄκρας
1117 2648 1304 2731 ἔχειν
1350 2647 1710 2732 ὀφθαλμὸν
1755 2647 1867 2713 καὶ
1911 2651 2150 2733 στόμα·
2206 2650 2313 2717 διὸ

383 2751 496 2820 καὶ
539 2751 884 2838 τέτταρσιν
931 2753 1178 2836 ὄμμασι
1223 2752 1556 2837 βλέποντα
1598 2752 1711 2820 καὶ
1764 2765 1904 2831 τοῖς
1950 2760 2121 2831 ἴσοις
2167 2758 2315 2820 στό-

385 2875 545 2944 μασι
599 2857 907 2947 χρώμενα
961 2859 1055 2935 είς
1110 2857 1227 2924 ἕνα
1284 2861 1557 2948 φάρυγα
1612 2860 1932 2942 συνάγειν
1986 2861 2070 2925 τὰ
2114 2864 2313 2944 σιτία,

385 2965 498 3033 καὶ
546 2967 658 3032 διὰ
701 2967 949 3033 τούτου
993 2965 1523 3052 καταπινομένης
1555 2976 1672 3050 τῆς
1716 2975 1971 3052 τροφῆς
2016 2969 2111 3045 εἰς
2155 2970 2314 3053 μίαν
2342 2983 2395 3024 25

378 3077 651 3140 κοιλίαν
706 3084 981 3160 συρρεῖν
1040 3074 1326 3138 ἅπαντα·
1391 3073 1637 3158 ὁμοίως
1700 3069 1775 3139 δὲ
1832 3075 1914 3139 τὰ
1973 3075 2314 3160 σπλάγχνα

386 3180 501 3247 καὶ
544 3182 755 3246 τᾶλλα
798 3181 880 3245 τὰ
924 3179 1113 3257 ἐντὸς
1154 3181 1373 3245 πάντα
1416 3181 1593 3264 ἔχειν
1636 3181 1910 3265 μοναχά.
1991 3184 2205 3258 πόδας
2241 3179 2316 3247 δὲ

385 3287 790 3353 ὑποκεῖσθαι
835 3287 1056 3374 κύκλῳ
1104 3294 1220 3371 τῆς
1264 3289 1687 3372 περιφερείας
1730 3288 2041 3371 πολλούς,
2094 3285 2183 3353 δι’
2220 3283 2315 3354 ὧν

404 3501 421 3520 ‚
485 3505 499 3524 '
530 3448 561 3495 ’1
619 3443 799 3527 διφυῆ
853 3441 1076 3496 codices
1221 3450 1252 3499 9
1310 3444 1409 3498 καὶ
1462 3425 1757 3513 προσηνεῖς
1805 3443 1886 3507 εἰς
1930 3445 2156 3514 ΑΒΒΕ,
2216 3446 2316 3499 καὶ

379 3523 616 3569 ,απονως
650 3529 791 3583 προς
827 3514 933 3566 cet.
