2569 4061
944 363 969 415 1
1009 366 1093 415 80.
1125 367 1209 417 81.
1908 361 2032 424 137

120 522 230 588 καὶ
284 526 447 608 πρὸς
492 526 571 588 τά
625 526 1024 608 γεωμετρίας
1069 526 1498 607 θεωρήματα,
1544 526 1709 610 πρὸς
1768 519 1841 588 δὲ
1887 523 2038 587 τού-

23 701 25 703 ,
119 653 258 706 τοις
313 630 433 695 οὐκ
488 631 678 712 ὀλίγα
735 631 1180 714 συμβάλλεται
1235 627 1347 693 καὶ
1392 640 1529 705 τοῖς
1582 633 1663 694 τὰ
1708 628 1859 714 περὶ
1913 630 2038 711 τὴν

122 737 559 822 ἀστρολογίαν
597 737 1013 803 ἐκπονοῦσιν.
1073 735 1423 818 ἐπιμελοῦς
1451 736 1598 819 γὰρ,
1630 737 1691 799 εἰ
1715 735 1824 800 καὶ
1860 738 2037 822 παρά
2074 758 2109 804 4

120 861 295 908 τισιν
366 846 619 926 ἄλλοις,
693 842 804 908 καὶ
867 837 1019 927 παρ’
1062 843 1458 924 Αἰγυπτίοις
1527 846 2037 926 παρατηρήσεως

70 968 95 1006 5
124 950 565 1033 τυγχάνουσιν
613 950 687 1013 αί
716 960 852 1014 τῶν
897 950 1160 1032 ἄστρων
1196 947 1410 1025 τάξεις
1455 969 1523 1012 τε
1570 943 1680 1010 καὶ
1726 949 2035 1028 κινήσεις·

18 1078 82 1126 92
121 1054 228 1120 καὶ
275 1057 390 1132 τὰς
435 1052 557 1139 μὲν
604 1054 754 1140 περὶ
802 1053 1094 1119 ἑκάστων
1142 1053 1533 1138 ἀναγραφὰς
1581 1051 1645 1131 ἐξ
1694 1051 1859 1116 ἐτῶν
1895 1052 2039 1117 ἀπί-

118 1178 291 1227 στων
336 1170 427 1249 τῷ
477 1164 723 1243 πλήθει
770 1161 1255 1244 φυλάττουσιν,
1305 1159 1376 1224 ἐκ
1420 1163 1721 1225 παλαιῶν
1776 1161 2040 1244 χρόνων

118 1268 526 1352 ἐζηλωμένης
579 1262 734 1352 παρ’
788 1268 1015 1342 αὐτοῖς
1080 1274 1193 1348 τῆς
1245 1264 1395 1351 περὶ
1459 1275 1665 1331 ταῦτα
1721 1267 2038 1350 σπουδῆς,

117 1375 232 1449 τὰς
290 1371 362 1437 δὲ
408 1384 543 1437 τῶν
597 1374 952 1453 πλανήτων
1000 1369 1295 1459 ἀστέρων
1350 1374 1640 1454 κινήσεις
1693 1371 1804 1438 καὶ
1857 1394 2038 1459 περι-

39 1498 93 1538 10
121 1480 322 1554 όδους
369 1476 478 1542 καὶ
517 1478 940 1561 στηριγμούς,
990 1477 1084 1539 ἔτι
1124 1472 1195 1540 δὲ
1241 1478 1356 1552 τὰς
1403 1477 1681 1543 ἑκάστου
1724 1479 2040 1564 δυνάμεις

119 1586 287 1668 πρὸς
322 1586 436 1659 τὰς
483 1594 617 1646 τῶν
657 1582 835 1668 ζῴων
877 1580 1187 1664 γενέσεις,
1233 1586 1438 1648 τίνων
1477 1584 1646 1649 εἰσὶν
1684 1585 1960 1667 ἀγαθῶν
1997 1585 2038 1668 ἢ

122 1700 346 1780 κακῶν
394 1687 883 1772 ἀπεργαστικαί,
931 1690 1405 1771 φιλοτιμότατα
1451 1695 2038 1776 παρατετηρήκασι.

125 1791 237 1858 καὶ
282 1793 597 1869 πολλάκις
652 1788 772 1876 μὲν
816 1804 955 1870 τοῖς
1001 1793 1389 1878 ἀνθρώποις
1442 1805 1576 1858 τῶν
1623 1794 1848 1871 αὐτοῖς
1893 1801 2042 1880 μελ-

123 1902 380 1965 λόντων
435 1899 930 1982 ἀπαντήσεσθαι
993 1902 1156 1965 κατὰ
1217 1902 1335 1965 τὸν
1397 1901 1550 1983 βίον
1605 1900 2043 1986 προλέγοντες

40 2025 92 2067 15
123 2004 700 2091 ἐπιτυγχάνουσιν,
749 2006 871 2072 οὐκ
917 2007 1210 2090 ὀλιγάκις
1258 2003 1332 2072 δὲ
1376 2017 1650 2094 καρπῶν
1695 2009 1964 2094 φθορὰς
2000 2007 2041 2091 ἢ

122 2113 519 2178 τούναντίον
563 2116 1046 2199 πολυκαρπίας,
1095 2116 1189 2178 ἔτι
1237 2111 1312 2179 δὲ
1366 2116 1610 2191 νόσους
1655 2117 1884 2192 κοινὰς
1929 2115 2042 2179 ἀν-

121 2220 422 2304 θρώποις
495 2218 535 2301 ἢ
610 2221 1023 2302 βοσκήμασιν
1097 2217 1415 2302 ἐσομένας
1486 2224 2041 2305 προσημαίνουσι,

124 2326 433 2409 σεισμούς
469 2348 539 2389 τε
575 2323 686 2389 καὶ
722 2327 1221 2408 κατακλυσμοὺς
1257 2323 1370 2390 καὶ
1406 2335 1710 2409 κομητῶν
1748 2325 2042 2412 ἀστέρων

127 2430 426 2511 ἐπιτολὰς
471 2429 583 2496 καὶ
618 2431 832 2495 πάντα
878 2432 959 2495 τά
1004 2441 1143 2508 τοῖς
1177 2436 1451 2508 πολλοῖς
1498 2431 1833 2498 ἀδύνατον
1870 2435 2042 2518 ἔχειν

47 2556 102 2595 20
134 2538 457 2603 δοκοῦντα
484 2540 607 2622 τὴν
645 2537 1026 2621 ἐπίγνωσιν,
1074 2537 1147 2603 ἐκ
1182 2542 1437 2603 πολλοῦ
1471 2541 1718 2624 χρόνου
1752 2561 2040 2625 παρατη-

129 2645 379 2728 ρήσεως
427 2641 888 2728 γεγενημένης,
947 2645 1500 2730 προγινώσκουσι.
1593 2645 1760 2730 φασὶ
1804 2644 1878 2713 δὲ
1931 2647 2043 2714 καὶ

124 2753 281 2827 τοὺς
327 2748 399 2814 ἐν
444 2754 801 2833 Βαβυλῶνι
848 2752 1246 2835 Χαλδαίους,
1295 2752 1611 2829 ἀποίκους
1654 2756 2042 2836 Αἰγυπτίων

125 2858 350 2938 ὄντας,
405 2857 528 2938 τὴν
583 2855 786 2934 δόξαν
840 2857 1014 2940 ἔχειν
1068 2857 1190 2940 τὴν
1243 2855 1396 2942 περὶ
1440 2865 1555 2939 τῆς
1608 2856 2043 2944 ἀστρολογίας

124 2964 302 3048 παρὰ
346 2973 482 3026 τῶν
531 2960 761 3047 ἱερέων
806 2964 1148 3046 μαθόντας
1190 2974 1325 3028 τῶν
1364 2966 1767 3047 Αἰγυπτίων.
1860 2967 1933 3029 τὸ
1975 2960 2034 3028 δ’

44 3085 97 3125 25
126 3071 287 3134 ἄλλο
343 3072 603 3152 πλῆθος
654 3078 789 3133 τῶν
835 3071 1223 3151 Αἰγυπτίων
1279 3068 1352 3134 ἐκ
1395 3072 1656 3135 παίδων
1713 3070 2044 3154 μανθάνει

124 3175 302 3260 παρὰ
357 3185 491 3239 τῶν
545 3172 846 3259 πατέρων
901 3172 941 3257 ἢ
1000 3185 1345 3257 συγγενῶν
1390 3176 1506 3251 τὰς
1559 3174 1710 3261 περὶ
1766 3174 2042 3238 ἕκαστον

125 3282 277 3362 βίον
315 3279 783 3363 ἐπιτηδεύσεις,
812 3281 1115 3366 καθάπερ
1143 3283 1642 3366 προειρήκαμεν.
1698 3278 2043 3361 γράμματα

270 3477 298 3524 1
338 3470 439 3525 καὶ
477 3468 546 3526 τὰ
587 3468 725 3540 πρὸς
759 3472 1105 3541 γεωμετρίαν
1142 3472 1190 3524 D
1338 3477 1370 3523 3
1410 3466 1683 3546 ἐπιμελῶς
1717 3463 1866 3532 libri,
1907 3481 2043 3548 0013·-

125 3541 288 3599 Dind.
436 3549 468 3596 6
517 3540 620 3612 μὲν
659 3559 768 3597 om.
807 3542 869 3596 F
1009 3548 1041 3595 9
1089 3538 1153 3594 δὲ
1193 3540 1406 3609 scripsi,
1445 3558 1504 3593 τε
1542 3538 1674 3592 libn
1819 3540 1884 3588 13
1934 3554 2045 3590 των

126 3608 321 3676 αὐτοῖς
340 3613 421 3683 μ.]
450 3612 582 3684 περὶ
608 3613 720 3667 τῶν
749 3632 804 3683 μ.
834 3611 942 3668 OF
992 3618 1061 3666 20
1090 3609 1298 3664 πολλοῦ
1319 3606 1551 3677 χρόνον]
1583 3605 1954 3671 πολυχρονίου
1984 3606 2044 3656 F.
