2569 4061
1026 331 1105 386 IV
1144 337 1229 388 16.
1259 337 1345 387 17.
2007 336 2135 399 421

223 492 333 556 διὰ
396 493 519 575 τὴν
581 491 654 558 ἐν
716 503 856 571 τοῖς
918 500 1299 579 πολεμικοῖς
1359 495 1609 578 ἀγῶσιν
1673 496 2140 585 ἀνδραγαθίαν

219 596 607 683 καυχωμένη
646 601 931 683 μηδενὸς
966 605 1198 688 χρείαν
1232 605 1408 688 ἔχειν
1443 606 1729 688 βοηθοῦ,
1766 607 1981 690 ψευδῆ
2018 606 2142 690 τὴν

224 705 618 789 ἐπαγγελίαν
680 709 828 792 ἔσχε
895 712 1221 795 κρείττονι
1284 716 1750 797 περιπεσοῦσα.
1841 715 2001 796 μετὰ
2066 709 2140 778 δὲ
2177 737 2209 785 3

224 814 464 890 ταύτας
509 815 814 880 Κελαινὼ
869 814 981 880 καὶ
1025 815 1333 903 Εὐρυβία
1385 815 1497 883 καὶ
1554 820 1799 900 Φοίβη,
1845 827 1962 901 τῆς
2000 812 2141 904 Ἀρ-

170 939 198 981 5
223 917 488 1003 τέμιδος
524 915 721 986 οὖσαι
768 921 1177 1007 συγκυνηγοὶ
1224 921 1338 989 καὶ
1375 924 1488 988 διὰ
1531 925 1779 1000 παντὸς
1814 923 2144 1008 εὐστόχως

225 1026 705 1111 ἀκοντίζουσαι,
732 1028 851 1094 τὸν
889 1027 1007 1094 ἕνα
1035 1032 1277 1114 στόχον
1314 1029 1437 1096 οὐκ
1465 1032 1784 1117 ἔτρωσαν,
1823 1026 1965 1094 ἀλλ’
1993 1028 2142 1095 ἑαυ-

220 1145 365 1211 ταῖς
394 1139 915 1214 συνασπίζουσαι
942 1138 1090 1201 τότε
1117 1146 1324 1201 πᾶσαι
1350 1140 1823 1221 κατεκόπησαν.
1878 1138 2038 1221 μετὰ
2066 1131 2141 1200 δὲ

222 1242 464 1318 ταύτας
509 1242 923 1328 Δηιάνειραν
975 1239 1084 1307 καὶ
1117 1240 1457 1329 Ἀστερίαν
1510 1242 1623 1309 καὶ
1666 1244 1997 1330 Μάρπην,
2044 1245 2142 1309 ἔτι

226 1343 310 1411 δὲ*
355 1345 743 1433 Τέκμησσαν
796 1346 908 1413 καὶ
946 1343 1305 1433 Ἀλκίππην
1355 1348 1765 1436 ἐχειρώσατο.
1857 1350 2021 1433 αὕτη
2072 1343 2134 1414 δ’

135 1473 193 1513 10
224 1454 523 1539 ὀμόσασα
550 1451 890 1540 παρθένος
927 1456 1267 1540 διαμενεῖν
1294 1457 1413 1521 τὸν
1451 1453 1574 1541 μὲν
1603 1457 1805 1543 ὅρκον
1833 1455 2140 1542 ἐφύλαξε,

219 1562 295 1625 τὸ
362 1558 438 1624 δὲ
504 1563 619 1644 ζῆν
684 1560 767 1625 οὐ
831 1562 1236 1648 διετήρησεν.
1327 1562 1369 1646 ἡ
1428 1559 1501 1628 δὲ
1555 1564 1678 1647 τὴν
1741 1566 2142 1649 στρατηγίαν

131 1662 142 1669 ’
221 1668 467 1750 ἔχουσα
501 1677 636 1732 τῶν
666 1663 1042 1752 Ἀμαζόνων
1076 1672 1481 1751 Μελανίππη
1519 1667 1631 1734 καὶ
1666 1667 2141 1753 θαυμαζομένη

221 1773 502 1857 μάλιστα
541 1771 629 1838 δι’
665 1773 982 1860 ἀνδρείαν
1017 1773 1304 1858 ἀπέβαλε
1348 1776 1470 1858 τὴν
1505 1774 1886 1859 ἡγεμονίαν.
1937 1771 2140 1859 Ἡρα·
2175 1797 2212 1845 4

218 1882 379 1962 κλῆς
416 1877 490 1945 δὲ
526 1882 643 1957 τὰς
680 1880 1202 1965 ἐπιφανεστάτας
1236 1892 1373 1946 τῶν
1398 1878 1846 1966 Ἀμαζονίδων
1883 1880 2141 1946 ἀνελὼν

141 2000 192 2044 15
220 1984 332 2051 καὶ
383 1988 459 2052 τὸ
507 1988 744 2053 λοιπὸν
798 1992 1059 2071 πλῆθος
1111 1999 1354 2073 φυγεῖν
1409 1988 1947 2072 συναναγκάσας,
1980 2006 2144 2062 ,κατ-

219 2091 415 2172 έκοψε
451 2095 569 2171 τὰς
603 2096 934 2178 πλείστας,
981 2096 1148 2161 ὥστε
1185 2100 1523 2173 παντελῶς
1560 2096 1635 2161 τὸ
1674 2097 1876 2172 ἔθνος
1913 2094 2141 2161 αὐτῶν

219 2203 671 2286 συντριβῆναι.
762 2211 897 2266 τῶν
956 2197 1017 2264 δ’
1070 2202 1575 2285 αἰχμαλωτίδων
1611 2199 1964 2284 Ἀντιόπην
2019 2197 2142 2285 μὲν

219 2304 597 2393 ἐδωρήσατο
631 2311 857 2391 Θησεῖ,
885 2309 1335 2391 Μελανίππην
1367 2305 1428 2372 δ’
1467 2306 1929 2393 ἀπελύτρωσεν
1957 2305 2140 2372 ἀντι-

218 2414 444 2495 λαβὼν
487 2415 608 2479 τὸν
656 2417 967 2498 ζωστῆρα.

139 2534 191 2573 20
395 2519 809 2606 Εὐρυσθέως
838 2516 912 2585 δὲ
947 2519 1438 2606 προστάξαντος
1466 2514 1685 2585 ἆθλον
1720 2517 1997 2585 ὁῖἔκατον
2023 2519 2140 2595 τὰς
2165 2522 2243 2586 17

219 2627 573 2711 Γηρυόνου
638 2629 804 2710 βοῦς
867 2625 1170 2710 ἀγαγεῖν,
1247 2625 1325 2703 ἃς
1387 2624 1712 2710 νέμεσθαι
1785 2622 2140 2709 συνέβαινε

218 2739 331 2815 τῆς
379 2729 667 2819 Ἰβηρίας
712 2731 786 2798 ἐν
830 2742 970 2809 τοῖς
1013 2733 1179 2819 πρὸς
1223 2734 1343 2798 τὸν
1390 2731 1686 2797 ὠκεανὸν
1730 2729 2141 2817 κεκλιμένοις

216 2835 507 2923 μέρεσιν,
527 2836 858 2925 Ἡρακλῆς
885 2845 1168 2923 θεωρῶν
1195 2840 1316 2904 τὸν
1345 2841 1558 2904 πόνον
1584 2847 1826 2904 τοῦτον
1853 2837 2141 2923 μεγάλης

216 2945 717 3030 προσδεόμενον
770 2953 1190 3030 παρασκευῆς
1246 2941 1355 3008 καὶ
1410 2946 1891 3025 κακοπαθείας,
1948 2958 2139 3007 συνε-

140 3061 190 3101 2⁵
218 3051 503 3132 στήσατο
551 3053 794 3115 στόλον
850 3050 1201 3134 ἀξιόλογον
1245 3049 1358 3115 καὶ
1411 3055 1673 3133 πλῆθος
1719 3056 2138 3133 στρατιωτῶν

219 3152 578 3239 ἀξιόχρεων
632 3155 740 3221 ἐπὶ
801 3156 1053 3240 ταύτην
1105 3157 1229 3239 τὴν
1294 3157 1659 3242 στρατείαν.
1752 3155 2135 3238 διεβεβόητο
2174 3175 2206 3223 2

362 3317 394 3365 2
433 3312 654 3400 χρείαν]
692 3312 861 3383 χάριν
896 3315 1088 3382 χρείας
1124 3312 1172 3364 D
1291 3318 1327 3366 4
1364 3312 1462 3379 τῆς
1498 3330 1606 3367 om.
1649 3310 1752 3366 OF
1866 3316 1898 3363 6
1937 3306 2140 3380 στοχόν

216 3383 291 3509 {30
321 3381 842 3543 dizozsszcvvrsslff’
773 3445 917 3509 οὐσα
951 3381 1360 3523 Ξιαῗέῖζῗύρῧῖ
1386 3382 1536 3508 εἷναι
1574 3452 1637 3506 F
1645 3381 2043 3541 91ἔέύὲἶῖξῖ
2070 3379 2139 3520 ὃ),

216 3525 268 3578 δι
252 3523 509 3594 ιετήρησε
551 3525 660 3582 OF
740 3530 805 3579 11
845 3524 1174 3595 διετήρησεν
1213 3524 1279 3593 D,
1320 3496 1700 3607 διεφύλαξεν
1702 3522 1809 3578 OF
1889 3528 1954 3577 12
1993 3519 2137 3593 ἄμα-

122 3661 128 3667 ,
215 3598 454 3662 ζονίὸων
491 3597 593 3651 ΙΙ
691 3602 762 3651 24
798 3597 1199 3659 κακοπαθείας
1235 3566 1336 3651 καὶ
1372 3593 1735 3666 παρασκευῆς
1771 3592 1923 3664 vulg.
