2569 4061
441 332 576 399 530
1108 327 1415 386 DIODORI
1453 326 1687 384 SICULI

439 495 550 562 καὶ
611 495 852 572 πάντες
917 495 988 560 οἱ
1040 497 1202 580 μετά
1261 517 1446 572 τινος
1503 493 1804 572 ἐξουσίας
1865 491 2423 575 ἐπιδημοῦντες,

441 602 710 667 ἐπειδὰν
756 603 852 679 εἰς
886 603 1008 668 τὸν
1036 600 1292 688 ’Ἐρυκα
1335 601 1793 686 παραβάλωσι,
1839 598 2421 683 μεγαλοπρεπέσι

440 710 716 785 θυσίαις
774 706 886 774 καὶ
943 718 1162 792 τιμαῖς
1219 715 1548 792 κοσμοῦσι
1612 708 1687 771 τὸ
1753 704 2050 790 τέμενος,
2115 703 2245 769 καὶ
2325 707 2415 771 τὸ

442 816 853 901 σκυθρωπὸν
896 823 1012 899 τῆς
1050 813 1353 894 ἐξουσίας
1389 810 1799 897 ἀποθέμενοι
1837 811 2412 895 μεταβάλλουσιν

443 923 539 999 εἰς
610 922 879 998 παιδιὰς
949 918 1061 986 καὶ
1132 929 1475 1003 γυναικῶν
1551 918 1811 1003 ὁμιλίας
1883 917 2044 1000 μετὰ
2117 921 2409 1001 πολλῆς
2436 937 2461 977 5

446 1027 853 1113 ἱλαρότητος,
919 1029 1140 1111 μόνως
1203 1025 1378 1091 οὕτω
1443 1027 1822 1108 νομίζοντες
1886 1021 2408 1107 κεχαρισμένην

375 1154 406 1202 7
445 1142 524 1218 τῇ
595 1138 735 1221 θεῷ
806 1136 1113 1217 ποιήσειν
1187 1133 1309 1215 τὴν
1383 1129 1637 1197 ἑαυτῶν
1709 1130 2112 1215 παρουσίαν·
2188 1130 2237 1212 ’ἥ
2321 1153 2403 1195 τε

445 1240 813 1322 σύγκλητος
868 1246 1004 1303 τῶν
1053 1234 1395 1321 Ῥωμαίων
1455 1239 1550 1313 εἰς
1608 1237 1725 1313 τὰς
1780 1244 1896 1319 τῆς
1954 1241 2125 1299 θεοῦ
2181 1237 2400 1319 τιμὰς

447 1348 962 1427 φιλοτιμηθεῖσα
1019 1344 1137 1418 τὰς
1195 1339 1319 1427 μὲν
1378 1343 1771 1419 πιστοτάτας
1827 1352 1962 1406 τῶν
2019 1342 2188 1406 κατὰ
2256 1342 2394 1424 τὴν

444 1450 762 1513 Σικελίαν
825 1450 1085 1515 πόλεων
1149 1449 1357 1526 οὔσας
1421 1447 1855 1514 ἑπτακαίδεκα
1917 1459 2392 1533 χρυσοφορεῖν
2419 1471 2463 1510 10

445 1552 837 1638 ἐδογμάτισε
873 1563 953 1640 τῇ
993 1553 1356 1642 Ἀφροδίτῃ
1393 1554 1504 1620 καὶ
1541 1554 1946 1641 στρατιώτας
1986 1554 2389 1631 διακοσίους

444 1671 672 1747 τηρεῖν
716 1663 791 1726 τὸ
840 1662 1039 1747 ίερόν.

627 1766 761 1832 Καὶ
814 1764 965 1853 περὶ
1018 1764 1141 1852 μὲν
1189 1765 1464 1853 Ἐρυκος
1518 1770 1581 1832 εἰ
1631 1766 1743 1833 καὶ
1807 1767 2474 1850 πεπλεονάκαμεν,327

446 1867 590 1938 ἀλλ’
643 1868 769 1939 οὖν
833 1875 1085 1938 οἰκείαν
1149 1876 1569 1958 πεποιήμεθα
1632 1874 1756 1956 τὴν
1818 1871 1970 1958 περὶ
2027 1880 2142 1957 τῆς
2200 1878 2378 1950 θεᾶς

343 1982 430 2048 84
449 1978 882 2063 ἀπαγγελίαν·
946 1978 1103 2045 νυνὶ
1164 1976 1237 2045 δὲ
1296 1976 1449 2065 περὶ
1505 1979 1859 2065 Δάφνιδος
1916 1980 2374 2066 πειρασόμεθα
2402 2001 2447 2042 15

448 2087 746 2151 διελθεῖν
790 2087 870 2151 τὰ
916 2087 1492 2171 μυθολογούμενα.
1575 2083 1817 2172 “Ηραῖα
1861 2088 1989 2172 γὰρ
2036 2088 2159 2172 ὄρη
2203 2087 2371 2151 κατὰ

445 2193 568 2275 τὴν
629 2196 948 2258 Σικελίαν
1008 2192 1210 2277 ἐστίν,
1272 2193 1315 2256 ἅ
1374 2208 1542 2277 φασι
1595 2193 1821 2258 κάλλει
1875 2216 1944 2257 τε
1998 2190 2109 2257 καὶ
2167 2193 2369 2276 φύσει

446 2296 558 2363 καὶ
612 2301 836 2365 τόπων
894 2300 1180 2383 ἰδιότησι
1233 2299 1401 2384 πρὸς
1444 2299 1729 2384 θερινὴν
1775 2300 2009 2364 ἄνεσιν
2053 2296 2163 2364 καὶ
2209 2298 2364 2363 ἀπό-

448 2409 689 2469 λαυσιν
745 2399 821 2469 εὗ
877 2401 1264 2489 πεφυκέναι.
1359 2405 1607 2481 πολλάς
1650 2426 1720 2468 τε
1765 2405 1893 2491 γὰρ
1938 2405 2151 2488 πηγὰς
2193 2406 2362 2489 ἔχειν

445 2519 525 2595 τῇ
580 2511 939 2594 γλυκύτητι
992 2520 1128 2576 τῶν
1177 2510 1445 2575 ὑδάτων
1494 2512 1863 2596 διαφόρους
1905 2508 2016 2575 καὶ
2062 2508 2358 2595 δένδρεσι
2383 2534 2431 2574 20

446 2619 788 2692 παντοίοις
814 2621 1311 2702 πεπληρῶσθαι.
1368 2611 1540 2683 εἶναι
1569 2613 1644 2681 δὲ
1669 2614 1781 2682 καὶ
1810 2618 2035 2703 δρυῶν
2064 2618 2355 2700 μεγάλων

446 2724 727 2803 πλῆθος,
765 2733 1122 2805 φερουσῶν
1158 2722 1419 2806 καρπὸν
1453 2730 1544 2809 τῷ
1575 2719 1843 2806 μεγέθει
1872 2723 2351 2805 διαλλάττοντα,

450 2826 963 2904 διπλασιάζοντα
997 2836 1134 2891 τῶν
1174 2825 1248 2891 ἐν
1283 2837 1429 2904 ταῖς
1455 2829 1685 2904 ἄλλαις
1719 2829 1964 2914 χώραις
1991 2829 2350 2914 φυομένων.

449 2937 623 3019 ἔχειν
671 2928 745 2999 δὲ
789 2930 901 2998 καὶ
945 2943 1081 2999 τῶν
1131 2931 1399 3019 ἡμέρων
1451 2943 1726 3019 καρπῶν
1780 2934 2190 3018 αὐτομάτων,
2240 2935 2348 3019 ἀμ-

447 3040 654 3107 πέλου
711 3063 782 3106 τε
840 3045 1089 3125 πολλῆς
1147 3037 1489 3125 φυομένης
1546 3037 1659 3105 καὶ
1722 3042 1951 3123 μήλων
2015 3039 2345 3124 ἀμυθήτου
2369 3063 2416 3104 25

384 3171 415 3218 2
455 3149 775 3231 πλήθους.
870 3147 975 3212 διὸ
1032 3144 1142 3212 καὶ
1188 3146 1637 3230 στρατόπεδόν
1680 3165 1840 3211 ποτε
1886 3148 2345 3233 Καρχηδονίων

448 3253 578 3318 ὑπὸ
627 3258 826 3336 λιμοῦ
869 3255 1257 3336 πιεζόμενον
1298 3249 1680 3336 διαθρέψαι,
1727 3250 2195 3338 παρεχομένων
2223 3264 2343 3319 τῶν

451 3359 629 3444 ὀρῶν
674 3364 949 3435 πολλαῖς
993 3358 1269 3443 μυριάσι
1303 3359 1618 3444 χορηγίας
1653 3359 1748 3434 εἰς
1783 3359 2044 3444 τροφὴν
2081 3357 2340 3425 ἀνέκλει-

595 3519 662 3565 10
699 3508 887 3567 οὐσῶν
910 3511 961 3564 D
1047 3519 1112 3567 18
1145 3510 1419 3582 ἰδιότησιν
1449 3513 1517 3580 D,
1558 3509 1797 3581 ἰδιότητι
1829 3514 1979 3583 vulg.
2053 3519 2120 3567 22
2157 3511 2336 3583 φερόν-

448 3598 559 3632 των
597 3582 645 3632 D
742 3587 811 3635 23
850 3581 1118 3636 διπλάσια
1158 3579 1296 3636 ὄντα
1332 3584 1372 3636 f.
1467 3589 1535 3637 28
1573 3586 1844 3652 χορηγίαν
1881 3584 1933 3636 II
1969 3584 2061 3653 (of.
2091 3584 2118 3636 I
2140 3586 2334 3653 64‚12).
