2569 4061
404 301 538 366 522
708 379 717 387 ο
1071 298 1377 356 monom
1413 298 1648 355 metm

408 463 716 550 ἐξιδροῦν
754 464 1134 546 λεληθότως
1179 460 1289 528 καὶ
1334 464 1501 529 κατὰ
1538 465 1775 550 μικρὸν
1805 467 1966 541 τοὺς
2002 463 2395 551 ἐνδιατρί-

406 572 648 652 βοντας
666 570 768 633 καὶ
795 570 957 653 μετὰ
983 567 1272 655 τέρψεως
1291 571 1695 655 θεραπεύειν
1723 571 1804 634 τὰ
1832 570 2102 654 σώματα
2121 570 2390 656 μηδὲν

334 699 371 749 4
406 673 1069 761 παρενοχλουμένους
1094 675 1225 740 ὑπὸ
1262 683 1380 757 τῆς
1414 678 1845 762 θερμότητος.
1906 678 2072 741 κατὰ
2112 674 2197 743 δὲ
2231 680 2388 746 τὸν

316 855 321 862 ,
388 780 644 868 ’Ἔρυκα
690 781 931 869 πέτρας
968 783 1174 868 οὔσης
1219 782 1641 867 ἀποτομάδος
1677 786 1772 860 εἰς
1807 782 1979 861 ὕψος
2015 781 2381 870 ἐξαίσιον,

405 888 519 955 καὶ
562 899 679 974 τῆς
722 892 887 956 κατὰ
930 892 1005 956 τὸ
1055 890 1237 975 ἱερὸν
1281 896 1398 971 τῆς
1437 887 1835 976 Ἀφροδίτης
1889 895 2382 977 στενοχωρίας
2410 914 2438 955 5

412 996 911 1080 ἀναγκαζούσης
948 994 1054 1062 ἐπὶ
1089 997 1165 1061 τὸ
1211 1004 1326 1079 τῆς
1360 995 1603 1081 πέτρας
1648 996 2078 1082 ἀπόκρημνον
2123 1002 2353 1083 ποιή-
2380 1007 2481 1056 322

409 1110 666 1169 σασθαι
726 1104 850 1187 τὴν
915 1105 1337 1188 οἰκοδομίαν,
1418 1103 1897 1168 κατεσκεύασεν
1967 1101 2065 1167 ἐπ’
2124 1104 2373 1171 αὐτοῦ

406 1219 530 1274 τοῦ
556 1218 859 1296 κρημνοῦ
885 1221 1134 1295 τοῖχον,
1164 1210 1577 1294 προβιβάσας
1612 1209 2001 1295 παραδόξως
2029 1211 2103 1274 τὸ
2134 1208 2366 1296 ὑπερ-

336 1336 370 1387 6
407 1320 715 1401 κείμενον
749 1324 870 1380 τοῦ
915 1324 1235 1401 κρημνοῦ.
1299 1324 1600 1401 χρυσοῦν
1645 1339 1713 1380 τε
1750 1316 1943 1401 κριὸν
1978 1324 2059 1400 τῇ
2094 1311 2361 1403 ’Λφρο-

409 1423 558 1506 δίτῃ
604 1430 683 1506 τῇ
724 1415 1036 1507 Ἐρυκίνῃ
1083 1419 1295 1506 φασὶν
1341 1422 1548 1487 αὐτὸν
1594 1428 2067 1507 φιλοτεχνῆσαι
2111 1444 2356 1508 περιτ-
2390 1448 2444 1487 ιο

406 1539 536 1606 τῶς
583 1527 1020 1615 εἰργασμένον
1066 1527 1176 1594 καὶ
1222 1537 1315 1616 τῷ
1364 1523 1506 1594 κατ’
1543 1529 1869 1612 ἀλήθειαν
1914 1538 2078 1616 κριῷ
2128 1529 2354 1618 ἀπαρ-

410 1638 802 1721 εγχειρήτως
830 1633 1281 1720 ὡμοιωμένον.
1332 1636 1500 1700 ἄλλα
1530 1657 1600 1699 τε
1638 1636 1851 1700 πολλά
1880 1651 2089 1718 φασιν
2129 1635 2351 1702 αὐτὸν

418 1747 884 1828 φιλοτεχνῆσαι
933 1744 1100 1806 κατὰ
1143 1742 1267 1825 τὴν
1314 1745 1655 1825 Σικελίαν,
1704 1741 1747 1806 ἃ
1793 1742 1905 1807 διὰ
1950 1743 2025 1806 τὸ
2073 1747 2348 1826 πλῆθος

417 1859 540 1915 τοῦ
584 1852 832 1935 χρόνου
881 1847 1303 1934 διέφθαρται.

307 1954 391 2020 79
590 1958 828 2033 Μίνως
883 1953 941 2019 δ’
992 1954 1027 2019 ὁ
1084 1964 1219 2019 τῶν
1280 1957 1568 2041 Κρητῶν
1631 1957 1944 2038 βασιλεὺς
2007 1959 2329 2020 θαλαττο-
2363 1979 2425 2020 15

410 2074 673 2149 κρατῶν
719 2056 860 2128 κατ’
904 2061 1199 2139 ἐκείνους
1245 2065 1404 2139 τοὺς
1439 2065 1746 2147 χρόνους,
1792 2061 1904 2127 καὶ
1948 2064 2334 2152 πυθόμενος

406 2170 530 2253 τὴν
566 2170 919 2236 Δαιδάλου
955 2169 1183 2254 φυγὴν
1221 2172 1317 2246 εἰς
1353 2172 1692 2252 Σικελίαν,
1739 2171 1911 2252 ἔγνω
1951 2172 2333 2257 στρατεύειν

409 2273 509 2341 ἐπ’
555 2276 782 2359 αὐτήν.
873 2276 1545 2362 παρασκευασάμενος
1610 2272 1683 2340 δὲ
1753 2277 2045 2362 δύναμιν
2108 2302 2331 2344 ναυτι-

411 2384 539 2467 κὴν
586 2383 937 2466 ἀξιόλογον
982 2381 1373 2462 ἐξέπλευσεν
1419 2381 1491 2448 ἐκ
1536 2390 1652 2466 τῆς
1686 2385 1977 2468 Κρήτης,
2025 2383 2137 2449 καὶ
2181 2409 2329 2451 κατ-

414 2498 536 2575 ῆρε
573 2500 689 2574 τῆς
727 2488 1241 2576 Ἀκραγαντίνης
1279 2491 1375 2565 εἰς
1420 2490 1543 2573 τὴν
1589 2486 1700 2554 ἀπ’
1746 2488 2006 2556 ἐκείνου
2042 2489 2328 2580 Μινῴαν
2352 2512 2404 2552 20

406 2594 848 2680 καλουμένην.
940 2596 1352 2679 ἀποβιβάσας
1399 2592 1472 2660 δὲ
1517 2597 1640 2680 τὴν
1688 2596 1976 2681 δύναμιν
2019 2596 2132 2663 καὶ
2175 2597 2324 2684 πέμ-

408 2709 539 2778 ψας
604 2700 927 2784 ἀγγέλους
988 2703 1155 2786 πρὸς
1209 2703 1538 2768 Κώκαλον
1601 2704 1720 2768 τὸν
1782 2703 2059 2787 βασιλέα
2123 2702 2323 2791 ἐξῄτει

340 2827 373 2877 2
413 2808 531 2873 τὸν
566 2808 914 2872 Δαίδαλον
960 2808 1054 2882 εἰς
1089 2810 1429 2893 τιμωρίαν.
1494 2806 1644 2874 δ’δὲ
1679 2810 1999 2886 Κώκαλος
2045 2813 2140 2888 εἰς
2176 2813 2322 2878 σύλ-

411 2921 616 2999 λογον
652 2913 1228 3001 προκαλεσάμενος
1272 2912 1385 2979 καὶ
1426 2916 1643 2981 πάντα
1687 2919 1994 3000 ποιήσειν
2033 2917 2320 3002 ἐπαγγει-

410 3025 696 3109 λάμενος
732 3019 840 3088 ἐπὶ
865 3022 961 3109 τάκ
983 3018 1164 3100 ξένια
1191 3020 1521 3107 παρέλαβε
1556 3024 1677 3087 τὸν
1711 3026 1931 3087 Μίνω.
2000 3023 2319 3108 λουμένου
2343 3042 2391 3083 2⁵

409 3125 472 3195 δ’
499 3130 728 3213 αὐτοῦ,
750 3129 1069 3205 Κώκαλος
1087 3124 1210 3212 μὲν
1236 3129 1763 3214 παρακατασχὼν
1780 3132 2058 3195 πλείονα
2083 3133 2317 3216 χρόνον

555 3294 581 3341 1
623 3287 722 3342 καὶ.
759 3283 903 3342 κατὰ
942 3283 1142 3356 μικρὸν
1181 3285 1220 3340 f.
1259 3285 1368 3340 del.
1459 3292 1490 3340 2
1530 3285 1628 3341 καὶ
1665 3285 1859 3341 addidi
1948 3293 1980 3341 6
2018 3287 2316 3355 ποιῆσαιΠ

409 3365 440 3412 9
480 3354 643 3426 κριὸν
698 3358 896 3427 κηρίον
927 3357 983 3426 0,
1022 3353 1325 3427 τεκμήριον
1354 3357 1396 3411 F
1481 3363 1549 3413 10
1584 3358 1674 3429 τῇ]
1705 3357 1803 3412 καὶ
1830 3359 1896 3430 τῇ
1927 3357 1976 3411 D
2062 3362 2124 3410 11
2162 3358 2313 3431 κριῷ]

409 3430 646 3550 51
764 3434 853 3550 15⁷
894 3426 1018 3552 ⁸²55
1041 3426 1123 3562 ⁸55
1140 3423 1262 3551 »555
1275 3428 1452 3551 312·
1560 3435 1632 3553 55
1666 3424 1982 3554 εὖεὲεᾶι
2002 3423 2178 3554 ⁹⁶33?
2213 3431 2316 3555 525

407 3502 889 3632 }2oey’;s<7.>7135}asvoc;
924 3568 973 3620 D
1049 3516 1470 3622 25ηΜίνωαΒΪΙ.
1710 3519 1740 3567 ρ
1918 3519 1944 3554 ε
1981 3518 2089 3569 aps
2159 3519 2185 3562 ς
