2569 4061
1063 310 1140 366 111
1178 318 1263 367 59.
1297 318 1383 368 60.
2072 315 2205 381 363

276 473 610 561 μηθέντος
664 483 892 559 μῆνιν·
956 475 1117 560 ὅπερ
1173 473 1366 560 μέχρι
1422 484 1544 541 τοῦ
1602 471 1760 545 καθ’
1821 477 1992 562 ἡμᾶς
2050 479 2205 561 βίου

277 592 636 659 ποιοῦντας
698 581 943 658 αὐτοὺς
1007 583 1352 648 διατελεῖν.
1452 589 1570 664 τῆς
1634 579 1708 647 δὲ
1761 582 2068 668 Κυβέλης
2130 586 2205 649 τὸ
2245 606 2277 655 8

277 691 562 757 παλαιὸν
590 692 859 773 βωμοὺς
887 686 1378 774 ἰδρυσαμένους
1412 690 1662 765 θυσίας
1697 687 2019 757 ἐπιτελεῖν
2055 688 2198 757 κατ’

276 799 448 872 ἔτος·
493 794 778 881 ὕστερον
823 788 885 859 δ’
938 793 1013 861 ἐν
1060 798 1461 860 Πισινοῦντι
1506 803 1623 878 τῆς
1673 797 1971 879 Φρυγίας
2011 819 2207 862 κατα-

218 919 248 961 5
278 904 596 969 σκευάσαι
677 903 855 968 νεὼν
928 906 1256 984 πολυτελῆ
1331 899 1444 967 καὶ
1517 901 1709 985 τιμὰς
1791 899 1904 966 καὶ
1960 905 2208 980 θυσίας

273 1009 653 1089 καταδεῖξαι
685 1008 1404 1094 μεγαλοπρεπεστάτας,
1453 1008 1688 1074 Μίδου
1720 1016 1843 1077 τοῦ
1880 1007 2208 1092 βασιλέως

276 1118 371 1192 εἰς
414 1124 623 1182 ταῦτα
670 1116 1406 1199 συμφιλοκαλήσαντος·
1462 1122 1553 1203 τῷ
1604 1113 1664 1179 δ’
1720 1114 2049 1198 ἀγάλματι
2093 1122 2210 1198 τῆς

273 1228 447 1288 θεοῦ
491 1228 909 1306 παραστῆσαι
952 1219 1315 1305 παρδάλεις
1359 1216 1472 1285 καὶ
1516 1217 1790 1299 λέοντας
1835 1222 1948 1286 διὰ
1982 1221 2058 1287 τὸ
2100 1223 2206 1286 δο-

163 1349 276 1398 229
292 1338 438 1393 κεῖν
484 1327 613 1392 ὑπὸ
659 1325 917 1391 τούτων
962 1335 1230 1410 πρῶτον
1276 1334 1630 1411 τραφῆναι.
1708 1324 1865 1413 περὶ
1908 1323 2030 1411 μὲν
2078 1320 2206 1393 οὗν

191 1451 248 1492 ιο
275 1434 522 1518 μητρὸς
583 1438 769 1497 θεῶν
830 1441 1107 1497 τοιαῦτα
1169 1436 1642 1516 μυθολογεῖται
1701 1435 1883 1517 παρά
1939 1458 2010 1500 τε
2066 1444 2208 1511 τοῖς

280 1537 493 1624 Φρυξὶ
538 1535 648 1603 καὶ
694 1546 834 1613 τοῖς
872 1533 1275 1614 Ἀτλαντίοις
1320 1548 1462 1615 τοῖς
1505 1540 1685 1624 παρὰ
1728 1541 1848 1605 τὸν
1907 1541 2208 1606 ὠκεανὸν

279 1646 599 1708 οἰκοῦσιν.

454 1751 647 1815 Μετὰ
693 1746 769 1817 δὲ
810 1751 936 1834 τὴν
979 1751 1358 1836 Ὑπερίονος
1393 1751 1706 1833 τελευτὴν
1743 1756 2205 1835 μυθολογοῦσι
2227 1752 2314 1818 60

275 1859 435 1934 τοὺς
488 1857 682 1933 υἱοὺς
731 1865 853 1923 τοῦ
903 1857 1219 1941 Οὐρανοῦ
1280 1854 1624 1923 διελέσθαι
1667 1857 1792 1940 τὴν
1838 1860 2207 1943 βασιλείαν,

195 1978 247 2020 15
275 1959 374 2029 ὧν
417 1963 742 2049 ὑπάρχειν
787 1962 1355 2048 ἐπιφανεστάτους
1389 1962 1717 2029 ’Ἀτλαντα
1760 1961 1872 2032 καὶ
1917 1966 2206 2050 Κρόνον.

276 2072 534 2137 τούτων
581 2066 656 2137 δὲ
699 2072 820 2136 τὸν
866 2067 988 2156 μὲν
1016 2069 1344 2137 ’Ἀτλαντα
1390 2076 1619 2155 λαχεῖν
1662 2074 1820 2148 τοὺς
1865 2073 2045 2158 παρὰ
2088 2073 2208 2137 τὸν

277 2178 573 2243 ὠκεανὸν
636 2179 917 2260 τόπους,
999 2176 1112 2242 καὶ
1174 2178 1333 2254 τούς
1394 2193 1465 2242 τε
1527 2180 1731 2255 λαοὺς
1787 2175 2208 2255 Ἀτλαντίους

276 2283 601 2367 ὀνομάσαι
637 2280 750 2349 καὶ
784 2285 861 2348 τὸ
897 2280 1214 2367 μέγιστον
1250 2294 1387 2349 τῶν
1422 2285 1589 2348 κατὰ
1614 2285 1740 2367 τὴν
1766 2283 1993 2369 χώραν
2028 2283 2210 2370 ὀρῶν

277 2389 520 2473 ὁμοίως
548 2389 876 2456 ’Ἀτλαντα
922 2399 1478 2476 προσαγορεῦσαι.
1554 2386 1723 2474 φασὶ
1770 2384 1832 2455 δ’
1875 2390 2085 2456 αὐτὸν
2128 2391 2209 2455 τὰ
2248 2411 2280 2459 2

199 2508 253 2549 2⁰
280 2494 430 2580 περὶ
474 2496 598 2579 τὴν
644 2496 1092 2582 ἀστρολογίαν
1137 2495 1574 2581 ἐξακριβῶσαι
1618 2493 1730 2563 καὶ
1775 2497 1895 2561 τὸν
1943 2512 2213 2582 σφαιρι-

276 2602 399 2668 κὸν
455 2604 659 2686 λόγον
716 2605 810 2680 είς
855 2603 1261 2688 ἀνθρώπους
1316 2614 1584 2688 πρῶτον
1639 2602 2029 2685 ἐξενεγκεῖν·
2088 2602 2206 2688 ἀφ’

275 2703 355 2792 ἦς
416 2709 628 2787 αἰτίας
702 2708 891 2788 δόξαι
954 2711 1072 2774 τὸν
1152 2710 1503 2793 σύμπαντα
1574 2711 1828 2794 κόσμον
1906 2708 2014 2775 ἐπὶ
2079 2721 2215 2776 τῶν

261 2813 619 2892 ’Ἀτλαντος
639 2816 839 2899 ὤμων
867 2816 1197 2900 ὀχεῖσθαι,
1224 2824 1349 2882 τοῦ
1376 2816 1605 2900 μύθου
1631 2817 1756 2900 τὴν
1781 2826 1901 2901 τῆς
1920 2818 2215 2902 σφαίρας

277 2922 544 3005 εὕρεσιν
588 2918 699 2986 καὶ
743 2922 1182 3006 καταγραφὴν
1227 2919 1709 3006 αἰνιττομένου.
1784 2920 2103 3005 γενέσθαι
2144 2919 2204 2986 δ’

201 3045 251 3088 25
278 3028 457 3114 αὐτῷ
517 3028 789 3103 πλείους
844 3028 1069 3112 υἱούς,
1135 3023 1231 3094 ὧν
1290 3026 1411 3094 ἕνα
1477 3029 1844 3111 διενεγκεῖν
1908 3027 2213 3111 εὐσεβείᾳ

277 3132 387 3199 καὶ
421 3142 501 3219 τῇ
538 3135 705 3220 πρὸς
738 3137 896 3211 τοὺς
933 3132 1344 3220 ἀρχομένους
1382 3130 1923 3218 δικαιοσύνῃῖκαὶ
1953 3129 2213 3218 Ιφιλαν-

276 3242 578 3327 θρωπίᾳ,
631 3241 751 3305 τὸν
805 3242 1475 3327 προσαγορευόμενον
1526 3238 1872 3323 *Ἕσπερον
1963 3243 2213 3301 τοῦτον
2250 3256 2283 3305 3

420 3439 452 3487 3
492 3430 868 3504 ἱδρυσαμένης
902 3432 1055 3503 vulg.
1167 3438 1201 3488 6
1238 3425 1836 3503 μεγαλοπρεπεστέρας
1871 3426 1919 3481 D
1993 3423 2208 3495 Μήδου

277 3503 501 3561 codices
600 3510 634 3559 9
670 3500 904 3573 πρώτως
927 3503 1042 3559 OF
1146 3510 1210 3558 11
1249 3510 1370 3565 τοῖς
1403 3498 1585 3573 παρὰ]
1613 3495 1760 3556 κατὰ
1788 3499 1838 3553 D
1924 3503 1990 3553 16
2019 3492 2207 3568 παρὰ]

280 3575 411 3645 περὶ
445 3575 494 3630 D
644 3581 708 3630 19
745 3574 1279 3647 προσαγορεύεσθαι
1319 3573 1367 3628 D
1513 3578 1585 3627 24
1621 3565 1951 3640 διαγραφὴν
1991 3566 2049 3623 0.
