<?xml version="1.0" encoding="UTF-8"?>
<!DOCTYPE html PUBLIC "-//W3C//DTD XHTML 1.0 Transitional//EN"
    "http://www.w3.org/TR/xhtml1/DTD/xhtml1-transitional.dtd">
<html xmlns="http://www.w3.org/1999/xhtml" xml:lang="en" lang="en">
 <head>
  <title>
</title>
<meta http-equiv="Content-Type" content="text/html;charset=utf-8" />
  <meta name='ocr-system' content='tesseract 3.04.00' />
  <meta name='ocr-capabilities' content='ocr_page ocr_carea ocr_par ocr_line ocrx_word'/>
</head>
<body>
  <div class='ocr_page' id='page_1' title='image "./diodoribiblioth02dindgoog_0457.png"; bbox 0 0 2569 4061; ppageno 0'>
   <div class='ocr_carea' id='block_1_1' title="bbox 1052 329 2166 395">
    <p class='ocr_par' dir='ltr' id='par_1_1' title="bbox 1052 329 2166 395">
     <span class='ocr_line' id='line_1_1' title="bbox 1052 329 2166 395; baseline 0.006 -9"><span class='ocrx_word' id='word_1_1' title='bbox 1052 329 1133 386; x_wconf 89' lang='grc' dir='ltr'><strong><em>ΠΙ</em></strong></span> <span class='ocrx_word' id='word_1_2' title='bbox 1171 334 1256 387; x_wconf 81' lang='lat'><strong><em>56.</em></strong></span> <span class='ocrx_word' id='word_1_3' title='bbox 1289 335 1373 387; x_wconf 80' lang='lat'><strong><em>57.</em></strong></span> <span class='ocrx_word' id='word_1_4' title='bbox 2037 329 2166 395; x_wconf 81' lang='lat'><strong><em>357</em></strong></span> 
     </span>
    </p>
   </div>
   <div class='ocr_carea' id='block_1_2' title="bbox 154 490 2242 3235">
    <p class='ocr_par' dir='ltr' id='par_1_2' title="bbox 154 490 2242 3235">
     <span class='ocr_line' id='line_1_2' title="bbox 239 490 2170 580; baseline -0.002 -19"><span class='ocrx_word' id='word_1_5' title='bbox 239 493 353 561; x_wconf 82' lang='grc' dir='ltr'><strong><em>καὶ</em></strong></span> <span class='ocrx_word' id='word_1_6' title='bbox 398 496 654 561; x_wconf 91' lang='grc' dir='ltr'><strong><em>τούτων</em></strong></span> <span class='ocrx_word' id='word_1_7' title='bbox 699 494 1146 559; x_wconf 83' lang='grc' dir='ltr'><strong><em>ὀκτωκαίδεκα</em></strong></span> <span class='ocrx_word' id='word_1_8' title='bbox 1192 490 1510 575; x_wconf 89' lang='grc' dir='ltr'><strong><em>λέγουσιν</em></strong></span> <span class='ocrx_word' id='word_1_9' title='bbox 1554 493 1876 580; x_wconf 75' lang='grc' dir='ltr'><strong><em>ὑπάρχειν</em></strong></span> <span class='ocrx_word' id='word_1_10' title='bbox 1935 492 2008 559; x_wconf 81' lang='grc' dir='ltr'><strong><em>ἐκ</em></strong></span> <span class='ocrx_word' id='word_1_11' title='bbox 2062 496 2170 558; x_wconf 73' lang='lat' dir='ltr'><strong><em>Tc-</em></strong></span> 
     </span>
     <span class='ocr_line' id='line_1_3' title="bbox 235 594 2168 686; baseline -0.002 -19"><span class='ocrx_word' id='word_1_12' title='bbox 235 605 424 679; x_wconf 89' lang='grc' dir='ltr'><strong><em>ταιάς</em></strong></span> <span class='ocrx_word' id='word_1_13' title='bbox 477 603 688 686; x_wconf 78' lang='grc' dir='ltr'><strong><em>ὄνομα</em></strong></span> <span class='ocrx_word' id='word_1_14' title='bbox 734 597 858 684; x_wconf 74' lang='grc' dir='ltr'><strong><em>μὲν</em></strong></span> <span class='ocrx_word' id='word_1_15' title='bbox 904 601 1083 665; x_wconf 79' lang='grc' dir='ltr'><strong><em>ἴδιον</em></strong></span> <span class='ocrx_word' id='word_1_16' title='bbox 1129 601 1401 684; x_wconf 81' lang='grc' dir='ltr'><strong><em>ἔχοντας</em></strong></span> <span class='ocrx_word' id='word_1_17' title='bbox 1449 596 1766 676; x_wconf 80' lang='grc' dir='ltr'><strong><em>ἑκάστους</em></strong></span> <span class='ocrx_word' id='word_1_18' title='bbox 1774 648 1794 683; x_wconf 90' lang='grc'><strong><em>,</em></strong></span> <span class='ocrx_word' id='word_1_19' title='bbox 1850 607 2045 684; x_wconf 77' lang='grc' dir='ltr'><strong><em>κοινῇ</em></strong></span> <span class='ocrx_word' id='word_1_20' title='bbox 2095 594 2168 664; x_wconf 76' lang='grc' dir='ltr'><strong><em>δὲ</em></strong></span> 
     </span>
     <span class='ocr_line' id='line_1_4' title="bbox 236 702 2242 792; baseline -0.001 -19"><span class='ocrx_word' id='word_1_21' title='bbox 236 709 487 785; x_wconf 78' lang='grc' dir='ltr'><em>πάντας</em></span> <span class='ocrx_word' id='word_1_22' title='bbox 524 707 652 773; x_wconf 89' lang='grc' dir='ltr'><strong><em>ἀπὸ</em></strong></span> <span class='ocrx_word' id='word_1_23' title='bbox 688 716 806 790; x_wconf 79' lang='grc' dir='ltr'><strong><em>τῆς</em></strong></span> <span class='ocrx_word' id='word_1_24' title='bbox 841 708 1087 792; x_wconf 85' lang='grc' dir='ltr'><strong><em>μητρὸς</em></strong></span> <span class='ocrx_word' id='word_1_25' title='bbox 1124 702 1656 790; x_wconf 82' lang='grc' dir='ltr'><strong><em>ὀνομαζομένους</em></strong></span> <span class='ocrx_word' id='word_1_26' title='bbox 1691 708 1988 783; x_wconf 78' lang='grc' dir='ltr'><strong><em>Τιτᾶνας.</em></strong></span> <span class='ocrx_word' id='word_1_27' title='bbox 2046 706 2170 789; x_wconf 83' lang='grc' dir='ltr'><strong><em>τὴν</em></strong></span> <span class='ocrx_word' id='word_1_28' title='bbox 2208 727 2242 776; x_wconf 78' lang='lat'>2</span> 
     </span>
     <span class='ocr_line' id='line_1_5' title="bbox 240 806 2170 898; baseline -0.001 -19"><span class='ocrx_word' id='word_1_29' title='bbox 240 810 316 879; x_wconf 74' lang='grc' dir='ltr'><strong><em>δὲ</em></strong></span> <span class='ocrx_word' id='word_1_30' title='bbox 376 816 669 897; x_wconf 84' lang='grc' dir='ltr'><strong><em>Τιταίαν,</em></strong></span> <span class='ocrx_word' id='word_1_31' title='bbox 713 813 1052 898; x_wconf 76' lang='grc' dir='ltr'><strong><em>’σώφρονα</em></strong></span> <span class='ocrx_word' id='word_1_32' title='bbox 1112 806 1327 877; x_wconf 83' lang='grc' dir='ltr'><strong><em>οὖσαν</em></strong></span> <span class='ocrx_word' id='word_1_33' title='bbox 1384 809 1498 876; x_wconf 84' lang='grc' dir='ltr'><strong><em>καὶ</em></strong></span> <span class='ocrx_word' id='word_1_34' title='bbox 1556 815 1826 876; x_wconf 81' lang='grc' dir='ltr'><strong><em>πολλῶν</em></strong></span> <span class='ocrx_word' id='word_1_35' title='bbox 1890 810 2170 892; x_wconf 78' lang='grc' dir='ltr'><strong><em>ἀγαθῶν</em></strong></span> 
     </span>
     <span class='ocr_line' id='line_1_6' title="bbox 181 916 2171 1003; baseline 0.002 -24"><span class='ocrx_word' id='word_1_36' title='bbox 181 938 208 979; x_wconf 86' lang='lat'><strong>5</strong></span> <span class='ocrx_word' id='word_1_37' title='bbox 237 921 457 985; x_wconf 82' lang='grc' dir='ltr'><strong><em>αἰτίαν</em></strong></span> <span class='ocrx_word' id='word_1_38' title='bbox 492 916 862 1003; x_wconf 76' lang='grc' dir='ltr'><strong><em>γενομένην</em></strong></span> <span class='ocrx_word' id='word_1_39' title='bbox 898 927 1039 994; x_wconf 88' lang='grc' dir='ltr'><strong><em>τοῖς</em></strong></span> <span class='ocrx_word' id='word_1_40' title='bbox 1075 921 1283 1000; x_wconf 89' lang='grc' dir='ltr'><strong><em>λαοῖς,</em></strong></span> <span class='ocrx_word' id='word_1_41' title='bbox 1332 916 1813 1000; x_wconf 67' lang='grc' dir='ltr'><strong><em>ἀποθεωθῆναι</em></strong></span> <span class='ocrx_word' id='word_1_42' title='bbox 1851 918 2013 1000; x_wconf 80' lang='grc' dir='ltr'><strong><em>μετὰ</em></strong></span> <span class='ocrx_word' id='word_1_43' title='bbox 2049 918 2171 1000; x_wconf 80' lang='grc' dir='ltr'><strong><em>τὴν</em></strong></span> 
     </span>
     <span class='ocr_line' id='line_1_7' title="bbox 234 1018 2171 1110; baseline -0.003 -18"><span class='ocrx_word' id='word_1_44' title='bbox 234 1027 547 1110; x_wconf 84' lang='grc' dir='ltr'><strong><em>τελευτὴν</em></strong></span> <span class='ocrx_word' id='word_1_45' title='bbox 591 1025 723 1090; x_wconf 81' lang='grc' dir='ltr'><strong><em>ὑπὸ</em></strong></span> <span class='ocrx_word' id='word_1_46' title='bbox 768 1034 906 1089; x_wconf 89' lang='grc' dir='ltr'><strong><em>τῶν</em></strong></span> <span class='ocrx_word' id='word_1_47' title='bbox 952 1018 1028 1089; x_wconf 85' lang='grc' dir='ltr'><strong><em>εὗ</em></strong></span> <span class='ocrx_word' id='word_1_48' title='bbox 1064 1025 1431 1089; x_wconf 85' lang='grc' dir='ltr'><strong><em>παθόντων</em></strong></span> <span class='ocrx_word' id='word_1_49' title='bbox 1470 1026 1615 1107; x_wconf 81' lang='grc' dir='ltr'><strong><em>Γῆν</em></strong></span> <span class='ocrx_word' id='word_1_50' title='bbox 1650 1028 2171 1108; x_wconf 84' lang='grc' dir='ltr'><strong><em>μετονομασθεῖ-</em></strong></span> 
     </span>
     <span class='ocr_line' id='line_1_8' title="bbox 235 1124 2171 1217; baseline -0.002 -18"><span class='ocrx_word' id='word_1_51' title='bbox 235 1150 379 1199; x_wconf 93' lang='grc' dir='ltr'><strong><em>σαν.</em></strong></span> <span class='ocrx_word' id='word_1_52' title='bbox 472 1129 793 1216; x_wconf 87' lang='grc' dir='ltr'><strong><em>γενέσθαι</em></strong></span> <span class='ocrx_word' id='word_1_53' title='bbox 852 1127 913 1195; x_wconf 88' lang='grc' dir='ltr'><strong><em>δ’</em></strong></span> <span class='ocrx_word' id='word_1_54' title='bbox 967 1129 1146 1217; x_wconf 77' lang='grc' dir='ltr'><strong><em>αὐτῷ</em></strong></span> <span class='ocrx_word' id='word_1_55' title='bbox 1200 1126 1314 1195; x_wconf 82' lang='grc' dir='ltr'><strong><em>καὶ</em></strong></span> <span class='ocrx_word' id='word_1_56' title='bbox 1370 1129 1778 1217; x_wconf 75' lang='grc' dir='ltr'><strong><em>θυγατέρας,</em></strong></span> <span class='ocrx_word' id='word_1_57' title='bbox 1840 1124 1937 1196; x_wconf 81' lang='grc' dir='ltr'><strong><em>ὧν</em></strong></span> <span class='ocrx_word' id='word_1_58' title='bbox 1999 1124 2171 1195; x_wconf 82' lang='grc' dir='ltr'><strong><em>εἶναι</em></strong></span> 
     </span>
     <span class='ocr_line' id='line_1_9' title="bbox 235 1236 2171 1325; baseline -0.002 -20"><span class='ocrx_word' id='word_1_59' title='bbox 235 1240 359 1305; x_wconf 94' lang='grc' dir='ltr'><strong><em>δύο</em></strong></span> <span class='ocrx_word' id='word_1_60' title='bbox 406 1241 523 1316; x_wconf 81' lang='grc' dir='ltr'><strong><em>τὰς</em></strong></span> <span class='ocrx_word' id='word_1_61' title='bbox 566 1236 1021 1325; x_wconf 78' lang='grc' dir='ltr'><strong><em>πρεσβυτάτας</em></strong></span> <span class='ocrx_word' id='word_1_62' title='bbox 1066 1240 1238 1301; x_wconf 84' lang='grc' dir='ltr'><strong><em>πολὺ</em></strong></span> <span class='ocrx_word' id='word_1_63' title='bbox 1282 1247 1419 1303; x_wconf 87' lang='grc' dir='ltr'><strong><em>τῶν</em></strong></span> <span class='ocrx_word' id='word_1_64' title='bbox 1464 1239 1687 1303; x_wconf 78' lang='grc' dir='ltr'><strong><em>ἄλλων</em></strong></span> <span class='ocrx_word' id='word_1_65' title='bbox 1734 1237 2171 1321; x_wconf 81' lang='grc' dir='ltr'><strong><em>ἐπιφανεστά-</em></strong></span> 
     </span>
     <span class='ocr_line' id='line_1_10' title="bbox 233 1339 2171 1429; baseline -0.001 -18"><span class='ocrx_word' id='word_1_66' title='bbox 233 1369 380 1428; x_wconf 89' lang='grc' dir='ltr'><strong><em>τας,</em></strong></span> <span class='ocrx_word' id='word_1_67' title='bbox 435 1346 560 1428; x_wconf 81' lang='grc' dir='ltr'><strong><em>τήν</em></strong></span> <span class='ocrx_word' id='word_1_68' title='bbox 613 1366 685 1408; x_wconf 91' lang='grc' dir='ltr'><strong><em>τε</em></strong></span> <span class='ocrx_word' id='word_1_69' title='bbox 737 1339 1160 1426; x_wconf 81' lang='grc' dir='ltr'><strong><em>καλουμένην</em></strong></span> <span class='ocrx_word' id='word_1_70' title='bbox 1215 1345 1577 1409; x_wconf 91' lang='grc' dir='ltr'><strong><em>Βασίλειαν</em></strong></span> <span class='ocrx_word' id='word_1_71' title='bbox 1634 1340 1746 1409; x_wconf 85' lang='grc' dir='ltr'><strong><em>καὶ</em></strong></span> <span class='ocrx_word' id='word_1_72' title='bbox 1800 1341 1986 1410; x_wconf 87' lang='grc' dir='ltr'><strong><em>Ῥέαν</em></strong></span> <span class='ocrx_word' id='word_1_73' title='bbox 2047 1346 2171 1429; x_wconf 87' lang='grc' dir='ltr'><strong><em>τὴν</em></strong></span> 
     </span>
     <span class='ocr_line' id='line_1_11' title="bbox 154 1447 2241 1534; baseline 0.001 -17"><span class='ocrx_word' id='word_1_74' title='bbox 154 1469 209 1509; x_wconf 84' lang='grc'><strong><em>10</em></strong></span> <span class='ocrx_word' id='word_1_75' title='bbox 235 1449 350 1517; x_wconf 86' lang='grc' dir='ltr'><strong><em>ὑπ’</em></strong></span> <span class='ocrx_word' id='word_1_76' title='bbox 387 1451 588 1518; x_wconf 80' lang='grc' dir='ltr'><strong><em>ἐνίων</em></strong></span> <span class='ocrx_word' id='word_1_77' title='bbox 615 1448 1000 1534; x_wconf 80' lang='grc' dir='ltr'><strong><em>Πανδώραν</em></strong></span> <span class='ocrx_word' id='word_1_78' title='bbox 1039 1447 1554 1533; x_wconf 79' lang='grc' dir='ltr'><strong><em>ὀνομασθεῖσαν.</em></strong></span> <span class='ocrx_word' id='word_1_79' title='bbox 1628 1452 1886 1517; x_wconf 88' lang='grc' dir='ltr'><strong><em>τούτων</em></strong></span> <span class='ocrx_word' id='word_1_80' title='bbox 1934 1447 2007 1516; x_wconf 73' lang='grc' dir='ltr'><strong><em>δὲ</em></strong></span> <span class='ocrx_word' id='word_1_81' title='bbox 2046 1451 2170 1533; x_wconf 80' lang='grc' dir='ltr'><strong><em>τὴν</em></strong></span> <span class='ocrx_word' id='word_1_82' title='bbox 2208 1471 2241 1519; x_wconf 83' lang='grc'><strong>3</strong></span> 
     </span>
     <span class='ocr_line' id='line_1_12' title="bbox 236 1550 2171 1643; baseline 0.001 -22"><span class='ocrx_word' id='word_1_83' title='bbox 236 1552 361 1641; x_wconf 77' lang='grc' dir='ltr'><strong><em>μὲν</em></strong></span> <span class='ocrx_word' id='word_1_84' title='bbox 406 1557 787 1637; x_wconf 89' lang='grc' dir='ltr'><strong><em>Βασίλειαν,</em></strong></span> <span class='ocrx_word' id='word_1_85' title='bbox 834 1555 1298 1639; x_wconf 77' lang='grc' dir='ltr'><strong><em>πρεσβυτάτην</em></strong></span> <span class='ocrx_word' id='word_1_86' title='bbox 1344 1550 1558 1620; x_wconf 84' lang='grc' dir='ltr'><strong><em>οὖσαν</em></strong></span> <span class='ocrx_word' id='word_1_87' title='bbox 1600 1553 1714 1620; x_wconf 82' lang='grc' dir='ltr'><strong><em>καὶ</em></strong></span> <span class='ocrx_word' id='word_1_88' title='bbox 1759 1557 2171 1643; x_wconf 82' lang='grc' dir='ltr'><strong><em>σωφροσύνῃ</em></strong></span> 
     </span>
     <span class='ocr_line' id='line_1_13' title="bbox 165 1658 2172 1752; baseline 0 -25"><span class='ocrx_word' id='word_1_89' title='bbox 165 1692 180 1709; x_wconf 86' lang='grc'>·</span> <span class='ocrx_word' id='word_1_90' title='bbox 237 1684 308 1727; x_wconf 94' lang='grc' dir='ltr'><strong><em>τε</em></strong></span> <span class='ocrx_word' id='word_1_91' title='bbox 335 1658 447 1727; x_wconf 85' lang='grc' dir='ltr'><strong><em>καὶ</em></strong></span> <span class='ocrx_word' id='word_1_92' title='bbox 476 1658 741 1752; x_wconf 83' lang='grc' dir='ltr'><strong><em>συνέσει</em></strong></span> <span class='ocrx_word' id='word_1_93' title='bbox 777 1663 951 1725; x_wconf 85' lang='grc' dir='ltr'><strong><em>πολὺ</em></strong></span> <span class='ocrx_word' id='word_1_94' title='bbox 986 1671 1124 1725; x_wconf 85' lang='grc' dir='ltr'><strong><em>τῶν</em></strong></span> <span class='ocrx_word' id='word_1_95' title='bbox 1159 1661 1385 1726; x_wconf 74' lang='grc' dir='ltr'><strong><em>ἄλλων</em></strong></span> <span class='ocrx_word' id='word_1_96' title='bbox 1424 1658 1902 1747; x_wconf 89' lang='grc' dir='ltr'><strong><em>διαφέρουσαν,</em></strong></span> <span class='ocrx_word' id='word_1_97' title='bbox 1942 1660 2172 1746; x_wconf 80' lang='grc' dir='ltr'><strong><em>ἐκθρέ-</em></strong></span> 
     </span>
     <span class='ocr_line' id='line_1_14' title="bbox 238 1765 2172 1854; baseline -0.001 -21"><span class='ocrx_word' id='word_1_98' title='bbox 238 1777 361 1846; x_wconf 79' lang='grc' dir='ltr'><strong><em>ψαι</em></strong></span> <span class='ocrx_word' id='word_1_99' title='bbox 419 1768 672 1844; x_wconf 88' lang='grc' dir='ltr'><strong><em>πάντας</em></strong></span> <span class='ocrx_word' id='word_1_100' title='bbox 729 1769 887 1844; x_wconf 83' lang='grc' dir='ltr'><strong><em>τοὺς</em></strong></span> <span class='ocrx_word' id='word_1_101' title='bbox 947 1765 1283 1850; x_wconf 85' lang='grc' dir='ltr'><strong><em>ἀδελφοὺς</em></strong></span> <span class='ocrx_word' id='word_1_102' title='bbox 1341 1775 1536 1852; x_wconf 77' lang='grc' dir='ltr'><strong><em>κοινῇ</em></strong></span> <span class='ocrx_word' id='word_1_103' title='bbox 1596 1769 1843 1854; x_wconf 84' lang='grc' dir='ltr'><strong><em>μητρὸς</em></strong></span> <span class='ocrx_word' id='word_1_104' title='bbox 1901 1766 2172 1833; x_wconf 77' lang='grc' dir='ltr'><strong><em>εὔνοιαν</em></strong></span> 
     </span>
     <span class='ocr_line' id='line_1_15' title="bbox 234 1870 2172 1967; baseline -0.001 -27"><span class='ocrx_word' id='word_1_105' title='bbox 234 1870 723 1959; x_wconf 85' lang='grc' dir='ltr'><strong><em>παρεχομένην·</em></strong></span> <span class='ocrx_word' id='word_1_106' title='bbox 773 1872 881 1938; x_wconf 90' lang='grc' dir='ltr'><strong><em>διὸ</em></strong></span> <span class='ocrx_word' id='word_1_107' title='bbox 925 1870 1036 1937; x_wconf 83' lang='grc' dir='ltr'><strong><em>καὶ</em></strong></span> <span class='ocrx_word' id='word_1_108' title='bbox 1082 1873 1377 1957; x_wconf 86' lang='grc' dir='ltr'><strong><em>μεγάλην</em></strong></span> <span class='ocrx_word' id='word_1_109' title='bbox 1428 1872 1677 1959; x_wconf 85' lang='grc' dir='ltr'><strong><em>μητέρα</em></strong></span> <span class='ocrx_word' id='word_1_110' title='bbox 1720 1890 2172 1967; x_wconf 74' lang='grc' dir='ltr'><strong><em>προσαγορευ-</em></strong></span> 
     </span>
     <span class='ocr_line' id='line_1_16' title="bbox 157 1973 2172 2067; baseline 0.003 -28"><span class='ocrx_word' id='word_1_111' title='bbox 157 1998 209 2040; x_wconf 82' lang='lat'><strong><em>15</em></strong></span> <span class='ocrx_word' id='word_1_112' title='bbox 236 1987 471 2064; x_wconf 81' lang='grc' dir='ltr'><strong><em>θῆναι·</em></strong></span> <span class='ocrx_word' id='word_1_113' title='bbox 528 1979 689 2065; x_wconf 79' lang='grc' dir='ltr'><strong><em>μετὰ</em></strong></span> <span class='ocrx_word' id='word_1_114' title='bbox 746 1973 821 2044; x_wconf 74' lang='grc' dir='ltr'><strong><em>δὲ</em></strong></span> <span class='ocrx_word' id='word_1_115' title='bbox 880 1979 1004 2063; x_wconf 83' lang='grc' dir='ltr'><strong><em>τὴν</em></strong></span> <span class='ocrx_word' id='word_1_116' title='bbox 1055 1987 1179 2045; x_wconf 83' lang='grc' dir='ltr'><strong><em>τοῦ</em></strong></span> <span class='ocrx_word' id='word_1_117' title='bbox 1230 1981 1479 2066; x_wconf 87' lang='grc' dir='ltr'><strong><em>πατρὸς</em></strong></span> <span class='ocrx_word' id='word_1_118' title='bbox 1533 1978 1602 2061; x_wconf 76' lang='grc' dir='ltr'><strong><em>ἐξ</em></strong></span> <span class='ocrx_word' id='word_1_119' title='bbox 1649 1978 2032 2067; x_wconf 82' lang='grc' dir='ltr'><strong><em>ἀνθρώπων</em></strong></span> <span class='ocrx_word' id='word_1_120' title='bbox 2077 1982 2172 2058; x_wconf 85' lang='grc' dir='ltr'><strong><em>εἰς</em></strong></span> 
     </span>
     <span class='ocr_line' id='line_1_17' title="bbox 233 2085 2173 2173; baseline 0.001 -21"><span class='ocrx_word' id='word_1_121' title='bbox 233 2090 441 2163; x_wconf 81' lang='grc' dir='ltr'><strong><em>θεοὺς</em></strong></span> <span class='ocrx_word' id='word_1_122' title='bbox 498 2086 930 2170; x_wconf 86' lang='grc' dir='ltr'><strong><em>μετάστασιν,</em></strong></span> <span class='ocrx_word' id='word_1_123' title='bbox 999 2086 1532 2173; x_wconf 84' lang='grc' dir='ltr'><strong><em>συγχωρούντων</em></strong></span> <span class='ocrx_word' id='word_1_124' title='bbox 1590 2098 1727 2152; x_wconf 90' lang='grc' dir='ltr'><strong><em>τῶν</em></strong></span> <span class='ocrx_word' id='word_1_125' title='bbox 1786 2088 2004 2171; x_wconf 80' lang='grc' dir='ltr'><strong><em>ὄχλων</em></strong></span> <span class='ocrx_word' id='word_1_126' title='bbox 2061 2085 2173 2153; x_wconf 83' lang='grc' dir='ltr'><strong><em>καὶ</em></strong></span> 
     </span>
     <span class='ocr_line' id='line_1_18' title="bbox 234 2189 2171 2281; baseline 0.001 -23"><span class='ocrx_word' id='word_1_127' title='bbox 234 2203 370 2259; x_wconf 88' lang='grc' dir='ltr'><strong><em>τῶν</em></strong></span> <span class='ocrx_word' id='word_1_128' title='bbox 415 2192 750 2277; x_wconf 80' lang='grc' dir='ltr'><strong><em>ἀδελφῶν,</em></strong></span> <span class='ocrx_word' id='word_1_129' title='bbox 799 2189 1237 2271; x_wconf 65' lang='grc' dir='ltr'><strong><em>διαδέξασθαι</em></strong></span> <span class='ocrx_word' id='word_1_130' title='bbox 1283 2194 1406 2277; x_wconf 83' lang='grc' dir='ltr'><strong><em>τὴν</em></strong></span> <span class='ocrx_word' id='word_1_131' title='bbox 1443 2196 1788 2277; x_wconf 89' lang='grc' dir='ltr'><strong><em>βασιλείαν</em></strong></span> <span class='ocrx_word' id='word_1_132' title='bbox 1824 2192 2171 2281; x_wconf 88' lang='grc' dir='ltr'><strong><em>παρθένον</em></strong></span> 
     </span>
     <span class='ocr_line' id='line_1_19' title="bbox 238 2293 2173 2386; baseline -0.001 -20"><span class='ocrx_word' id='word_1_133' title='bbox 238 2293 451 2366; x_wconf 80' lang='grc' dir='ltr'><strong><em>οὖσαν</em></strong></span> <span class='ocrx_word' id='word_1_134' title='bbox 511 2301 608 2365; x_wconf 85' lang='grc' dir='ltr'><strong><em>ἔτι</em></strong></span> <span class='ocrx_word' id='word_1_135' title='bbox 650 2297 765 2365; x_wconf 83' lang='grc' dir='ltr'><strong><em>καὶ</em></strong></span> <span class='ocrx_word' id='word_1_136' title='bbox 811 2299 924 2364; x_wconf 77' lang='grc' dir='ltr'><strong><em>διὰ</em></strong></span> <span class='ocrx_word' id='word_1_137' title='bbox 969 2299 1093 2382; x_wconf 83' lang='grc' dir='ltr'><strong><em>τὴν</em></strong></span> <span class='ocrx_word' id='word_1_138' title='bbox 1137 2298 1520 2385; x_wconf 83' lang='grc' dir='ltr'><strong><em>ὑπερβολὴν</em></strong></span> <span class='ocrx_word' id='word_1_139' title='bbox 1564 2306 1680 2382; x_wconf 78' lang='grc' dir='ltr'><strong><em>τῆς</em></strong></span> <span class='ocrx_word' id='word_1_140' title='bbox 1727 2301 2173 2386; x_wconf 85' lang='grc' dir='ltr'><strong><em>σωφροσύνης</em></strong></span> 
     </span>
     <span class='ocr_line' id='line_1_20' title="bbox 235 2402 2170 2493; baseline 0 -21"><span class='ocrx_word' id='word_1_141' title='bbox 235 2404 466 2472; x_wconf 82' lang='grc' dir='ltr'><strong><em>οὐδενὶ</em></strong></span> <span class='ocrx_word' id='word_1_142' title='bbox 511 2411 910 2488; x_wconf 76' lang='grc' dir='ltr'><strong><em>συνοικῆσαι</em></strong></span> <span class='ocrx_word' id='word_1_143' title='bbox 948 2408 1423 2489; x_wconf 84' lang='grc' dir='ltr'><strong><em>βουληθεῖσαν.</em></strong></span> <span class='ocrx_word' id='word_1_144' title='bbox 1497 2404 1781 2493; x_wconf 75' lang='grc' dir='ltr'><strong><em>ὕστερον</em></strong></span> <span class='ocrx_word' id='word_1_145' title='bbox 1819 2402 1893 2471; x_wconf 76' lang='grc' dir='ltr'><strong><em>δὲ</em></strong></span> <span class='ocrx_word' id='word_1_146' title='bbox 1931 2409 2170 2489; x_wconf 88' lang='grc' dir='ltr'><strong><em>βουλο-</em></strong></span> 
     </span>
     <span class='ocr_line' id='line_1_21' title="bbox 155 2510 2169 2596; baseline 0.001 -21"><span class='ocrx_word' id='word_1_147' title='bbox 155 2531 209 2572; x_wconf 84' lang='lat'><strong><em>20</em></strong></span> <span class='ocrx_word' id='word_1_148' title='bbox 237 2510 446 2596; x_wconf 90' lang='grc' dir='ltr'><strong><em>μένην</em></strong></span> <span class='ocrx_word' id='word_1_149' title='bbox 511 2513 868 2596; x_wconf 86' lang='grc' dir='ltr'><strong><em>διαδόχους</em></strong></span> <span class='ocrx_word' id='word_1_150' title='bbox 934 2520 1050 2595; x_wconf 81' lang='grc' dir='ltr'><strong><em>τῆς</em></strong></span> <span class='ocrx_word' id='word_1_151' title='bbox 1120 2514 1461 2595; x_wconf 90' lang='grc' dir='ltr'><strong><em>βασιλείας</em></strong></span> <span class='ocrx_word' id='word_1_152' title='bbox 1533 2512 1885 2578; x_wconf 87' lang='grc' dir='ltr'><strong><em>ἀπολιπεῖν</em></strong></span> <span class='ocrx_word' id='word_1_153' title='bbox 1955 2513 2169 2596; x_wconf 72' lang='grc' dir='ltr'><strong><em>υἱούς,</em></strong></span> 
     </span>
     <span class='ocr_line' id='line_1_22' title="bbox 227 2615 2169 2705; baseline 0 -21"><span class='ocrx_word' id='word_1_154' title='bbox 227 2615 555 2704; x_wconf 75' lang='grc' dir='ltr'><strong><em>Ὑπερίονι</em></strong></span> <span class='ocrx_word' id='word_1_155' title='bbox 619 2624 1018 2701; x_wconf 76' lang='grc' dir='ltr'><strong><em>συνοικῆσαι</em></strong></span> <span class='ocrx_word' id='word_1_156' title='bbox 1080 2628 1216 2683; x_wconf 89' lang='grc' dir='ltr'><strong><em>τῶν</em></strong></span> <span class='ocrx_word' id='word_1_157' title='bbox 1279 2618 1593 2702; x_wconf 87' lang='grc' dir='ltr'><strong><em>ἀδελφῶν</em></strong></span> <span class='ocrx_word' id='word_1_158' title='bbox 1656 2616 1787 2702; x_wconf 76' lang='grc' dir='ltr'><strong><em>ἑνί,</em></strong></span> <span class='ocrx_word' id='word_1_159' title='bbox 1858 2620 2025 2705; x_wconf 92' lang='grc' dir='ltr'><strong><em>πρὸς</em></strong></span> <span class='ocrx_word' id='word_1_160' title='bbox 2089 2619 2169 2684; x_wconf 83' lang='grc' dir='ltr'><strong><em>ὃν</em></strong></span> 
     </span>
     <span class='ocr_line' id='line_1_23' title="bbox 238 2722 2241 2810; baseline 0.001 -19"><span class='ocrx_word' id='word_1_161' title='bbox 238 2727 606 2791; x_wconf 81' lang='grc' dir='ltr'><strong><em>οἰκειότατα</em></strong></span> <span class='ocrx_word' id='word_1_162' title='bbox 643 2722 943 2792; x_wconf 84' lang='grc' dir='ltr'><strong><em>διέκειτο.</em></strong></span> <span class='ocrx_word' id='word_1_163' title='bbox 1008 2723 1389 2810; x_wconf 84' lang='grc' dir='ltr'><strong><em>γενομένων</em></strong></span> <span class='ocrx_word' id='word_1_164' title='bbox 1429 2723 1488 2789; x_wconf 80' lang='grc' dir='ltr'><strong><em>δ’</em></strong></span> <span class='ocrx_word' id='word_1_165' title='bbox 1526 2724 1692 2810; x_wconf 74' lang='grc' dir='ltr'><strong><em>αὐτῇ</em></strong></span> <span class='ocrx_word' id='word_1_166' title='bbox 1731 2725 1855 2791; x_wconf 86' lang='grc' dir='ltr'><strong><em>δύο</em></strong></span> <span class='ocrx_word' id='word_1_167' title='bbox 1893 2724 2167 2810; x_wconf 85' lang='grc' dir='ltr'><strong><em>τέκνων,</em></strong></span> <span class='ocrx_word' id='word_1_168' title='bbox 2205 2746 2241 2794; x_wconf 84' lang='lat'>4</span> 
     </span>
     <span class='ocr_line' id='line_1_24' title="bbox 237 2827 2168 2922; baseline 0.001 -27"><span class='ocrx_word' id='word_1_169' title='bbox 237 2829 471 2896; x_wconf 59' lang='grc' dir='ltr'><strong><em>εΗλιόυ</em></strong></span> <span class='ocrx_word' id='word_1_170' title='bbox 523 2827 635 2895; x_wconf 80' lang='grc' dir='ltr'><strong><em>καὶ</em></strong></span> <span class='ocrx_word' id='word_1_171' title='bbox 681 2831 1015 2914; x_wconf 83' lang='grc' dir='ltr'><strong><em>Σελήνης,</em></strong></span> <span class='ocrx_word' id='word_1_172' title='bbox 1070 2828 1183 2895; x_wconf 82' lang='grc' dir='ltr'><strong><em>καὶ</em></strong></span> <span class='ocrx_word' id='word_1_173' title='bbox 1225 2829 1765 2917; x_wconf 56' lang='grc' dir='ltr'><strong><em>ζθαυμαζομένων</em></strong></span> <span class='ocrx_word' id='word_1_174' title='bbox 1811 2830 1925 2897; x_wconf 81' lang='grc' dir='ltr'><strong><em>ἐπί</em></strong></span> <span class='ocrx_word' id='word_1_175' title='bbox 1961 2856 2032 2899; x_wconf 94' lang='grc' dir='ltr'><strong><em>τε</em></strong></span> <span class='ocrx_word' id='word_1_176' title='bbox 2075 2842 2168 2922; x_wconf 75' lang='grc' dir='ltr'><strong><em>τῷ</em></strong></span> 
     </span>
     <span class='ocr_line' id='line_1_25' title="bbox 235 2921 2168 3023; baseline 0.001 -21"><span class='ocrx_word' id='word_1_177' title='bbox 235 2939 463 3004; x_wconf 85' lang='grc' dir='ltr'><strong><em>κάλλει</em></strong></span> <span class='ocrx_word' id='word_1_178' title='bbox 488 2933 601 3001; x_wconf 84' lang='grc' dir='ltr'><strong><em>καὶ</em></strong></span> <span class='ocrx_word' id='word_1_179' title='bbox 628 2945 708 3021; x_wconf 76' lang='grc' dir='ltr'><strong><em>τῇ</em></strong></span> <span class='ocrx_word' id='word_1_180' title='bbox 738 2936 1172 3023; x_wconf 85' lang='grc' dir='ltr'><strong><em>σωφροσύνῃ,</em></strong></span> <span class='ocrx_word' id='word_1_181' title='bbox 1211 2934 1379 3022; x_wconf 86' lang='grc' dir='ltr'><strong><em>φασὶ</em></strong></span> <span class='ocrx_word' id='word_1_182' title='bbox 1416 2940 1574 3014; x_wconf 88' lang='grc' dir='ltr'><strong><em>τοὺς</em></strong></span> <span class='ocrx_word' id='word_1_183' title='bbox 1601 2937 1936 3023; x_wconf 86' lang='grc' dir='ltr'><strong><em>ἀδελφοὺς</em></strong></span> <span class='ocrx_word' id='word_1_184' title='bbox 1962 2921 2168 3023; x_wconf 85' lang='grc' dir='ltr'><strong><em>ταύτῃ</em></strong></span> 
     </span>
     <span class='ocr_line' id='line_1_26' title="bbox 156 3036 2169 3130; baseline 0.001 -26"><span class='ocrx_word' id='word_1_185' title='bbox 156 3062 209 3105; x_wconf 77' lang='lat'><strong><em>25</em></strong></span> <span class='ocrx_word' id='word_1_186' title='bbox 237 3041 360 3129; x_wconf 74' lang='grc' dir='ltr'><strong><em>μὲν</em></strong></span> <span class='ocrx_word' id='word_1_187' title='bbox 424 3036 525 3108; x_wconf 82' lang='grc' dir='ltr'><strong><em>ἐπ’</em></strong></span> <span class='ocrx_word' id='word_1_188' title='bbox 595 3042 899 3130; x_wconf 75' lang='grc' dir='ltr'><strong><em>εὐτεκνία</em></strong></span> <span class='ocrx_word' id='word_1_189' title='bbox 941 3040 1432 3129; x_wconf 67' lang='grc' dir='ltr'><strong><em>ζφθονοῦντας,</em></strong></span> <span class='ocrx_word' id='word_1_190' title='bbox 1503 3046 1624 3109; x_wconf 90' lang='grc' dir='ltr'><strong><em>τὸν</em></strong></span> <span class='ocrx_word' id='word_1_191' title='bbox 1699 3039 1759 3108; x_wconf 87' lang='grc' dir='ltr'><strong><em>δ’</em></strong></span> <span class='ocrx_word' id='word_1_192' title='bbox 1816 3041 2169 3129; x_wconf 58' lang='grc' dir='ltr'><strong><em>’Τπερίονα</em></strong></span> 
     </span>
     <span class='ocr_line' id='line_1_27' title="bbox 237 3148 2167 3235; baseline -0.002 -19"><span class='ocrx_word' id='word_1_193' title='bbox 237 3148 670 3235; x_wconf 87' lang='grc' dir='ltr'><strong><em>φοβηθέντας</em></strong></span> <span class='ocrx_word' id='word_1_194' title='bbox 724 3151 974 3233; x_wconf 79' lang='grc' dir='ltr'><strong><em>μήποτε</em></strong></span> <span class='ocrx_word' id='word_1_195' title='bbox 1029 3150 1153 3233; x_wconf 83' lang='grc' dir='ltr'><strong><em>τὴν</em></strong></span> <span class='ocrx_word' id='word_1_196' title='bbox 1206 3151 1552 3233; x_wconf 87' lang='grc' dir='ltr'><strong><em>βασιλείαν</em></strong></span> <span class='ocrx_word' id='word_1_197' title='bbox 1598 3151 1693 3227; x_wconf 84' lang='grc' dir='ltr'><strong><em>εἰς</em></strong></span> <span class='ocrx_word' id='word_1_198' title='bbox 1736 3149 1943 3214; x_wconf 83' lang='grc' dir='ltr'><strong><em>αὑτὸν</em></strong></span> <span class='ocrx_word' id='word_1_199' title='bbox 1986 3170 2167 3234; x_wconf 84' lang='grc' dir='ltr'><strong><em>περι-</em></strong></span> 
     </span>
    </p>
   </div>
   <div class='ocr_carea' id='block_1_3' title="bbox 232 3300 2168 3662">
    <p class='ocr_par' dir='ltr' id='par_1_3' title="bbox 232 3300 2168 3662">
     <span class='ocr_line' id='line_1_28' title="bbox 421 3300 2168 3445; baseline 0 -85"><span class='ocrx_word' id='word_1_200' title='bbox 421 3312 449 3360; x_wconf 90' lang='grc'>1</span> <span class='ocrx_word' id='word_1_201' title='bbox 491 3302 989 3378; x_wconf 79' lang='grc' dir='ltr'><strong><em>ὄκτωκαίδεκα]μ</em></strong></span> <span class='ocrx_word' id='word_1_202' title='bbox 995 3303 1058 3361; x_wconf 75' lang='grc' dir='ltr'><strong><em>ὲν</em></strong></span> <span class='ocrx_word' id='word_1_203' title='bbox 1095 3305 1221 3361; x_wconf 75' lang='lat' dir='ltr'><strong>add.</strong></span> <span class='ocrx_word' id='word_1_204' title='bbox 1260 3306 1311 3361; x_wconf 93' lang='lat' dir='ltr'><strong>D</strong></span> <span class='ocrx_word' id='word_1_205' title='bbox 1493 3312 1525 3362; x_wconf 79' lang='lat'><strong>5</strong></span> <span class='ocrx_word' id='word_1_206' title='bbox 1563 3304 1744 3377; x_wconf 77' lang='grc' dir='ltr'><strong><em>λαοῖς]</em></strong></span> <span class='ocrx_word' id='word_1_207' title='bbox 1783 3300 1971 3368; x_wconf 76' lang='grc' dir='ltr'><strong><em>ἄλλοις</em></strong></span> <span class='ocrx_word' id='word_1_208' title='bbox 1980 3304 2168 3445; x_wconf 79' lang='lat' dir='ltr'><strong><em>ovulg.</em></strong></span> 
     </span>
     <span class='ocr_line' id='line_1_29' title="bbox 240 3371 1778 3502; baseline -0.002 -69"><span class='ocrx_word' id='word_1_209' title='bbox 240 3382 270 3433; x_wconf 77' lang='lat'><strong><em>&#39;1</em></strong></span> <span class='ocrx_word' id='word_1_210' title='bbox 310 3373 463 3448; x_wconf 74' lang='grc' dir='ltr'><strong><em>αὐτῷ</em></strong></span> <span class='ocrx_word' id='word_1_211' title='bbox 502 3378 552 3433; x_wconf 93' lang='lat' dir='ltr'>D</span> <span class='ocrx_word' id='word_1_212' title='bbox 592 3376 686 3447; x_wconf 81' lang='lat' dir='ltr'><strong>(cf.</strong></span> <span class='ocrx_word' id='word_1_213' title='bbox 720 3376 927 3434; x_wconf 78' lang='lat' dir='ltr'><strong>Euseb.</strong></span> <span class='ocrx_word' id='word_1_214' title='bbox 955 3394 1039 3447; x_wconf 83' lang='lat' dir='ltr'><strong><em>pr.</em></strong></span> <span class='ocrx_word' id='word_1_215' title='bbox 1062 3392 1147 3432; x_wconf 81' lang='lat' dir='ltr'><strong><em>ev.</em></strong></span> <span class='ocrx_word' id='word_1_216' title='bbox 1167 3376 1291 3446; x_wconf 82' lang='lat'>112,</span> <span class='ocrx_word' id='word_1_217' title='bbox 1311 3378 1421 3447; x_wconf 77' lang='lat'>37),</span> <span class='ocrx_word' id='word_1_218' title='bbox 1458 3371 1647 3432; x_wconf 71' lang='grc' dir='ltr'><strong><em>αὐτῶν</em></strong></span> <span class='ocrx_word' id='word_1_219' title='bbox 1682 3393 1778 3502; x_wconf 60' lang='lat' dir='ltr'><strong><em>mg</em></strong></span> 
     </span>
     <span class='ocr_line' id='line_1_30' title="bbox 233 3394 2168 3521; baseline -0.003 -16"><span class='ocrx_word' id='word_1_220' title='bbox 233 3451 558 3520; x_wconf 80' lang='grc' dir='ltr'><strong><em>ονομασθεῖ</em></strong></span> <span class='ocrx_word' id='word_1_221' title='bbox 551 3466 659 3504; x_wconf 84' lang='grc' dir='ltr'><strong><em>σαν</em></strong></span> <span class='ocrx_word' id='word_1_222' title='bbox 699 3448 806 3506; x_wconf 80' lang='lat' dir='ltr'><strong><em>OF</em></strong></span> <span class='ocrx_word' id='word_1_223' title='bbox 984 3453 1051 3505; x_wconf 76' lang='lat'><strong><em>17</em></strong></span> <span class='ocrx_word' id='word_1_224' title='bbox 1088 3467 1155 3517; x_wconf 86' lang='grc' dir='ltr'><strong><em>τη</em></strong></span> <span class='ocrx_word' id='word_1_225' title='bbox 1160 3468 1194 3504; x_wconf 85' lang='grc' dir='ltr'><strong><em>ν</em></strong></span> <span class='ocrx_word' id='word_1_226' title='bbox 1234 3450 1525 3521; x_wconf 81' lang='grc' dir='ltr'><strong><em>βασιλείαν</em></strong></span> <span class='ocrx_word' id='word_1_227' title='bbox 1594 3443 1698 3516; x_wconf 84' lang='grc' dir='ltr'><strong><em>τὴν</em></strong></span> <span class='ocrx_word' id='word_1_228' title='bbox 1749 3442 2016 3502; x_wconf 77' lang='grc' dir='ltr'><strong><em>ἔονσίαν</em></strong></span> <span class='ocrx_word' id='word_1_229' title='bbox 2044 3394 2168 3514; x_wconf 79' lang='grc' dir='ltr'><strong><em>τὴν</em></strong></span> 
     </span>
     <span class='ocr_line' id='line_1_31' title="bbox 232 3516 2166 3649; baseline -0.003 -74"><span class='ocrx_word' id='word_1_230' title='bbox 232 3521 537 3649; x_wconf 48' lang='grc' dir='ltr'><strong><em>ΒασίᾷεῃιΙαν</em></strong></span> <span class='ocrx_word' id='word_1_231' title='bbox 579 3519 685 3577; x_wconf 76' lang='lat' dir='ltr'><strong><em>OF</em></strong></span> <span class='ocrx_word' id='word_1_232' title='bbox 866 3524 934 3575; x_wconf 89' lang='grc'><strong><em>18</em></strong></span> <span class='ocrx_word' id='word_1_233' title='bbox 973 3516 1057 3574; x_wconf 81' lang='grc' dir='ltr'><strong><em>ἔτι</em></strong></span> <span class='ocrx_word' id='word_1_234' title='bbox 1092 3518 1336 3589; x_wconf 81' lang='lat' dir='ltr'>Bekker,</span> <span class='ocrx_word' id='word_1_235' title='bbox 1377 3517 1460 3575; x_wconf 76' lang='grc' dir='ltr'><strong><em>ἔτι</em></strong></span> <span class='ocrx_word' id='word_1_236' title='bbox 1497 3521 1533 3574; x_wconf 79' lang='grc' dir='ltr'><em>ὃ</em></span> <span class='ocrx_word' id='word_1_237' title='bbox 1600 3516 1820 3574; x_wconf 75' lang='lat' dir='ltr'>codices</span> <span class='ocrx_word' id='word_1_238' title='bbox 2001 3522 2067 3571; x_wconf 82' lang='lat'><strong><em>23</em></strong></span> <span class='ocrx_word' id='word_1_239' title='bbox 2105 3533 2166 3571; x_wconf 82' lang='grc' dir='ltr'><strong><em>τε</em></strong></span> 
     </span>
     <span class='ocr_line' id='line_1_32' title="bbox 233 3608 1931 3662; baseline -0.002 -15"><span class='ocrx_word' id='word_1_240' title='bbox 233 3608 323 3647; x_wconf 88' lang='lat' dir='ltr'><strong><em>om</em></strong></span> <span class='ocrx_word' id='word_1_241' title='bbox 479 3609 518 3662; x_wconf 85' lang='lat' dir='ltr'>g</span> <span class='ocrx_word' id='word_1_242' title='bbox 1928 3613 1931 3618; x_wconf 96' lang='lat'>·</span> 
     </span>
    </p>
   </div>
  </div>
 </body>
</html>
