2569 4061
357 300 490 366 316
1024 295 1331 351 monom
1370 293 1607 352 smum

358 462 561 530 κέναι.
650 462 725 525 τὸ
782 456 843 524 δ’
896 461 992 537 εἰς
1048 460 1307 545 ὄρυγμα
1359 459 1567 523 πεσὸν
1620 456 1663 540 ἢ
1720 454 1808 521 δι’
1863 458 2066 539 ἄλλης
2124 454 2293 521 ἀπά-

358 593 473 653 της
529 563 855 652 χειρωθὲν
912 566 1045 631 ὑπὸ
1106 573 1228 632 τοῦ
1284 570 1515 648 θυμοῦ
1574 565 1829 648 γίνεται
1885 560 2291 647 περιπνιγές,

356 672 469 741 καὶ
521 682 637 758 τῆς
690 671 1077 759 ἐλευθερίας
1121 671 1431 757 οὐδαμῶς
1477 670 1863 737 ἀλλάττεται
1907 670 2028 753 τὴν
2076 668 2150 734 ἐν
2194 675 2290 757 τῷ·

357 781 839 848 τιθασεύεσθαι
867 780 1403 865 φιλανθρωπίαν.
1451 778 1685 863 διόπερ
1715 778 1983 853 εἰκότως
2011 776 2084 842 oc
2106 780 2288 861 Τρω-

361 888 682 971 γλοδύται
716 896 915 955 τοῦτο
959 888 1034 951 τὸ
1079 886 1331 971 θηρίον
1375 885 1733 970 κράτιστον
1777 885 2151 970 κρίνουσιν,
2197 883 2290 959 ὡς
2318 901 2348 941 5

359 992 445 1060 ἀν
489 1004 604 1080 τῆς
648 995 913 1079 φύσεως
957 992 1137 1081 αὐτῷ
1185 989 1654 1076 δεδωρημένης
1698 990 1909 1073 ἀλκὴν
1944 986 2069 1074 μὲν
2104 987 2291 1057 λέον-,-

358 1123 505 1184 τος,
570 1102 779 1166 ἵππου
836 1095 911 1164 δὲ
967 1100 1198 1182 τάχος,
1266 1097 1498 1183 ῥώμην
1556 1093 1633 1161 δὲ
1690 1098 1977 1182 ταύρου,
2040 1104 2157 1178 τῆς
2215 1092 2292 1159 δὲ

360 1206 629 1272 πάντων
680 1206 1031 1291 κρατίστης
1076 1204 1363 1289 σιδήρου
1409 1204 1677 1288 φύσεως
1722 1202 1847 1287 οὐχ
1889 1202 2286 1286 ἡττώμενον.

256 1341 323 1390 10
361 1313 398 1379 ὁ
446 1307 521 1376 δὲ
566 1313 921 1395 λεγόμενος
954 1304 1109 1396 παρ’
1143 1312 1436 1388 Αίθίοψι
1481 1311 1838 1396 κροκόττας
1883 1306 2293 1394 μεμιγμένην

358 1413 481 1501 μὲν
528 1417 660 1501 ἔχει
707 1417 918 1501 φύσιν
961 1417 1165 1493 κυνὸς
1208 1414 1323 1481 καὶ
1369 1418 1601 1499 λύκου,
1645 1416 1769 1498 τὴν
1817 1412 1875 1479 δ’
1933 1414 2291 1501 ἀγριότητα
2322 1435 2379 1474 10

358 1520 831 1609 φοβερωτέραν
891 1521 1320 1608 ἀμφοτέρων,
1385 1533 1526 1600 τοῖς
1587 1519 1660 1588 δὲ
1722 1521 1958 1586 ὀδοῦσι
2022 1523 2294 1587 πάντων

356 1628 700 1715 ὑπεράγει·
738 1638 872 1696 πᾶν
907 1631 1039 1715 γὰρ
1068 1630 1284 1695 ὀστῶν
1323 1627 1609 1714 μέγεθος
1646 1630 1987 1714 συντρίβει
2024 1628 2288 1716 ῥᾳδίως.

358 1734 472 1802 καὶ
515 1739 591 1802 τὸ
630 1733 1011 1802 καταποθὲν
1047 1737 1160 1801 διὰ
1196 1744 1312 1819 τῆς
1346 1739 1602 1812 κοιλίας
1636 1733 1853 1801 πέττει
1887 1735 2293 1818 παραδόξως·

360 1852 560 1910 τοῦτο
609 1840 683 1908 δὲ
728 1846 804 1909 τὸ
853 1847 1021 1931 ζῷον
1065 1853 1201 1908 τῶν
1247 1843 1515 1921 ψευδῶς
1568 1840 2292 1928 παραδοξολογούντων

365 1935 787 2037 ἱστοροῦντες
814 1951 982 2015 ἔνιοι
1011 1955 1362 2036 μιμεῖσθαι
1397 1949 1521 2032 τὴν
1556 1959 1692 2014 τῶν
1730 1948 2107 2035 ἀνθρώπων
2143 1946 2288 2011 διά-
2321 1964 2383 2005 15

363 2062 598 2124 λεκτον
641 2056 810 2142 ἡμᾶς
856 2052 979 2140 μὲν
1026 2057 1109 2122 οὐ
1154 2058 1532 2121 πείθουσιν.

254 2170 340 2235 36
523 2163 792 2249 ’Όφεων
839 2160 913 2229 δὲ
958 2162 1120 2247 γένη
1167 2162 1561 2228 παντοδαπὰ
1603 2160 1716 2227 καὶ
1761 2171 1901 2239 τοῖς
1936 2160 2295 2247 μεγέθεσιν

367 2272 610 2337 ἄπιστα
636 2273 1055 2356 θεωρεῖσθαί
1086 2286 1297 2354 φασιν
1334 2270 1404 2335 os
1435 2269 1558 2352 τὴν
1583 2270 1872 2353 πλησίον
1897 2277 2016 2352 τῆς
2042 2267 2297 2353 ἐρήμου

358 2375 472 2442 καὶ
506 2378 893 2462 θηριώδους
937 2385 1417 2453 κατοικοῦντες.
1493 2374 1728 2441 ἑκατὸν
1772 2376 1899 2462 γὰρ
1945 2385 2175 2459 πηχῶν
2217 2376 2294 2440 τὸ

361 2492 567 2566 μῆκος
632 2480 979 2568 ἑορακέναι
1040 2478 1216 2559 τινες
1280 2481 1811 2565 ἀποφαινόμενοι
1864 2482 2138 2558 δικαίως
2193 2479 2279 2545 ἂν
2298 2493 2408 2544 202

362 2587 485 2670 οὐχ
545 2585 665 2670 ὑφ’
726 2586 917 2671 ἡμῶν
976 2590 1220 2671 μόνον,
1283 2587 1451 2653 ἀλλὰ
1506 2585 1619 2653 καὶ
1680 2587 1810 2654 ὑπὸ
1873 2598 2009 2652 τῶν
2074 2589 2298 2654 ἄλλων
2324 2608 2380 2647 21

366 2693 677 2759 ἁπάντων
721 2694 1166 2776 ψευδολογεῖν
1212 2694 1803 2779 ὑποληφθείησαν·
1857 2692 2299 2779 προστιθέασι

365 2802 491 2886 γὰρ
537 2808 630 2889 τῷ
678 2798 1210 2889 διαπιστουμένῳ
1247 2806 1470 2889 πολλῷ
1507 2798 2022 2886 παραδοξότερα,
2071 2798 2300 2882 λέγον-

366 2931 473 2985 τες
521 2906 622 2972 ὅτι
667 2914 782 2989 τῆς
825 2907 1044 2992 χώρας
1080 2907 1287 2991 οὔσης
1323 2908 1661 2990 πεδιάδος,
1709 2905 1869 2971 ὅταν
1905 2907 1988 2971 τὰ
2022 2904 2300 2990 μέγιστα

365 3027 501 3084 τῶν
555 3017 822 3100 θηρίων
876 3020 1386 3099 περισπειραθῇ,
1439 3024 1622 3078 ποιεῖ
1669 3022 1812 3089 ταῖς
1860 3012 2301 3095 ἐγκυκλωθεί-
2327 3030 2383 3071 25

368 3141 516 3200 σαις
577 3116 676 3187 ἐπ’
731 3121 1045 3203 ἀλλήλαις
1103 3124 1402 3206 σπείραις
1457 3118 1883 3203 ἀναστήματα
1942 3120 2301 3205 πόρρωθεν

548 3354 579 3400 2
628 3348 729 3400 τοῦ
772 3350 885 3402 'om.
934 3346 983 3399 D
1169 3353 1236 3400 10
1282 3344 1388 3415 μὲν
1437 3361 1546 3399 om.
1588 3346 1739 3415 vulg.
1922 3352 1987 3399 12
2026 3345 2298 3417 μέγεθος]

369 3415 535 3482 γένος
587 3415 797 3484 Agath.
839 3423 905 3471 77
1019 3423 1085 3471 14
1139 3415 1795 3484 παραδοξολογουμένων
1846 3417 1960 3471 DF
2066 3422 2131 3472 15
2169 3412 2301 3471 διά-

366 3488 563 3537 λεκτον
603 3487 669 3550 D,
709 3484 1003 3540 διάλεκτον
1041 3483 1484 3555 ἀποφηνάμενοι
1519 3486 1670 3554 vulg.
1810 3493 1879 3541 25
1919 3485 2301 3557 ἐγκυκλωθεί-

368 3552 518 3617 σαις]
560 3548 621 3604 ἐν
660 3551 847 3623 κύκλῳ
884 3557 1171 3618 τεθείσαις
1207 3556 1278 3609 ΙΙ.
