2569 4061
1045 399 1068 452 Ι
1108 401 1155 451 8.
1197 402 1246 451 9.
2047 399 2130 462 15

200 560 501 640 γυμνοὺς
538 554 660 641 μὲν
709 557 992 640 ἐσθῆτος
1030 559 1250 641 ὄντας,
1300 559 1613 642 οἰκήσεως
1650 557 1725 625 δὲ
1768 558 1880 625 καὶ
1918 562 2131 645 πυρὸς

201 664 462 750 ἀήθεις,
520 674 773 750 τροφῆς
829 659 889 728 δ’
943 662 1199 750 ἡμέρου
1265 670 1602 743 παντελῶς
1665 666 2126 751 ἀνεννοήτους.

199 771 313 836 καὶ
371 774 498 857 γὰρ
545 772 667 854 τὴν
722 770 1136 854 συγκομιδὴν
1183 778 1300 853 τῆς
1347 770 1581 855 ἀγρίας
1632 782 1884 857 τροφῆς
1930 773 2127 855 ἀγνο-
2169 797 2199 843 6

204 886 445 954 οῦντας
489 878 817 962 μηδεμίαν
871 888 1005 943 τῶν
1049 888 1328 960 καρπῶν
1375 882 1471 954 εἰς
1524 879 1639 953 τὰς
1685 877 1939 956 ἐνδείας
1985 900 2132 946 ποι-

151 1001 176 1041 5
208 991 431 1049 εῖσθαι
474 986 877 1070 παράθεσιν·
927 986 1033 1050 διὸ
1080 983 1191 1050 καὶ
1236 987 1531 1061 πολλοὺς
1577 984 1800 1049 αὐτῶν
1846 985 2133 1051 ἀπόλλυ-

206 1098 366 1156 σθαι
412 1093 575 1157 κατὰ
620 1095 778 1168 τοὺς
822 1102 1149 1177 χειμῶνας
1197 1092 1308 1156 διά
1353 1114 1424 1156 τε
1471 1093 1545 1155 τὸ
1592 1099 1808 1175 ψῦχος
1851 1089 1962 1155 καὶ
2007 1092 2130 1175 τὴν

177 1199 446 1291 ,σπάνιν
489 1201 606 1280 τῆς
651 1206 920 1281 τροφῆς.
986 1196 1056 1263 ἐκ
1105 1194 1178 1262 δὲ
1214 1206 1336 1262 τοῦ
1382 1194 1525 1264 κατ’
1572 1197 1802 1280 ὀλίγον
1846 1196 1978 1262 ὑπὸ
2017 1205 2130 1281 τῆς
2171 1219 2199 1265 7

200 1308 430 1390 πείρας
487 1302 1009 1388 διδασκομένους
1065 1309 1159 1380 εἴς
1211 1327 1281 1369 τε
1327 1305 1407 1368 τὰ
1462 1306 1749 1386 σπη’λαια
1802 1305 2133 1387 καταφεύ-

201 1434 345 1494 γειν
392 1410 467 1476 έν
519 1398 610 1499 τῷ
668 1421 943 1495 χειμῶνι
997 1408 1109 1474 καὶ
1165 1420 1299 1474 τῶν
1342 1421 1615 1496 καρπῶν
1670 1415 1827 1488 τοὺς
1880 1411 2133 1495 φυλάτ-

122 1535 173 1573 10
201 1524 437 1583 τεσθαι
467 1515 885 1602 δυναμένους
914 1515 1377 1580 ἀποτίθεσθαι.
1437 1515 1861 1598 γνωσθέντος
1897 1514 1973 1581 δὲ
2008 1526 2129 1583 τοῦ
2170 1537 2202 1585 8

202 1625 415 1707 πυρὸς
468 1621 580 1687 καὶ
623 1632 761 1687 τῶν
817 1623 1039 1686 ἄλλων
1085 1631 1219 1685 τῶν
1272 1625 1613 1706 χρησίμων
1666 1626 1828 1688 κατὰ
1883 1627 2122 1708 μικρὸν

205 1728 317 1793 καὶ
372 1730 487 1803 τὰς
541 1725 771 1811 τέχνας
831 1726 1193 1811 εὑρεθῆναι
1245 1723 1356 1790 καὶ
1412 1727 1615 1792 τᾶλλα
1669 1730 1749 1792 τὰ
1795 1730 2132 1812 δυνάμενα

207 1835 328 1898 τὸν
381 1834 613 1898 κοινὸν
666 1834 819 1915 βίον
876 1831 1231 1915 ὠφελῆσαι.
1324 1833 1627 1896 καθόλου
1680 1835 1807 1918 γὰρ
1863 1834 2135 1899 πάντων
2173 1860 2204 1906 9

203 1942 329 2024 τὴν
371 1942 604 2026 χρείαν
641 1938 851 2022 αὐτὴν
889 1938 1296 2004 διδάσκαλον
1330 1937 1651 2021 γενέσθαι
1689 1948 1828 2015 τοῖς
1865 1939 2136 2025 ἀνθρώ-

123 2064 174 2105 15
203 2070 382 2131 ποις,
447 2044 929 2131 ὑφηγουμένην
993 2047 1250 2123 οἰκείως
1303 2048 1426 2130 τὴν
1492 2044 1771 2112 ἑκάστου
1833 2048 2136 2131 μάθησιν

206 2153 446 2237 εὐφυεῖ
488 2149 625 2242 ζῴῳ
661 2150 774 2218 καὶ
822 2155 1190 2238 συνεργοὺς
1225 2154 1445 2236 ἔχοντι
1489 2154 1655 2239 πρὸς
1701 2155 1960 2220 ἅπαντα
2005 2154 2134 2237 χεῖ-

207 2284 325 2346 ρας
370 2257 481 2323 καὶ
526 2261 731 2341 λόγον
776 2256 887 2323 καὶ
933 2267 1149 2341 ψυχῆς
1196 2256 1566 2341 ἀγχίνοιαν.

383 2363 518 2430 Καὶ
571 2363 721 2450 περὶ
780 2361 902 2449 μὲν
960 2372 1077 2447 τῆς
1132 2365 1397 2449 πρώτης
1451 2362 1772 2445 γενέσεως
1826 2373 1963 2427 τῶν
2024 2363 2134 2428 ἄν-
2175 2392 2242 2438 10

206 2473 502 2555 θρώπων
559 2468 671 2536 καὶ
725 2480 846 2536 τοῦ
906 2471 1356 2542 παλαιοτάτου
1410 2472 1565 2553 βίου
1623 2480 1763 2546 τοῖς
1822 2469 2133 2556 ῥηθεῖσιν

125 2595 178 2634 20
209 2578 790 2663 ἀρκεσθησόμεθα,
838 2580 1306 2662 στοχαζόμενοι
1342 2587 1459 2661 τῆς
1498 2581 1911 2664 συμμετρίας.
1978 2578 2128 2665 περὶ
2170 2587 2211 2648 9

208 2682 282 2750 δὲ
328 2694 461 2750 τῶν
506 2685 807 2770 πράξεων
859 2695 995 2749 τῶν
1044 2683 1607 2768 παραδεδομένων
1660 2683 1782 2769 μὲν
1831 2688 1924 2763 εἰς
1972 2689 2135 2770 μνή-

206 2815 367 2874 μην,
432 2789 812 2874 γενομένων
869 2787 942 2854 δὲ
1006 2789 1081 2855 ἐν
1134 2800 1275 2866 τοῖς
1329 2789 1837 2876 γνωριζομένοις
1899 2794 2127 2869 τόποις

205 2905 321 2980 τῆς
377 2895 802 2981 οἰκουμένης,
865 2894 1177 2975 διεξιέναι
1229 2900 1701 2983 πειρασόμεθα.
1793 2901 1954 2975 τοὺς
2009 2895 2130 2982 μὲν
2171 2925 2202 2970 2

207 2998 333 3069 οὖν
369 3005 673 3090 πρώτους
706 3004 1124 3090 ὑπάρξαντας
1160 3007 1453 3088 βασιλεῖς
1492 3000 1632 3070 οὔτ’
1680 3002 1870 3070 αὐτοὶ
1913 3005 2132 3088 λέγειν

127 3125 178 3165 25
206 3112 442 3196 ἔχομεν
508 3111 659 3176 οὔτε
722 3121 857 3175 τῶν
921 3112 1272 3196 ἱστορικῶν
1335 3122 1474 3187 τοῖς
1537 3105 2134 3194 ἐπαγγελλομένοις

206 3214 455 3282 εἰδέναι
502 3215 1146 3301 συγκατατιθέμεθα·
1210 3216 1546 3282 ἀδύνατον
1592 3218 1718 3301 γὰρ
1777 3215 1901 3297 τὴν
1949 3214 2134 3298 εὕρε-

208 3339 318 3387 σιν
392 3332 527 3386 τῶν
598 3325 1001 3409 γραμμάτων
1077 3323 1292 3399 οὕτως
1357 3319 1529 3389 εἶναι
1601 3321 1892 3386 παλαιὰν
1965 3318 2132 3380 ὥστε

207 3439 350 3504 τοῖς
412 3429 698 3513 πρώτοις
760 3433 1149 3513 βασιλεῦσιν
1211 3429 1597 3510 ἡλικιώτιδα
1659 3420 2009 3507 γενέσθαι·
2076 3420 2139 3484 εἰ

359 3591 388 3638 7
444 3584 544 3639 τοῦ
601 3587 855 3657 Sch'iifer,
919 3585 1123 3642 τούτου
1183 3584 1403 3638 codices
1586 3584 1618 3632 8
1675 3580 2031 3639 καταφυγεῖν
2088 3573 2134 3624 D

212 3661 278 3709 12
341 3652 713 3726 ἐξευρεθῆναι
764 3660 803 3714 Ο
949 3665 1018 3712 24
1058 3648 1161 3711 οὖν
1201 3671 1309 3706 om.
1348 3652 1413 3706 D.
