2569 4061
1061 295 1137 350 1V
1178 301 1262 352 13.
1297 302 1377 350 14.
2022 298 2153 361 417

236 457 492 543 ὕβρεως
555 456 779 522 ἕνεκεν
834 457 1238 542 Εὐρυσθεὺς
1300 456 1659 544 προσέταξε
1720 465 2031 546 καθᾶραι.
2125 460 2161 525 ὁ

240 557 301 627 δ’
353 560 684 649 Ἡρακλῆς
738 565 810 628 τὸ
867 559 990 647 μὲν
1045 575 1184 640 τοῖς
1239 565 1444 648 ὤμοις
1498 563 1861 648 ἐξενεγκεῖν
1914 566 2163 650 ταύτην

239 669 751 755 ἀπεδοκίμασεν,
780 669 1100 735 ἐκκλίνων
1128 670 1253 753 τὴν
1283 669 1356 736 ἐκ
1383 679 1498 754 τῆς
1525 671 1781 758 ὕβρεως
1810 672 2162 757 αἰσχύνην·

239 775 592 859 ἐπαγαγὼν
640 773 713 841 δὲ
758 778 877 865 τὸν
917 773 1226 861 Ἀλφειὸν
1270 778 1687 863 καλούμενον
1722 781 2020 864 ποταμὸν
2058 779 2166 846 ἐπὶ

185 901 212 941 5
241 883 364 966 τὴν
411 882 648 967 αὐλήν,
693 880 802 949 καὶ
849 884 962 948 διὰ
996 892 1121 949 τοῦ
1160 884 1484 970 ῥεύματος
1521 884 1894 971 ἐκκαθάρας
1931 885 2163 969 αὐτήν,

239 988 441 1076 χωρὶς
486 989 743 1075 ὕβρεως
790 990 1174 1056 συνετέλεσε
1221 992 1341 1056 τὸν
1387 984 1604 1056 ἆθλον
1651 990 1725 1056 ἐν
1769 989 1982 1079 ἡμέρα
2026 1001 2163 1080 μιᾷ.

243 1097 347 1161 διὸ
411 1095 524 1161 καὶ
588 1096 935 1182 θαυμάσαι
996 1121 1097 1174 τις
1160 1096 1244 1162 ἂν
1310 1098 1435 1181 τὴν
1499 1098 1823 1164 ἐπίνοιαν·
1897 1101 1972 1164 τὸ
2035 1101 2162 1186 γὰρ

240 1201 678 1287 ὑπερήφανον
712 1211 834 1267 τοῦ
872 1203 1377 1290 προστάγματος
1420 1200 1622 1290 χωρὶς
1667 1205 1986 1290 αἰσχύνης
2023 1204 2166 1272 ἑπε-

242 1307 528 1391 τέλεσεν,
567 1304 770 1373 οὐδὲν
805 1308 1170 1393 ὑπομείνας
1206 1309 1481 1389 ἀνάξιον
1515 1319 1631 1394 τῆς
1669 1310 2059 1388 ἀθανασίας.

163 1433 216 1471 10
421 1416 614 1479 Μετὰ
670 1411 745 1479 δὲ
799 1424 1003 1481 ταῦτα
1057 1417 1283 1499 λαβὼν
1339 1410 1556 1481 ἆθλον
1609 1419 1728 1482 τὸν
1784 1417 1855 1483 ἐκ
1900 1421 2167 1505 Κρήτης
2204 1440 2238 1488 4

132 1541 242 1592 260
253 1530 504 1606 ταῦρον
532 1520 825 1603 ἀγαγεῖν,
856 1515 939 1586 οὗ
969 1516 1743 1608 Πασιφάηνὲρασθνῆναί
1762 1541 1949 1607 φασι,
1978 1526 2169 1590 πλεύ-

246 1643 368 1702 σας
414 1627 508 1702 εἰς
544 1628 668 1709 τὴν
705 1636 935 1710 νῆσον,
983 1626 1093 1692 καὶ
1129 1631 1331 1692 Μίνω
1369 1630 1489 1693 τὸν
1523 1628 1800 1712 βασιλέα
1838 1633 2169 1716 συνεργὸν

248 1732 495 1817 λαβών,
549 1731 798 1815 ἤγαγεν
854 1732 1061 1798 αὐτὸν
1116 1735 1210 1810 εἰς
1257 1738 1804 1819 Πελοπόννησον,
1859 1737 1933 1800 τὸ
1989 1740 2168 1820 τηλι-

246 1846 492 1903 κοῦτον
537 1835 823 1920 πέλαγος
868 1832 970 1903 ἐπ’
1013 1838 1190 1926 αὐτῷ
1238 1844 1740 1925 ναυστοληθείς.

165 1962 219 2002 15
434 1944 716 2021 Τελέσας
774 1941 845 2010 δὲ
895 1953 1138 2010 τοῦτον
1183 1947 1303 2010 τὸν
1349 1941 1567 2012 ἆθλον
1611 1949 1731 2013 τὸν
1771 1946 2168 2033 Ὀλυμπικὸν
2193 1950 2276 2014 14

249 2053 474 2136 ἀγῶνα
548 2056 1028 2137 συνεστήσατο,
1101 2054 1460 2119 κάλλιστον
1521 2065 1657 2119 τῶν
1719 2057 1941 2120 τόπων
2004 2057 2169 2139 πρὸς

247 2159 649 2243 τηλικαύτην
693 2161 1072 2245 πανήγυριν
1117 2161 1483 2245 προκρίνας
1526 2162 1601 2225 τὸ
1648 2162 1826 2246 παρὰ
1870 2163 1989 2226 τὸν
2029 2155 2169 2226 Ἀλ-

250 2268 444 2351 φειὸν
488 2267 788 2350 ποταμὸν
831 2266 1089 2349 πεδίον,
1136 2265 1210 2332 ἐν
1257 2256 1310 2353 ᾧ
1355 2266 1474 2331 τὸν
1522 2266 1746 2350 ἀγῶνα
1790 2277 2032 2333 τοῦτον
2077 2277 2167 2356 τῷ

249 2371 369 2437 Διὶ
427 2381 517 2460 τῷ
578 2376 830 2460 πατρίῳ
891 2371 1277 2459 καθιέρωσε.
1373 2374 1778 2457 στεφανίτην
1838 2371 1899 2437 δ’
1963 2374 2170 2439 αὐτὸν

168 2494 224 2532 20
253 2479 581 2562 ἐποίησεν,
639 2480 741 2544 ὅτι
794 2477 906 2543 καὶ
961 2479 1160 2555 αὐτὸς
1216 2477 1613 2565 εὐηργέτησε
1668 2480 1743 2543 τὸ
1797 2478 1991 2562 γένος
2035 2491 2170 2545 τῶν

255 2584 635 2671 ἀνθρώπων
680 2583 926 2652 οὐδένα
971 2586 1197 2669 λαβὼν
1244 2588 1512 2670 μισθόν.
1585 2586 1666 2649 τὰ
1713 2584 1774 2649 δ’
1820 2586 2170 2672 ἀθλήματα
2207 2608 2238 2655 2

252 2691 466 2757 πάντα
513 2691 712 2769 αὐτὸς
758 2691 1085 2778 ἀδηρίτως
1132 2691 1418 2776 ἐνίκησε,
1464 2693 1750 2777 μηδενὸς
1803 2696 2170 2778 τολμήσαν-

251 2819 364 2873 τος
392 2798 571 2886 αὐτῷ
601 2805 1048 2884 συγκριθῆναι
1078 2799 1188 2862 διὰ
1215 2799 1340 2881 τὴν
1366 2798 1747 2884 ὑπερβολὴν
1771 2808 1889 2883 τῆς
1916 2799 2170 2887 ἀρετῆς,

251 2907 486 2990 καίπερ
540 2915 675 2969 τῶν
730 2904 1135 2989 ἀθλημάτων
1191 2903 1514 2970 ἐναντίων
1570 2905 1882 2988 ἀλλήλοις
1928 2907 2170 2970 ὄντων·

171 3022 226 3064 25
253 3012 372 3075 τὸν
444 3011 573 3096 γὰρ
644 3011 902 3094 πύκτην
965 3010 1006 3094 ἢ
1069 3013 1607 3096 παγκρατιαστὴν
1667 3020 1790 3076 τοῦ
1854 3010 2171 3086 σταδιέως

256 3116 590 3180 δύσκολον
635 3116 1128 3201 περιγενέσθαι,
1175 3115 1286 3182 καὶ
1331 3118 1531 3182 πάλιν
1574 3118 1694 3182 τὸν
1733 3116 1805 3180 ἐν
1843 3126 1981 3190 τοῖς
2016 3116 2172 3180 κού-

255 3245 412 3306 φοις
448 3221 787 3307 ἀθλήμασι
821 3224 1249 3309 πρωτεύοντα
1284 3225 1870 3306 καταγωνίσασθαι
1905 3223 2062 3297 τοὺς
2099 3218 2174 3284 ἐν

398 3421 433 3470 4
467 3411 746 3505 Ἀλφειὸν]
780 3413 1034 3485 Πηνειὸν
1070 3415 1122 3469 Π
1286 3422 1316 3471 ’7
1356 3411 1430 3469 ἄν
1467 3434 1550 3477 τις
1586 3413 1736 3482 vulg.
1822 3479 1837 3499 Ι
1889 3417 1952 3465 18
1990 3406 2169 3465 αὐτὸν

254 3502 363 3541 om.
400 3485 455 3539 Π
565 3493 632 3541 14
671 3483 850 3541 αυτὸν
890 3486 996 3541 OF
1120 3492 1190 3541 20
1229 3482 1518 3556 ἐποίησεν]
1561 3499 1977 3540 κατεσκεύασεν
2016 3481 2170 3549 vulg.

254 3564 322 3613 27
361 3560 866 3626 καταγωνίσασθαι
904 3559 1013 3615 del.
1051 3558 1184 3613 edit.
1802 3558 1806 3561 ’

314 3692 319 3698 .
360 3655 614 3697 D1ononus
643 3657 680 3698 Ι.
1785 3647 1852 3697 27
