2569 4061
0 85 2563 140 —‘

1045 370 1124 425 111
1162 378 1250 429 34.
1287 379 1372 428 35.
2077 374 2207 441 313

291 534 639 620 ἐδωδίμων
686 534 1064 618 ὁδηποτοῦν
1101 533 1253 619 μεθ’
1288 534 1534 611 ὕδατος
1570 536 1664 611 εἰς
1705 538 1825 602 τὸν
1869 537 2064 620 ἥλιον
2098 544 2215 624 θῇ,

290 640 535 727 ταχέως
586 640 814 719 ἕψεται
857 639 1059 726 χωρὶς
1102 642 1313 727 πυρὸς
1355 638 1470 706 καὶ
1518 638 1749 717 ξύλων.
1842 638 1986 708 ἀλλ’
2040 644 2216 728 ὅμως
2254 655 2287 706 5

293 749 365 813 oc
393 756 855 826 κατοικοῦντες
891 746 1269 834 ἀμφοτέρας
1302 748 1421 824 τὰς
1456 745 1807 833 εἰρημένας
1841 751 2058 836 χώρας
2095 752 2216 837 οὐχ

293 847 442 921 οἷον
495 857 772 940 φεύγειν
826 855 1184 938 βούλονται
1237 855 1362 937 τὴν
1421 853 1802 940 ὑπερβολὴν
1858 865 1994 921 τῶν
2054 874 2217 942 συμ-

238 978 265 1020 ⁵
292 963 666 1045 βαινόντων
704 961 932 1038 αὐτοῖς
965 971 1209 1044 κακῶν,
1247 960 1416 1026 ἀλλὰ
1452 959 1564 1026 καὶ
1598 960 1996 1026 τούναντίον
2033 960 2218 1029 ἑκου-

291 1071 452 1146 σίως
513 1071 857 1155 προΐενται
918 1069 993 1133 τὸ
1061 1071 1175 1151 ζῆν
1238 1066 1434 1132 ἕνεκα
1498 1076 1620 1132 τοῦ
1687 1067 1775 1152 μὴ
1851 1071 2219 1152 βιασθῆναι

293 1175 550 1259 διαίτης
604 1171 828 1260 ἑτέρας
880 1172 993 1239 καὶ
1049 1176 1204 1256 βίου
1248 1179 1673 1260 πειραθῆναι.
1765 1173 1979 1251 οὕτως
2024 1174 2215 1240 αὐτο·
2255 1189 2288 1236 6

293 1277 460 1365 φυὲς
496 1283 630 1366 ἔχει
665 1303 730 1345 τι
765 1282 1051 1365 φίλτρον
1084 1289 1263 1344 πᾶσα
1302 1283 1604 1364 συνήθης
1639 1282 1843 1367 χώρα,
1889 1279 2002 1348 καὶ
2038 1303 2219 1369 περι-

240 1404 265 1443 9
290 1390 545 1470 γίνεται
599 1395 715 1471 τῆς
760 1386 832 1452 ἐκ
875 1395 1010 1452 τῶν
1057 1383 1274 1470 ἀέρων
1318 1392 1767 1464 κακοπαθείας
1812 1387 1848 1453 ὁ
1895 1390 2137 1473 χρόνος
2182 1388 2218 1453 ὁ

184 1503 292 1555 200
310 1493 435 1575 τὴν
464 1491 536 1558 ἐκ
571 1494 818 1576 νηπίου
854 1492 1259 1578 παραλαβὼν
1295 1491 1577 1574 ἡλικίαν.
1649 1495 1765 1571 τας
1803 1491 1878 1559 δὲ
1913 1495 2219 1578 τηλικαύ-
2258 1506 2289 1555 ’1

292 1621 409 1676 τας
447 1593 547 1664 ἐπ’
582 1599 924 1703 ἀμφότερα
971 1600 1301 1685 διαφορὰς
1348 1599 1430 1664 οὐ
1475 1604 1646 1665 πολὺ
1695 1602 1966 1686 διορίζει
2010 1602 2220 1667 τόπου

297 1705 641 1789 διάστημα.
706 1705 831 1772 ἀπὸ
860 1708 985 1792 γὰρ
1015 1714 1130 1790 τῆς
1156 1706 1547 1784 Μαιώτιδος
1573 1709 1830 1790 λίμνης,
1869 1697 1911 1790 ᾗ
1948 1723 2220 1792 προσοι-

294 1812 498 1876 κοῦσί
525 1834 701 1888 τινες
735 1822 870 1878 τῶν
896 1816 1196 1877 Σκυθῶν
1223 1811 1327 1878 ἐν
1325 1813 1522 1894 πάγει
1556 1809 1667 1878 καὶ
1703 1812 1987 1896 ψύχεσιν
2023 1811 2221 1897 υπερ-

292 1917 621 2000 βάλλουσι
679 1916 1196 2004 καθιδρυμένοι,
1269 1916 1509 1984 πολλοὶ
1571 1929 1705 1984 τῶν
1767 1916 2220 2003 πλοϊζομένων

216 2048 267 2089 15
295 2021 898 2110 οὐριοδρομούσαις
923 2022 1126 2090 ναυσὶ
1154 2026 1470 2110 φορτίσιν
1499 2026 1594 2101 εἰς
1620 2020 1743 2110 μὲν
1769 2020 2003 2089 Ῥόδον
2032 2023 2220 2090 δεκα-

295 2140 470 2196 ταῖοι
496 2133 1128 2215 καταπεπλεύκασιν,
1158 2131 1224 2211 ἐξ
1250 2127 1332 2216 ἧς
1360 2134 1455 2209 εἰς
1475 2126 1972 2217 Ἀλεξάνδρειαν
1997 2153 2222 2216 τεταρ-

295 2247 471 2303 ταῖοι
526 2249 970 2322 καταντῶσιν,
1034 2238 1107 2304 ἐκ
1162 2235 1238 2304 δὲ
1291 2238 1533 2322 ταύτης
1585 2240 1750 2304 κατὰ
1803 2239 1922 2303 τὸν
1967 2241 2223 2304 Νεῖλον

295 2342 607 2422 πλέοντες
650 2343 888 2410 πολλοὶ
936 2347 1269 2411 δεκαταῖοι
1313 2347 1797 2429 κατηντήκασιν
1841 2346 1937 2421 εἰς
1981 2346 2222 2409 Αἰθιο-

296 2452 478 2534 πίαν,
516 2452 684 2517 ὥστε
713 2451 841 2517 ἀπὸ
871 2463 1005 2518 τῶν
1040 2450 1556 2537 κατεψυγμένων
1593 2461 1813 2537 μερῶν
1849 2458 1966 2535 τῆς
2002 2453 2222 2517 οἰκου-

218 2579 274 2619 20
299 2555 501 2641 μένης
554 2556 661 2623 ἐπὶ
712 2559 794 2622 τὰ
837 2562 1214 2645 θερμότατα
1260 2557 1424 2644 μέρη
1473 2558 1560 2643 μὴ
1607 2556 1811 2623 πλέον
1857 2563 2067 2624 εἴκοσι
2111 2556 2223 2623 καὶ

297 2664 627 2750 τεττάρων
688 2664 954 2751 ἡμερῶν
1018 2660 1191 2731 εἶναι
1253 2667 1374 2731 τὸν
1436 2670 1654 2730 πλοῦν
1717 2674 1857 2741 τοῖς
1918 2666 2084 2729 κατὰ
2146 2666 2221 2729 τὸ

297 2767 570 2855 συνεχὲς
602 2769 1075 2857 κομιζομένοις.
1150 2773 1380 2857 διόπερ
1418 2780 1534 2855 τῆς
1571 2772 1899 2857 διαφορᾶς
1934 2778 2051 2854 τῆς
2086 2781 2220 2836 τῶν
2259 2793 2291 2843 8

296 2875 514 2962 ἀέρων
568 2875 670 2942 ἐνἲ
697 2876 899 2966 ὀλίγῳ
958 2879 1350 2963 διαστήματι
1409 2878 1694 2963 μεγάλης
1756 2878 1961 2961 οὔσης
2021 2873 2223 2943 οὐδὲν

294 2982 677 3068 παράδοξον
723 2980 835 3049 καὶ
877 2983 1001 3066 τὴν
1050 2985 1311 3050 δίαιταν
1354 2982 1467 3049 καὶ
1512 2987 1668 3060 τοὺς
1714 2986 1934 3066 βίους,
1991 2985 2089 3047 ἔτι
2148 2977 2223 3046 δὲ

218 3109 270 3151 25
297 3090 378 3154 τὰ
425 3089 695 3175 σώματα
739 3092 913 3155 πολὺ
960 3091 1374 3155 διαλλάττειν
1417 3099 1553 3155 τῶν
1598 3086 1751 3175 παρ’
1797 3088 1974 3172 ἡμῖν.

472 3193 651 3261 Ἐπεὶ
688 3192 764 3262 δὲ
799 3206 934 3261 τῶν
980 3196 1204 3262 ἐθνῶν
1248 3195 1359 3262 καὶ
1404 3200 1572 3279 βίων
1609 3198 1689 3261 τὰ
1725 3196 2051 3278 κεφάλαια
2088 3203 2222 3257 τῶν
2243 3193 2329 3257 35

301 3302 687 3374 δοκούντων
715 3297 889 3367 εἶναι
915 3301 1312 3388 παραδόξων
1351 3302 1865 3386 διεληλύθαμεν,
1902 3295 2053 3383 περὶ
2089 3308 2225 3362 τῶν

477 3502 512 3550 4
559 3501 766 3564 φυγεῖν
813 3494 908 3548 DF
1068 3501 1100 3549 6
1145 3491 1444 3582 προσιέναι
1490 3493 1558 3559 D,
1603 3488 1867 3561 προιέναι
1915 3487 2033 3555 OF,
2085 3503 2224 3542 corr.

299 3564 465 3620 Dind.
634 3573 667 3621 8
703 3566 781 3637 τι]
823 3563 887 3620 τὸ
928 3565 1034 3620 OF
1192 3571 1257 3620 13
1296 3561 1501 3634 πάγοις
1535 3564 1588 3617 Π
1753 3567 1818 3614 16
1858 3559 1961 3630 εἰς]
2003 3556 2083 3620 εἰς
2119 3556 2224 3627 μὲν

299 3636 454 3706 vulg.
560 3641 623 3690 17
664 3635 837 3708 κατὰ]
878 3633 993 3692 άνα
1032 3637 1239 3707 Agath.
1281 3643 1349 3691 66
1477 3640 1546 3688 20
1584 3628 1907 3702 θερμότερα
1944 3632 2010 3696 D.
