2569 4061
387 197 514 261 132
1050 192 1355 250 DIODORI
1395 191 1628 248 SICULI

384 358 622 426 πολλοὶ
694 355 805 423 καὶ
869 368 1002 421 τῶν
1056 353 1413 439 Ἑλλήνων·
1459 354 1868 437 κατέδειξαν,
1942 355 2306 440 ἡγούμενοι

382 470 720 541 παντελῶς
764 465 1001 529 ἄδικον
1047 458 1221 528 εἶναι
1276 464 1352 527 τὸ
1399 458 1608 546 μηδὲν
1655 462 1980 544 ἀδικῆσαν
2024 471 2115 550 τῷ
2165 462 2305 527 ἀδι-

381 573 658 654 κήσαντι
712 580 827 653 τῆς
884 570 1086 653 αὐτῆς
1149 567 1443 653 μετέχειν
1507 571 1853 653 τιμωρίας,
1919 566 2031 633 καὶ
2098 589 2306 653 παρα·
2344 591 2413 640 89

382 680 757 761 νομήματος
795 675 943 753 ἑνὸς
978 673 1346 759 γενομένου
1381 675 1559 759 παρὰ
1597 676 1792 739 δυοῖν
1830 676 2194 759 λαμβάνειν
2230 679 2307 748 τὸ

383 786 771 868 πρόστιμον,
817 783 982 867 πρὸς
1030 777 1103 846 δὲ
1149 782 1411 857 τούτοις
1455 782 1620 845 κατὰ
1664 783 2055 867 προαίρεσιν
2100 803 2301 864 πονη-
2338 800 2364 838 5

385 892 511 977 ράν
576 886 1133 963 συντελεσθέντος
1193 894 1316 952 τοῦ
1377 885 1774 970 ἀδικήματος
1836 889 1911 952 τὸ
1976 889 2304 972 μηδεμίαν

383 1016 485 1060 πω
524 996 799 1059 σύνεσιν
844 996 997 1076 ἕχον
1034 993 1164 1058 ὑπὸ
1210 993 1335 1076 τὴν
1371 992 1610 1076 ὁμοίαν
1655 994 1843 1075 ἄγειν
1878 997 2171 1076 κόλασιν,
2227 996 2303 1059 τὸ

386 1098 461 1165 δὲ
523 1100 791 1165 πάντων
854 1097 1195 1183 μέγιστον,
1261 1099 1362 1163 ὅτι
1426 1108 1569 1175 ταῖς
1621 1100 1941 1177 κυούσαις
1998 1102 2134 1186 ἰδία
2189 1108 2305 1182 τῆς

387 1210 598 1283 αἰτίας
654 1205 1171 1290 ἐπενηνεγμένης
1226 1206 1536 1290 οὐδαμῶς
1580 1209 1896 1289 προσήκει
1951 1209 2026 1271 τὸ
2073 1207 2305 1272 κοινὸν

282 1332 346 1381 10
380 1314 628 1397 πατρὸς
662 1310 773 1377 καὶ
810 1313 1054 1398 μητρὸς
1090 1310 1324 1377 τέκνον
1363 1311 1816 1397 ἀναιρεῖσθαι·
1856 1307 1956 1377 ἐπ’
1993 1319 2139 1397 ἴσης
2175 1314 2302 1397 γὰρ
2334 1333 2385 1371 10

386 1420 471 1483 ἄν
514 1441 613 1495 τις
651 1419 953 1509 φαύλους
991 1419 1299 1501 διαλάβοι
1336 1419 1562 1503 κριτὰς
1597 1418 1755 1494 τούς
1799 1441 1869 1484 τε
1915 1420 2033 1483 τὸν
2070 1421 2304 1503 ἔνοχον

384 1532 475 1611 τῷ
522 1526 711 1612 φόνω
759 1526 1085 1602 σώζοντας
1130 1522 1239 1589 καὶ
1284 1527 1445 1600 τοὺς
1485 1525 1558 1588 τὸ
1606 1520 1817 1607 μηδὲν
1863 1524 2032 1601 ὅλως
2077 1526 2304 1607 ἀδικῆ-

283 1653 345 1701 11
387 1648 512 1696 σαν
559 1641 1145 1717 συναναιροῦντας.
1218 1640 1356 1695 τῶν
1400 1628 1523 1713 μὲν
1560 1624 1685 1694 οὖν
1731 1641 2033 1714 φονικῶν
2078 1630 2306 1716 νόμων

388 1740 458 1803 οἱ
506 1720 785 1823 μάλιστα
846 1738 1197 1813 δοκοῦντες
1257 1736 1713 1819 ἐπιτετεῦχθαι
1730 1725 1743 1738 ’
1777 1738 2077 1801 τοιοῦτοί
2130 1760 2306 1812 τινες

385 1838 574 1928 ἦσαν.
2339 1860 2390 1901 15

283 1952 365 2017 78
573 1952 721 2013 Τῶν
768 1945 827 2013 δ’
874 1950 1094 2013 ἄλλων
1140 1948 1175 2012 ὁ
1214 1944 1336 2032 μὲν
1380 1945 1530 2034 περὶ
1563 1959 1698 2014 τῶν
1742 1946 2047 2032 πολέμων
2082 1950 2294 2033 κείμε-

385 2082 503 2135 νος
538 2059 702 2123 κατά
736 2066 870 2122 τῶν
906 2057 1030 2138 τὴν
1065 2056 1251 2135 τάξιν
1287 2059 1616 2121 λιπόντων
1654 2056 1694 2140 ἢ
1730 2058 1806 2122 τὸ
1840 2052 2304 2141 παραγγελθὲν

386 2165 516 2230 ὑπὸ
561 2174 696 2229 τῶν
739 2163 1088 2248 ἡγεμόνων
1133 2164 1221 2247 μὴ
1257 2165 1638 2228 ποιούντων
1683 2165 1902 2228 ἔταττε
1938 2165 2306 2249 πρόστιμον

317 2294 348 2341 2
390 2272 472 2338 οὐ
516 2272 842 2349 θάνατον,
887 2270 1052 2334 ἀλλὰ
1088 2271 1211 2353 τὴν
1248 2269 1529 2353 ἐσχάτην
1567 2270 1859 2353 ἀτιμίαν·
1907 2273 1969 2334 εἰ
2017 2265 2076 2334 δ’
2121 2269 2308 2334 ὕστε-

390 2401 513 2463 ρον
566 2388 708 2454 ταῖς
771 2377 1255 2461 ἀνδραγαθίαις
1318 2375 1799 2459 ὑπερβάλοιντο
1854 2377 1970 2452 τὰς
2034 2375 2308 2460 ἀτιμίας,
2337 2393 2388 2431 20

389 2485 484 2558 εἰς
528 2484 651 2564 τὴν
696 2482 1212 2567 προϋπάρξασαν
1256 2481 1632 2563 παρρησίαν
1679 2480 2131 2563 ἀποκαθίστα,
2179 2483 2312 2564 ἅμα

389 2583 512 2672 μὲν
555 2595 677 2650 τοῦ
720 2584 1098 2669 νομοθέτου
1154 2581 1538 2667 δεινοτέραν
1580 2587 1903 2669 τιμωρίαν
1952 2593 2308 2660 ποιοῦντος

390 2694 514 2777 τὴν
569 2692 833 2775 ἀτιμίαν
887 2691 927 2773 ἢ
975 2692 1091 2754 τὸν
1138 2689 1470 2772 θάνατον,
1527 2690 1639 2754 ἵνα
1688 2691 1763 2754 τὸ
1805 2746 1809 2750 .
1819 2689 2129 2773 μέγιστον
2176 2699 2310 2769 τῶν

391 2811 611 2867 κακῶν
657 2797 853 2884 ἐθίσῃ
899 2798 1149 2873 πάντας
1193 2799 1450 2881 κρίνειν
1495 2797 1618 2880 τὴν
1665 2797 2010 2881 αἰσχύνην,
2058 2795 2190 2879 ἅμα
2237 2792 2312 2860 δὲ

392 2908 550 2983 τοὺς
578 2901 698 2990 μὲν
726 2895 1246 2981 θανατωθέντας
1281 2904 1504 2987 ἡγεῖτο
1541 2900 1751 2987 μηδὲν
1789 2904 2159 2986 ὠφελήσειν
2194 2904 2314 2966 τὸν
2343 2921 2394 2961 25

393 3016 625 3081 κοινὸν
670 3014 853 3097 βίον,
899 3014 1057 3089 τοὺς
1105 3007 1178 3076 δὲ
1225 3009 1680 3095 ἀτιμωθέντας
1726 3010 2002 3093 ἀγαθῶν
2048 3013 2314 3073 πολλῶν

316 3133 319 3138 ’
395 3124 651 3198 αἰτίους
696 3121 969 3184 ἔσεσθαι
1027 3119 1138 3183 διὰ
1182 3119 1305 3202 τὴν
1352 3116 1715 3201 ἐπιθυμίαν
1769 3125 1885 3201 τῆς
1928 3117 2315 3200 παρρησίας.

541 3250 568 3298 1
610 3240 985 3307 κατεδέξαντο
1029 3239 1135 3296 OF
1240 3248 1272 3295 6
1315 3235 1744 3301 ἐκτελεσθέντος
1786 3239 1833 3293 G
1937 3245 1966 3293 7
2006 3257 2125 3300 πως
2160 3238 2314 3306 vulg.

399 3320 464 3367 12
503 3311 890 3382 ἀδικήσαντας
928 3311 1089 3367 GDF
1220 3316 1287 3365 13
1326 3305 1704 3379 ἀναιροῦντας
1738 3309 1894 3379 vulg.
2042 3315 2111 3363 20
2148 3304 2314 3376 ὑπερ-

398 3381 622 3451 βάλοιτο
660 3383 728 3452 D,
766 3378 1204 3456 ὑπερβάλλοιντο
1241 3380 1295 3435 II
1431 3387 1498 3436 22
1536 3378 1882 3452 νομοθέτου]
1921 3377 2182 3436 θανάτου
2221 3378 2313 3432 CD

398 3452 470 3514 (v,
510 3458 578 3506 23
616 3448 651 3521 ἢ
688 3452 791 3509 τὸν
826 3451 1085 3509 θάνατον
1122 3453 1160 3508 f.
1201 3451 1345 3523 del.).
