2569 4061
267 658 353 723 22

297 1526 328 1574 2

294 2269 327 2316 3

373 281 515 346 430
1052 279 1360 336 DIODORI
1398 279 1635 338 SICULI

375 445 661 528 λογοῦσί
688 466 894 526 τινες,
952 435 1053 520 οἷς
1096 441 1209 509 καὶ
1262 445 1536 528 Τίμαιος
1581 442 1618 508 ὁ
1675 445 2104 529 συγγραφεὺς
2146 442 2307 526 ἠκο-

374 552 730 635 λούθησεν.

542 652 615 722 Ὁ
651 655 712 723 δ’
748 653 1080 743 “Ηρακλῆς
1116 655 1189 721 ἐκ
1223 663 1347 721 τοῦ
1389 658 1767 742 Φλεγραίου
1804 657 2041 723 πεδίου
2076 661 2307 722 κατελ-

370 764 524 828 θὼν
571 762 678 830 ἐπὶ
722 765 846 849 τὴν
889 762 1232 828 θάλατταν
1267 762 1749 827 κατεσκεύασεν
1787 764 1949 847 ἔργα
1983 760 2137 849 περὶ
2176 762 2306 846 τὴν

355 867 646 956 ’Ἄορνον
700 867 1199 954 ὀνομαζομένην
1252 871 1527 953 λίμνην,
1576 868 1765 953 ἱερὰν
1820 863 1895 933 δὲ
1954 870 2301 954 Φερσεφό-
2362 884 2391 925 5

370 1000 493 1061 νης
535 973 992 1061 νομιζομένην.
1084 984 1295 1039 κεῖται
1350 970 1472 1058 μὲν
1526 968 1651 1039 οὖν
1707 973 1749 1057 ἡ
1806 977 2004 1059 λίμνη
2057 973 2302 1058 μεταξὺ

372 1086 692 1168 Μισηνοῦ
750 1078 861 1145 καὶ
914 1081 1438 1165 Δικαιαρχείων,
1493 1082 1778 1164 πλησίον
1836 1090 1972 1144 τῶν
2024 1085 2302 1166 θερμῶν

369 1188 667 1269 ὑδάτων,
741 1187 873 1270 ἔχει
937 1181 1013 1251 δὲ
1082 1185 1207 1269 τὴν
1279 1181 1405 1270 μὲν
1474 1188 1870 1272 περίμετρον
1945 1185 2036 1262 ὡς
2105 1184 2298 1251 πέντε

371 1293 694 1374 σταδίων,
737 1292 814 1356 τὸ
871 1287 947 1356 δὲ
998 1292 1216 1375 βάθος
1270 1292 1578 1357 ἄπιστον
1638 1294 1883 1376 ἔχουσα
1936 1292 2065 1379 γὰρ
2110 1293 2298 1378 ὕδωρ

367 1396 851 1481 καθαρώτατον
910 1400 1222 1482 φαίνεται
1286 1406 1366 1483 τῇ
1426 1400 1595 1485 χρόᾳ
1654 1406 1954 1464 κυανοῦν
2010 1398 2122 1462 διὰ
2173 1398 2299 1481 τὴν
2329 1416 2384 1455 1⁰

366 1502 748 1588 ὑπερβολὴν
808 1513 931 1569 τοῦ
995 1504 1278 1589 βάθους.
1371 1510 1834 1589 μυθολογοῦσι
1900 1500 1976 1570 δὲ
2038 1505 2114 1570 τὸ
2172 1500 2297 1589 μὲν

366 1611 652 1676 παλαιὸν
714 1617 1120 1695 γεγενῆσθαι
1183 1620 1704 1696 νεκυομαντεῖον
1768 1612 1934 1696 πρὸς
1997 1610 2165 1695 αὐτῇ
2177 1658 2197 1694 ,
2259 1609 2296 1675 ὃ

366 1726 507 1794 τοῖς
550 1715 836 1803 ὕστερον
880 1720 1148 1804 χρόνοις
1191 1718 1687 1783 καταλελύσθαι
1734 1718 1960 1801 φασίν.
2055 1715 2296 1781 ἀναπε-

366 1820 700 1908 πταμένης
764 1820 840 1889 δὲ
909 1831 1026 1907 τῆς
1094 1825 1333 1907 λίμνης
1396 1825 1492 1900 εἰς
1552 1824 1675 1907 τὴν
1739 1824 2111 1905 θάλατταν,
2175 1824 2297 1888 τὸν

358 1926 687 2015 ‘Homul-doc
732 1926 988 2012 λέγεται
1033 1929 1154 1994 τὸν
1200 1924 1324 2012 μὲν
1378 1930 1621 2015 ἔκρουν
1645 1927 1991 2013 -ἐγχῶσαι,
2044 1929 2165 2011 τὴν
2221 1926 2287 1992 δ’
2326 1945 2382 1989 15

368 2036 533 2104 ὁδὸν
577 2037 702 2120 τὴν
744 2044 875 2103 νῦν
919 2028 1133 2101 οὖσαν
1177 2037 1357 2121 παρὰ
1401 2036 1743 2100 θάλατταν
1787 2035 2294 2119 κατασκευάσαι,

363 2143 488 2225 τὴν
535 2140 644 2207 ἀπ’
701 2142 961 2208 ἐκείνου
1006 2139 1429 2226 καλουμένην
1463 2138 1883 2227 ‘Homul-slav.

554 2251 776 2315 Ταῦτα
820 2244 944 2333 μὲν
989 2237 1127 2313 οὖν
1162 2246 1401 2336 ἔπραξε
1446 2245 1597 2335 περὶ
1645 2247 1942 2326 ἐκείνους
1984 2251 2142 2325 τοὺς
2185 2251 2295 2313 τό-

362 2374 548 2432 πους.
642 2354 960 2421 ἐντεῦθεν
1016 2353 1076 2419 δ’
1141 2354 1499 2434 ἀναζεύξας
1560 2357 1925 2440 κατήντησε
1980 2363 2098 2439 τῆς
2154 2359 2293 2420 Πο-

368 2462 820 2528 σειδωνιατῶν
855 2461 1074 2547 χώρας
1109 2464 1276 2548 πρός
1311 2485 1462 2527 τινα
1498 2459 1764 2547 πέτραν,
1794 2463 1960 2550 πρὸς
1996 2452 2040 2548 ᾖ
2076 2468 2292 2546 μυθο-
2321 2480 2378 2519 20

363 2571 683 2648 λογοῦσιν
748 2567 928 2632 ἴδιόν
981 2591 1045 2631 τι
1106 2565 1428 2651 γενέσθαι
1491 2566 1601 2633 καὶ
1659 2569 2059 2655 παράδοξον.
2153 2579 2291 2634 τῶν

359 2671 489 2755 γὰρ
536 2669 873 2756 ἐγχωρίων
927 2673 1077 2735 τινὰ
1130 2674 1429 2757 κυνηγὸν
1474 2673 1550 2739 ἐν
1593 2685 1734 2751 τοῖς
1786 2676 1952 2739 κατὰ
1995 2675 2121 2759 τὴν
2163 2678 2289 2759 θή-

361 2799 488 2863 ραν
535 2774 1091 2862 ἀνδραγαθήμασι
1138 2778 1687 2865 διωνομασμένον
1732 2780 1806 2846 ἐν
1844 2777 1966 2865 μὲν
2001 2791 2143 2858 τοῖς
2178 2784 2289 2866 ἔμ-

359 2889 663 2970 προσθεν
707 2886 975 2970 χρόνοις
1021 2882 1341 2951 εἰωθέναι
1392 2897 1528 2951 τῶν
1574 2884 1978 2971 ληφθέντων
2022 2890 2399 2974 θηρίων263

358 2991 475 3068 τὰς
519 2990 812 3077 κεφαλὰς
860 2989 973 3057 καὶ
1025 2993 1184 3069 τοὺς
1237 2993 1450 3069 πόδας
1504 2990 1897 3058 ἀνατιθέναι
1953 3002 2032 3078 τῇ
2075 2988 2287 3080 Ἀρτέ-
2316 3007 2372 3048 25

357 3098 504 3181 μιδι
568 3097 679 3164 καὶ
742 3102 1130 3184 προσηλοῦν
1192 3107 1335 3175 τοῖς
1402 3096 1738 3183 δένδρεσι,
1803 3101 1951 3163 τότε
2027 3092 2089 3163 δ’
2159 3092 2286 3164 οὖν

498 3328 534 3376 4
572 3319 692 3393 ἐπὶ]
729 3319 885 3392 παρὰ
921 3323 975 3375 11
1191 3330 1223 3378 6
1265 3326 1440 3394 νομιζ.
1480 3323 1828 3394 StephanuS,
1869 3320 2100 3395 ὄνομαζ.
2150 3325 2283 3380 libri

356 3394 387 3442 7
427 3392 798 3469 δικαιαρχίων
833 3395 883 3446 D
1032 3399 1099 3448 18
1139 3389 1417 3482 ἐκείνους]
1457 3389 1691 3457 τούτους
1727 3394 1880 3465 vulg.
2022 3401 2088 3451 19
2126 3414 2281 3451 ποσι-

356 3458 652 3538 δωνιατῶν
688 3463 738 3516 D
935 3469 1003 3517 22
1051 3460 1271 3534 θήραν]
1317 3484 1507 3534 χωραν
1552 3464 1605 3517 II
1785 3461 1917 3521 266’
1959 3457 2089 3538 οὖν]
2136 3465 2282 3536 γοῦν

389 3542 451 3576 Ἰν
478 3528 556 3592 D3
592 3528 731 3583 ποτὲ
770 3525 828 3584 δ’
869 3527 1048 3586 αὐτὸν
1084 3535 1215 3588 fort.
2248 3555 2252 3562 ·
