2569 4061
1163 292 1241 348 IV
1279 298 1364 348 21.
2080 294 2213 361 429

293 459 639 524 ταλάντων
700 457 1255 542 τετρακισχιλίων.
1347 457 1727 534 Λεύκολλος
1788 458 1917 543 γὰρ
1982 455 2041 522 ὁ,
2081 466 2218 521 τῶν

294 562 452 630 καθ’
509 563 716 630 αὑτὸν
759 560 1099 648 Ῥωμαίων
1158 563 1401 647 σχεδόν
1456 584 1519 626 τι
1572 564 2062 640 πλουσιώτατος
2122 561 2218 627 ὢν

299 668 853 754 διατιμησάμενος
896 669 1021 752 τὴν
1059 670 1243 734 ἰδίαν
1291 668 1531 735 οὐσίαν
1576 667 1903 736 κατέθυσε
1947 677 2039 758 τῷ
2076 675 2216 757 θεῷ

295 787 516 842 πᾶσαν
571 777 693 861 τὴν
760 776 1073 861 δεκάτην,
1138 776 1420 860 εὐωχίας
1480 785 1695 841 ποιῶν
1759 786 2056 860 συνεχεῖς
2108 773 2221 841 καὶ

244 901 270 941 5
297 883 832 960 πολυδαπάνους.
895 883 1388 948 κατεσκεύασαν
1426 878 1500 947 δὲ
1536 879 1646 947 καὶ
1665 877 1971 967 Ῥωμαῖοι
2007 883 2220 970 τούτῳ

296 999 388 1077 τῷ
445 996 585 1077 θεῷ
644 990 841 1075 παρὰ·
878 989 996 1054 τὸν
1049 991 1320 1074 Τίβεριν
1377 989 1559 1075 ἱερὸν
1615 988 1996 1072 ἀξιόλογον,
2049 987 2123 1053 ἐν
2169 979 2221 1076 ᾧ

297 1098 641 1179 νομίζουσι
688 1099 1033 1160 συντελεῖν
1076 1095 1193 1170 τὰς
1230 1093 1311 1159 ,ἐκ
1353 1102 1470 1177 τῆς
1515 1095 1792 1180 δεκάτης
1835 1097 2096 1172 θυσίας.

191 1225 296 1274 267
467 1198 540 1264 Ὁ
577 1197 641 1265 δ’
670 1194 1145 1285 οὗνἩρακλῆς
1172 1198 1301 1265 ἀπὸ
1337 1208 1460 1265 τοῦ
1496 1198 1819 1287 Τιβέρεως
1847 1198 2222 1283 ἀναζεύξας,
2260 1224 2293 1272 5

299 1306 409 1373 καὶ
459 1304 723 1384 διεξιὼν
767 1307 891 1390 τὴν
935 1307 1266 1392 παράλιον
1321 1314 1438 1392 τῆς
1480 1316 1611 1373 νῦν
1650 1304 1928 1386 Ἰταλίας
1983 1307 2225 1392 ὀνομα-

223 1435 275 1474 10
305 1411 607 1498 ζομένης,
655 1415 1063 1498 κατήντησεν
1109 1415 1205 1489 εἰς
1257 1414 1335 1477 τὸ
1381 1416 1692 1499 Κυμαῖον
1736 1417 2001 1499 πεδίον,
2049 1413 2123 1480 ἐν
2169 1405 2223 1503 ᾧ

300 1523 807 1603 μυθολογοῦσιν
844 1520 1094 1607 ἄνδρας
1130 1516 1450 1601 γενέσθαι
1485 1530 1629 1598 ταῖς
1670 1544 1740 1586 τε
1780 1522 2029 1608 ῥώμαις
2063 1543 2225 1607 προ-

302 1623 573 1708 έχοντας
635 1623 747 1690 καὶ
809 1624 917 1691 ἐπὶ
981 1628 1363 1711 παρανομίᾳ
1428 1625 2042 1711 διωνομασμένους,
2108 1626 2227 1704 οὓς

304 1730 749 1815 ὀνομάζεσθαι
783 1733 1116 1815 γίγαντας.
1183 1732 1579 1816 ὠνομάσθαι
1615 1728 1690 1798 δὲ
1730 1730 1843 1798 καὶ
1877 1733 1953 1797 τὸ
1989 1734 2224 1797 πεδίον

303 1845 502 1901 τοῦτο
565 1841 942 1923 Φλεγραῖον
997 1837 1125 1903 ἀπὸ
1179 1847 1304 1902 τοῦ
1360 1840 1579 1922 λόφου
1631 1846 1753 1903 τοῦ
1806 1839 1882 1903 τὸ
1941 1839 2226 1903 παλαιὸν

225 1961 277 2002 15
305 1942 733 2027 ἐκφυσῶντος
767 1944 1065 2013 ἄπλατον
1100 1953 1235 2032 πῦρ
1278 1947 1754 2029 παραπλησίως
1786 1952 1867 2030 τῇ
1905 1946 2068 2009 κατὰ
2103 1945 2225 2027 τὴν

305 2053 623 2117 Σικελίαν
670 2057 911 2137 Αἴτνῃ·
953 2057 1248 2118 καλεῖται
1297 2050 1371 2118 δὲ
1418 2061 1547 2118 νῦν
1593 2054 1630 2118 ὁ
1676 2056 1887 2137 λόφος
1935 2052 2226 2118 Οὐεσου-

309 2157 515 2240 ούιος,
563 2160 733 2242 ἔχων
768 2160 982 2225 πολλὰ
1024 2169 1262 2244 σημεῖα
1299 2167 1423 2224 τοῦ
1458 2165 1826 2226 κεκαῦσθαι
1870 2161 2035 2224 κατὰ
2069 2162 2229 2236 τοὺς

307 2262 623 2349 ἀρχαίους
648 2268 950 2351 χρόνους.
1005 2268 1165 2342 τοὺς
1201 2260 1262 2331 δ’
1300 2260 1425 2332 οὖν
1458 2268 1774 2350 γίγαντας
1798 2263 2230 2350 πυθομένους
2266 2291 2298 2339 6

306 2368 429 2452 τὴν
448 2364 856 2455 “Ηρακλέους
899 2374 1276 2457 παρουσίαν
1323 2372 1780 2457 ἀθροισθῆναι
1825 2370 2076 2447 πάντας
2119 2368 2231 2435 καὶ

229 2494 281 2534 20
308 2475 815 2559 παρατάξασθαι
848 2485 940 2566 τῷ
973 2475 1451 2565 προειρημένῳ.
1513 2483 1906 2563 θαυμαστῆς
1944 2473 2016 2543 δὲ
2043 2500 2231 2559 γενο-

308 2576 510 2664 μένης
547 2582 757 2666 μάχης
791 2583 957 2648 κατά
1000 2607 1071 2649 τε
1109 2585 1233 2667 τὴν
1274 2584 1506 2670 ῥώμην
1545 2582 1655 2649 καὶ
1692 2585 1815 2668 τὴν
1852 2583 2061 2668 ἀλκὴν
2097 2593 2231 2649 τῶν

306 2686 664 2770 γιγάντων,
713 2687 880 2772 φασὶ
923 2692 1043 2755 τὸν
1075 2687 1430 2776 Ἡρακλέα,
1478 2690 2006 2775 συμμαχούντων
2052 2690 2230 2779 αὐτῷ

306 2802 444 2857 τῶν
496 2799 711 2875 θεῶν,
766 2803 1088 2881 κρατῆσαι
1134 2804 1213 2882 τῇ
1261 2797 1466 2882 μάχῃ,
1511 2794 1623 2862 καὶ
1676 2800 1837 2874 τοὺς
1880 2800 2231 2873 πλείστους
2378 2866 2390 2874 ,

306 2898 628 2965 ἀνελόντα
670 2901 793 2984 τὴν
828 2903 1054 2988 χώραν
1090 2902 1513 2989 ἐξημερῶσαι.
1578 2901 2126 2988 μυθολογοῦνται
2164 2896 2225 2968 δ’
2271 2925 2301 2972 7

228 3021 283 3062 25
310 3005 382 3070 οἱ
421 3008 726 3089 γίγαντες
778 3020 1080 3092 γηγενεῖς
1125 3010 1475 3093 γεγονέναι
1522 3011 1635 3075 διὰ
1684 3010 1808 3093 τὴν
1852 3008 2231 3095 ὑπερβολὴν

310 3119 432 3175 τοῦ
496 3113 662 3177 κατὰ
722 3115 798 3179 τὸ
853 3125 1042 3199 σῶμα
1104 3113 1451 3199 μεγέθους.
1540 3114 1652 3181 καὶ
1706 3113 1858 3200 περὶ
1920 3110 2044 3198 μὲν
2095 3124 2232 3179 τῶν

312 3214 386 3280 έν
446 3214 715 3305 Φλέγρᾳ
769 3217 1251 3304 φονευθέντων
1308 3223 1639 3306 γιγάντων
1690 3228 1965 3285 τοιαῦτα
2020 3225 2232 3303 μυθο-

456 3415 484 3463 1
525 3408 790 3473 λεύκολος
826 3412 876 3465 D
1028 3417 1089 3465 11
1130 3412 1416 3501 γενέσθαι
1445 3429 1552 3467 om.
1593 3412 1643 3465 ΙΙ
1791 3416 1856 3465 12
1896 3430 1998 3474 ους
2035 3427 2141 3467 om.
2181 3410 2233 3464 II

313 3483 379 3534 15
437 3475 566 3533 ἅπλ.
616 3481 732 3550 πῦρ
771 3478 899 3562 έκφ.
937 3483 1088 3551 vulg.
1241 3488 1307 3537 16
1354 3482 1531 3553 λόφος
1575 3482 1837 3550 Dindorf‚
1894 3480 2067 3544 τόπος
2112 3483 2231 3538 cod.

311 3544 641 3614 οὖεσούσιος
679 3551 904 3608 codices
981 3558 1047 3608 19
1084 3551 1212 3626 τὴν]
1253 3551 1359 3624 τὴν
1386 3554 1487 3609 τοῦ
1525 3553 1663 3623 vulg
1735 3558 1804 3608 27
1844 3554 2127 3625 φλεγραίω
2165 3554 2232 3609 D.
