2569 4061
71 84 228 172 V

434 308 570 378 494
1105 310 1414 367 monem
1452 308 1685 367 slctm

433 474 641 559 τέρας.
717 474 977 540 δόντων
1024 470 1087 540 δ’
1141 473 1388 557 αὐτῶν,
1435 457 1914 556 ἀπηλλάγησαν
1957 482 2092 537 τῶν
2142 486 2434 543 κακῶν

436 580 509 646 οἱ
546 581 710 645 κατὰ
755 581 879 664 τὴν
918 578 1238 665 Ἀττικήν,
1286 578 1398 647 καὶ
1444 580 1482 645 6
1518 582 1760 658 Μίνως
1804 584 2115 665 πολεμῶν
2165 579 2423 649 ἐπαύ-
2509 627 2512 630 -

433 702 597 753 σατο
634 689 752 765 τὰς
781 681 1086 772 Ἀθήνας.
1152 688 1568 752 διελθόντων
1607 683 1681 753 δὲ
1720 685 1888 753 ἐτῶν
1924 685 2120 753 ἐννέα
2158 690 2416 755 πάλιν

432 792 470 857 6
536 796 774 872 Μίνως
836 790 1049 878 ἦλθεν
1113 795 1210 871 εἰς
1273 794 1397 877 τὴν
1463 788 1763 878 Ἀττικὴν
1835 794 1996 878 μετὰ
2058 796 2407 878 μεγάλου

432 904 700 985 στόλου,
743 898 856 967 καὶ
899 904 1058 979 τοὺς
1105 898 1209 978 δὶς
1255 898 1417 966 ἑπτὰ
1461 901 1708 986 κόρους
1744 899 2109 983 ἀπαιτήσας
2148 904 2401 987 ἔλαβε.
2463 925 2487 965 5

361 1025 395 1073 4
434 1012 816 1093 μελλόντων
853 1006 916 1073 δ’
954 1007 1219 1074 ἐκπλεῖν
1253 1017 1390 1072 τῶν
1426 1004 1580 1091 περὶ
1614 1008 1735 1073 τὸν
1764 1004 2008 1091 Θησέα,
2046 1005 2082 1072 6
2110 1009 2398 1090 Αἰγεὺς

435 1113 763 1181 συνέθετο
835 1116 1003 1199 πρὸς
1073 1116 1193 1179 τὸν
1256 1115 1675 1200 κυβερνήτην
1743 1111 1882 1195 [καὶ
1950 1112 2387 1200 προσέταξεν

431 1221 669 1309 αὐτῷ,
706 1220 834 1286 ἐὰν
878 1217 1001 1303 μὲν
1048 1220 1086 1285 6
1126 1222 1386 1304 Θησεὺς
1432 1222 1673 1306 νικήσῃ
1718 1221 1837 1285 τὸν
1875 1221 2384 1307 Μινώταυρον,

430 1331 787 1391 καταπλεῖν
825 1325 1072 1403 αὐτοὺς
1109 1331 1374 1405 λευκοῖς
1420 1326 1676 1410 ἱστίοις,
1723 1326 1842 1392 ἐὰν
1889 1323 1962 1393 δὲ
2009 1327 2377 1414 ἀπόληται,

427 1429 685 1516 μέλασι,
705 1433 1009 1518 καθάπερ
1030 1430 1142 1498 καὶ
1161 1434 1490 1520 πρότερον
1515 1444 1737 1500 ποιεῖν
1764 1434 2112 1499 εἰώθεσαν.
2162 1459 2373 1500 κατα-
2404 1460 2457 1498 ιο

428 1538 861 1605 πλευσάντων
916 1534 979 1605 δ’
1029 1540 1254 1606 αὐτῶν
1311 1542 1405 1616 εἰς
1450 1542 1724 1627 Κρήτην
1773 1538 2113 1625 Ἀριάδνη,
2145 1538 2275 1625 μὲν
2323 1543 2366 1627 ἡ

425 1647 735 1732 θυγάτηρ
789 1657 911 1713 τοῦ
965 1650 1248 1725 Μίνωος
1301 1647 1569 1734 ἠράσθη
1626 1656 1751 1712 τοῦ
1799 1645 2067 1731 Θησέως
2122 1648 2364 1735 εὐπρε-

425 1755 581 1841 πείᾳ
645 1752 1120 1840 διαφέροντος,
1189 1756 1448 1838 Θησεὺς
1521 1751 1585 1818 δ’
1658 1755 1753 1832 εἰς
1826 1756 2068 1837 λόγους
2129 1752 2362 1820 ἐλθὼν

427 1860 595 1946 αὐτῇ
652 1857 762 1925 καὶ
814 1862 1063 1944 ταύτην
1119 1861 1451 1946 συνεργὸν
1506 1860 1766 1943 λαβών,
1820 1863 1943 1925 τόν
1995 1883 2063 1924 τε
2114 1864 2357 1925 Mu&-

425 1990 678 2055 ταυρον
723 1964 1061 2033 ἀπέκτεινε
1105 1965 1218 2033 καὶ
1261 1968 1387 2051 τὴν
1430 1964 1665 2045 ἔξοδον
1711 1967 1836 2051 τὴν
1880 1975 2003 2033 τοῦ
2036 1967 2351 2052 λαβυρίν-
2381 1990 2434 2032 15

357 2091 388 2140 5
424 2080 565 2139 θου
619 2070 775 2160 παρ’
829 2073 1032 2158 αὐτῆς
1086 2074 1330 2157 μαθὼν
1387 2073 1702 2156 διεσώθη.
1798 2072 2352 2157 ἀνακομιζόμενος

427 2174 488 2244 δ’
524 2181 618 2256 εἰς
653 2182 778 2264 τὴν
814 2182 1099 2268 πατρίδα
1135 2178 1247 2246 καὶ
1283 2178 1530 2259 κλέψας
1564 2181 1688 2263 τὴν
1720 2174 2077 2266 Ἀριάδνην
2104 2182 2347 2247 ἔλαθεν

425 2285 787 2365 ἐκπλεύσας
831 2289 1102 2370 νυκτός,
1147 2285 1260 2352 καὶ
1304 2296 1588 2373 κατῆρεν
1634 2289 1728 2364 εἰς
1772 2295 1985 2371 νῆσον
2027 2287 2152 2371 τὴν
2197 2290 2342 2355 τότε

424 2390 546 2478 μὲν
591 2397 793 2478 Δίαν,
839 2403 968 2460 νῦν
1017 2390 1091 2459 δὲ
1138 2393 1372 2473 Νάξον
1416 2391 2108 2479 προσαγορευομένην.
2181 2394 2335 2459 καθ’

422 2500 504 2565 ὃν
561 2502 643 2584 δὴ
699 2503 950 2588 χρόνον
1003 2505 1467 2585 μυθολογοῦσι
1522 2502 1867 2565 Διόνυσον
1924 2498 2336 2585 ἐπιφανέντα,
2361 2524 2411 2563 20

421 2603 531 2669 καὶ
588 2607 701 2670 διὰ
756 2608 831 2670 τὸ
886 2607 1127 2683 κάλλος
1181 2614 1299 2689 τῆς
1347 2604 1696 2692 Ἀριάδνης
1751 2604 2170 2690 ἀφελόμενον
2221 2617 2336 2673 τοῦ

421 2708 691 2794 Θησέως
751 2711 877 2793 τὴν
939 2708 1316 2795 παρθένον,
1394 2715 1568 2796 ἔχειν
1634 2712 1844 2796 αὐτὴν
1908 2712 1998 2789 ὡς
2061 2724 2334 2795 γυναῖκα

421 2818 711 2902 γαμετὴν
757 2815 1202 2902 ἀγαπωμένην
1249 2819 1718 2905 διαφερόντως.
1801 2821 1961 2903 μετὰ
2006 2828 2175 2901 γοῦν
2215 2821 2331 2903 τὴν

420 2925 735 3010 τελευτὴν
798 2924 998 3009 αὐτῆς
1063 2925 1175 2990 διὰ
1236 2926 1362 3009 τὴν
1426 2928 1909 3012 φιλοστοργίαν
1984 2926 2328 2992 ἀθανάτων

420 3033 815 3113 καταξιῶσαι
868 3042 1098 3117 τιμῶν,
1155 3035 1716 3119 καταστερίσαντα
1768 3034 1888 3099 τὸν
1943 3032 2017 3098 ἐν
2068 3034 2318 3122 οὐρανῷ
2348 3053 2398 3095 25

349 3155 381 3204 6
421 3139 757 3225 στέφανον
796 3137 1162 3225 Ἀριάδνης.
1236 3141 1396 3215 τοὺς
1442 3135 1515 3203 δὲ
1559 3137 1714 3222 περὶ
1756 3140 1877 3205 τὸν
1916 3137 2135 3224 Θησέα
2170 3139 2323 3223 φασὶ

420 3246 531 3310 διὰ
576 3246 700 3330 τὴν
747 3245 1051 3332 ἁρπαγὴν
1094 3252 1212 3329 τῆς
1247 3247 1449 3333 κόρης
1486 3245 1997 3332 δυσφοροῦντας
2036 3247 2317 3331 ἰσχυρῶς,

559 3440 591 3488 3
633 3431 828 3506 ἐννέα]
868 3432 1008 3490 ἔπτὰ
1048 3434 1101 3488 II
1237 3443 1271 3489 5
1310 3440 1439 3506 post
1476 3435 1639 3509 ἔλαβε
1680 3437 1864 3493 oratio
1912 3438 2038 3493 hiat
2167 3443 2191 3491 7
2224 3437 2311 3491 καὶ
2497 3396 2498 3491 1

413 3523 471 3554 π.
511 3499 663 3575 αὐτῷ
702 3505 812 3558 del.
853 3505 1087 3560 Sohafer
1250 3513 1282 3561 9
1328 3502 1640 3562 ἀπόλλυται
1682 3507 1726 3559 D
1903 3514 1972 3562 10
2018 3508 2137 3578 καὶ]
2177 3503 2230 3561 τὸ
2264 3508 2307 3561 D

414 3571 481 3635 (e.
524 3576 609 3637 48,
651 3576 706 3638 6)
820 3580 885 3627 18
921 3572 1075 3644 τότε]
1113 3593 1254 3630 ποτε
1293 3578 1445 3647 vulg.
