<?xml version="1.0" encoding="UTF-8"?>
<!DOCTYPE html PUBLIC "-//W3C//DTD XHTML 1.0 Transitional//EN"
    "http://www.w3.org/TR/xhtml1/DTD/xhtml1-transitional.dtd">
<html xmlns="http://www.w3.org/1999/xhtml" xml:lang="en" lang="en">
 <head>
  <title>
</title>
<meta http-equiv="Content-Type" content="text/html;charset=utf-8" />
  <meta name='ocr-system' content='tesseract 3.04.00' />
  <meta name='ocr-capabilities' content='ocr_page ocr_carea ocr_par ocr_line ocrx_word'/>
</head>
<body>
  <div class='ocr_page' id='page_1' title='image "./diodoribiblioth02dindgoog/diodoribiblioth02dindgoog_0023.png"; bbox 0 0 2569 4061; ppageno 0'>
   <div class='ocr_carea' id='block_1_1' title="bbox 50 0 2516 162">
    <p class='ocr_par' dir='ltr' id='par_1_1' title="bbox 50 0 2516 162">
     <span class='ocr_line' id='line_1_1' title="bbox 50 0 2516 162; baseline 0 3899"><span class='ocrx_word' id='word_1_1' title='bbox 50 0 2516 162; x_wconf 95' lang='lat' dir='ltr'> </span> 
     </span>
    </p>
   </div>
   <div class='ocr_carea' id='block_1_2' title="bbox 869 379 2108 439">
    <p class='ocr_par' dir='ltr' id='par_1_2' title="bbox 869 379 2108 439">
     <span class='ocr_line' id='line_1_2' title="bbox 869 379 2108 439; baseline 0.002 -4"><span class='ocrx_word' id='word_1_2' title='bbox 869 380 967 437; x_wconf 88' lang='lat' dir='ltr'>DE</span> <span class='ocrx_word' id='word_1_3' title='bbox 1005 379 1402 439; x_wconf 84' lang='lat' dir='ltr'><strong>CODICIBUS.</strong></span> <span class='ocrx_word' id='word_1_4' title='bbox 1967 382 2108 438; x_wconf 85' lang='lat' dir='ltr'>XIX</span> 
     </span>
    </p>
   </div>
   <div class='ocr_carea' id='block_1_3' title="bbox 55 148 65 567">
    <p class='ocr_par' dir='ltr' id='par_1_3' title="bbox 55 148 65 567">
     <span class='ocr_line' id='line_1_3' title="bbox 55 148 65 567; baseline 0 3494"><span class='ocrx_word' id='word_1_5' title='bbox 55 148 65 567; x_wconf 95' lang='lat' dir='ltr'> </span> 
     </span>
    </p>
   </div>
   <div class='ocr_carea' id='block_1_4' title="bbox 157 550 1750 922">
    <p class='ocr_par' dir='ltr' id='par_1_4' title="bbox 157 550 1750 922">
     <span class='ocr_line' id='line_1_4' title="bbox 157 550 837 610; baseline -0.003 0"><span class='ocrx_word' id='word_1_6' title='bbox 157 553 215 610; x_wconf 87' lang='lat'>3.</span> <span class='ocrx_word' id='word_1_7' title='bbox 265 550 525 609; x_wconf 71' lang='lat' dir='ltr'>litterae</span> <span class='ocrx_word' id='word_1_8' title='bbox 570 551 632 607; x_wconf 92' lang='grc' dir='ltr'><strong><em>Γ</em></strong></span> <span class='ocrx_word' id='word_1_9' title='bbox 668 551 732 609; x_wconf 75' lang='lat' dir='ltr'>et</span> <span class='ocrx_word' id='word_1_10' title='bbox 782 552 837 608; x_wconf 93' lang='lat' dir='ltr'><em>T</em></span> 
     </span>
     <span class='ocr_line' id='line_1_5' title="bbox 218 642 1750 725; baseline 0.002 -19"><span class='ocrx_word' id='word_1_11' title='bbox 218 648 253 706; x_wconf 91' lang='grc' dir='ltr'>Ι</span> <span class='ocrx_word' id='word_1_12' title='bbox 293 648 411 724; x_wconf 85' lang='grc'>45,</span> <span class='ocrx_word' id='word_1_13' title='bbox 444 647 480 704; x_wconf 84' lang='grc'>2</span> <span class='ocrx_word' id='word_1_14' title='bbox 536 642 896 725; x_wconf 80' lang='grc' dir='ltr'><strong><em>Τνέφαχθον</em></strong></span> <span class='ocrx_word' id='word_1_15' title='bbox 1196 646 1534 724; x_wconf 77' lang='grc' dir='ltr'><strong><em>Γνεφαχθῶ</em></strong></span> <span class='ocrx_word' id='word_1_16' title='bbox 1582 647 1750 709; x_wconf 83' lang='lat' dir='ltr'>GGM</span> 
     </span>
     <span class='ocr_line' id='line_1_6' title="bbox 303 739 1691 823; baseline 0 -19"><span class='ocrx_word' id='word_1_17' title='bbox 303 745 415 819; x_wconf 81' lang='lat'>78,</span> <span class='ocrx_word' id='word_1_18' title='bbox 446 745 485 803; x_wconf 91' lang='grc'>4</span> <span class='ocrx_word' id='word_1_19' title='bbox 532 739 928 823; x_wconf 69' lang='grc' dir='ltr'><strong><em>ἐνηργηκέναι</em></strong></span> <span class='ocrx_word' id='word_1_20' title='bbox 1197 739 1593 821; x_wconf 77' lang='grc' dir='ltr'><strong><em>ἐνηρτηκέναι</em></strong></span> <span class='ocrx_word' id='word_1_21' title='bbox 1635 746 1691 804; x_wconf 94' lang='lat' dir='ltr'><strong>D</strong></span> 
     </span>
     <span class='ocr_line' id='line_1_7' title="bbox 302 835 1501 922; baseline -0.002 -21"><span class='ocrx_word' id='word_1_22' title='bbox 302 843 416 918; x_wconf 84' lang='lat'>86,</span> <span class='ocrx_word' id='word_1_23' title='bbox 447 842 484 900; x_wconf 87' lang='lat'>5</span> <span class='ocrx_word' id='word_1_24' title='bbox 531 839 670 902; x_wconf 76' lang='grc' dir='ltr'><strong><em>τότε</em></strong></span> <span class='ocrx_word' id='word_1_25' title='bbox 1195 838 1328 921; x_wconf 78' lang='grc' dir='ltr'><strong><em>τόγε</em></strong></span> <span class='ocrx_word' id='word_1_26' title='bbox 1371 835 1501 922; x_wconf 75' lang='grc' dir='ltr'>Β*)</span> 
     </span>
    </p>
   </div>
   <div class='ocr_carea' id='block_1_5' title="bbox 55 981 2110 2240">
    <p class='ocr_par' dir='ltr' id='par_1_5' title="bbox 157 981 2110 1646">
     <span class='ocr_line' id='line_1_8' title="bbox 351 981 2108 1060; baseline 0.002 -19"><span class='ocrx_word' id='word_1_27' title='bbox 351 982 426 1042; x_wconf 91' lang='lat' dir='ltr'>In</span> <span class='ocrx_word' id='word_1_28' title='bbox 482 982 631 1042; x_wconf 84' lang='lat' dir='ltr'>duas</span> <span class='ocrx_word' id='word_1_29' title='bbox 688 985 894 1058; x_wconf 74' lang='lat' dir='ltr'>partes</span> <span class='ocrx_word' id='word_1_30' title='bbox 948 982 1069 1042; x_wconf 87' lang='lat' dir='ltr'>iam</span> <span class='ocrx_word' id='word_1_31' title='bbox 1125 983 1357 1060; x_wconf 84' lang='lat' dir='ltr'><strong>pridem</strong></span> <span class='ocrx_word' id='word_1_32' title='bbox 1417 982 1650 1044; x_wconf 84' lang='lat' dir='ltr'>codices</span> <span class='ocrx_word' id='word_1_33' title='bbox 1707 981 1929 1044; x_wconf 81' lang='lat' dir='ltr'>divisos</span> <span class='ocrx_word' id='word_1_34' title='bbox 1976 1002 2108 1045; x_wconf 86' lang='lat' dir='ltr'>esse</span> 
     </span>
     <span class='ocr_line' id='line_1_9' title="bbox 164 1079 2110 1157; baseline -0.001 -16"><span class='ocrx_word' id='word_1_35' title='bbox 164 1079 445 1141; x_wconf 79' lang='lat' dir='ltr'>efficitur</span> <span class='ocrx_word' id='word_1_36' title='bbox 491 1080 676 1140; x_wconf 75' lang='lat' dir='ltr'>etiam</span> <span class='ocrx_word' id='word_1_37' title='bbox 722 1081 835 1139; x_wconf 89' lang='lat' dir='ltr'>hac</span> <span class='ocrx_word' id='word_1_38' title='bbox 879 1080 1138 1140; x_wconf 80' lang='lat' dir='ltr'>ratione:</span> <span class='ocrx_word' id='word_1_39' title='bbox 1187 1099 1323 1140; x_wconf 89' lang='lat' dir='ltr'>cum</span> <span class='ocrx_word' id='word_1_40' title='bbox 1362 1083 1648 1157; x_wconf 77' lang='lat' dir='ltr'>excerpta</span> <span class='ocrx_word' id='word_1_41' title='bbox 1694 1080 1913 1141; x_wconf 85' lang='lat' dir='ltr'>codicis</span> <span class='ocrx_word' id='word_1_42' title='bbox 1950 1081 2110 1141; x_wconf 91' lang='lat' dir='ltr'>Pei-</span> 
     </span>
     <span class='ocr_line' id='line_1_10' title="bbox 157 1170 2106 1259; baseline 0 -21"><span class='ocrx_word' id='word_1_43' title='bbox 157 1177 496 1238; x_wconf 84' lang='lat' dir='ltr'>resciani</span> <span class='ocrx_word' id='word_1_44' title='bbox 535 1178 772 1238; x_wconf 85' lang='lat' dir='ltr'>saeculo</span> <span class='ocrx_word' id='word_1_45' title='bbox 812 1177 1041 1237; x_wconf 86' lang='lat' dir='ltr'>decimo</span> <span class='ocrx_word' id='word_1_46' title='bbox 1080 1178 1291 1252; x_wconf 79' lang='lat' dir='ltr'>scripti</span> <span class='ocrx_word' id='word_1_47' title='bbox 1326 1171 1619 1258; x_wconf 87' lang='lat' dir='ltr'>(Dindorf</span> <span class='ocrx_word' id='word_1_48' title='bbox 1641 1178 1781 1238; x_wconf 79' lang='lat' dir='ltr'>edit.</span> <span class='ocrx_word' id='word_1_49' title='bbox 1803 1177 1991 1238; x_wconf 81' lang='lat' dir='ltr'>Paris.</span> <span class='ocrx_word' id='word_1_50' title='bbox 2014 1170 2106 1259; x_wconf 87' lang='lat' dir='ltr'>H)</span> 
     </span>
     <span class='ocr_line' id='line_1_11' title="bbox 157 1274 2103 1351; baseline 0 -16"><span class='ocrx_word' id='word_1_51' title='bbox 157 1293 286 1336; x_wconf 84' lang='lat' dir='ltr'>una</span> <span class='ocrx_word' id='word_1_52' title='bbox 368 1293 506 1334; x_wconf 89' lang='lat' dir='ltr'>cum</span> <span class='ocrx_word' id='word_1_53' title='bbox 577 1275 749 1335; x_wconf 84' lang='lat' dir='ltr'>libris</span> <span class='ocrx_word' id='word_1_54' title='bbox 822 1275 1116 1335; x_wconf 84' lang='lat' dir='ltr'>secundae</span> <span class='ocrx_word' id='word_1_55' title='bbox 1190 1275 1396 1335; x_wconf 81' lang='lat' dir='ltr'>classis</span> <span class='ocrx_word' id='word_1_56' title='bbox 1475 1276 1807 1351; x_wconf 74' lang='lat' dir='ltr'>praebeant</span> <span class='ocrx_word' id='word_1_57' title='bbox 1850 1274 1881 1334; x_wconf 95' lang='grc' dir='ltr'>Ι</span> <span class='ocrx_word' id='word_1_58' title='bbox 1922 1278 2024 1351; x_wconf 89' lang='grc'>64,</span> <span class='ocrx_word' id='word_1_59' title='bbox 2064 1278 2103 1336; x_wconf 88' lang='grc'><strong>9</strong></span> 
     </span>
     <span class='ocr_line' id='line_1_12' title="bbox 161 1354 2106 1454; baseline 0.001 -22"><span class='ocrx_word' id='word_1_60' title='bbox 161 1369 554 1432; x_wconf 79' lang='grc' dir='ltr'><strong><em>ἐκκαλεῖσθαι</em></strong></span> <span class='ocrx_word' id='word_1_61' title='bbox 599 1365 737 1450; x_wconf 89' lang='lat' dir='ltr'>(pro</span> <span class='ocrx_word' id='word_1_62' title='bbox 776 1362 1256 1452; x_wconf 78' lang='grc' dir='ltr'><strong><em>ἐκκαλέσασθαι),</em></strong></span> <span class='ocrx_word' id='word_1_63' title='bbox 1300 1372 1393 1431; x_wconf 91' lang='grc' dir='ltr'>ΠΙ</span> <span class='ocrx_word' id='word_1_64' title='bbox 1433 1375 1533 1447; x_wconf 81' lang='grc'>67,</span> <span class='ocrx_word' id='word_1_65' title='bbox 1566 1376 1602 1432; x_wconf 81' lang='grc'>2</span> <span class='ocrx_word' id='word_1_66' title='bbox 1649 1371 1922 1453; x_wconf 77' lang='grc' dir='ltr'><strong><em>Θάμυριν</em></strong></span> <span class='ocrx_word' id='word_1_67' title='bbox 1968 1354 2106 1454; x_wconf 70' lang='lat' dir='ltr'>(pre</span> 
     </span>
     <span class='ocr_line' id='line_1_13' title="bbox 168 1461 2105 1550; baseline 0.001 -21"><span class='ocrx_word' id='word_1_68' title='bbox 168 1461 500 1550; x_wconf 82' lang='grc' dir='ltr'><strong><em>Θαμύραν)</em></strong></span> <span class='ocrx_word' id='word_1_69' title='bbox 556 1471 739 1546; x_wconf 74' lang='lat' dir='ltr'>atque</span> <span class='ocrx_word' id='word_1_70' title='bbox 782 1469 847 1528; x_wconf 94' lang='lat' dir='ltr'>II</span> <span class='ocrx_word' id='word_1_71' title='bbox 885 1472 991 1542; x_wconf 82' lang='lat'>23,</span> <span class='ocrx_word' id='word_1_72' title='bbox 1032 1471 1070 1530; x_wconf 86' lang='lat'><strong>3</strong></span> <span class='ocrx_word' id='word_1_73' title='bbox 1118 1470 1246 1528; x_wconf 77' lang='lat' dir='ltr'>tres</span> <span class='ocrx_word' id='word_1_74' title='bbox 1304 1488 1515 1530; x_wconf 86' lang='lat' dir='ltr'>versus</span> <span class='ocrx_word' id='word_1_75' title='bbox 1568 1470 1747 1546; x_wconf 85' lang='lat' dir='ltr'>plane</span> <span class='ocrx_word' id='word_1_76' title='bbox 1802 1470 2105 1546; x_wconf 75' lang='lat' dir='ltr'>omittant,</span> 
     </span>
     <span class='ocr_line' id='line_1_14' title="bbox 162 1563 2103 1646; baseline 0.001 -20"><span class='ocrx_word' id='word_1_77' title='bbox 162 1568 439 1643; x_wconf 72' lang='lat' dir='ltr'>itemque</span> <span class='ocrx_word' id='word_1_78' title='bbox 487 1563 704 1625; x_wconf 83' lang='lat' dir='ltr'>codicis</span> <span class='ocrx_word' id='word_1_79' title='bbox 750 1564 1298 1625; x_wconf 82' lang='lat' dir='ltr'>Escurialensis</span> <span class='ocrx_word' id='word_1_80' title='bbox 1356 1569 1636 1642; x_wconf 78' lang='lat' dir='ltr'>excerpta</span> <span class='ocrx_word' id='word_1_81' title='bbox 1680 1563 1815 1645; x_wconf 83' lang='grc' dir='ltr'><strong><em>περὶ</em></strong></span> <span class='ocrx_word' id='word_1_82' title='bbox 1859 1564 2103 1646; x_wconf 85' lang='grc' dir='ltr'><strong><em>ἐπιβου-</em></strong></span> 
     </span>
    </p>

    <p class='ocr_par' dir='ltr' id='par_1_6' title="bbox 55 1658 2106 2240">
     <span class='ocr_line' id='line_1_15' title="bbox 55 1658 2102 1744; baseline 0 -21"><span class='ocrx_word' id='word_1_83' title='bbox 55 1706 60 1733; x_wconf 82' lang='grc'>,</span> <span class='ocrx_word' id='word_1_84' title='bbox 167 1668 290 1724; x_wconf 81' lang='grc' dir='ltr'><strong><em>λῶν</em></strong></span> <span class='ocrx_word' id='word_1_85' title='bbox 339 1660 467 1744; x_wconf 87' lang='lat' dir='ltr'>(ed.</span> <span class='ocrx_word' id='word_1_86' title='bbox 506 1661 730 1738; x_wconf 85' lang='lat' dir='ltr'>Feder,</span> <span class='ocrx_word' id='word_1_87' title='bbox 781 1662 1139 1724; x_wconf 75' lang='lat' dir='ltr'><strong>Darmstadt</strong></span> <span class='ocrx_word' id='word_1_88' title='bbox 1188 1658 1595 1741; x_wconf 84' lang='lat'>1848—55),</span> <span class='ocrx_word' id='word_1_89' title='bbox 1658 1681 1812 1739; x_wconf 84' lang='lat' dir='ltr'>quae</span> <span class='ocrx_word' id='word_1_90' title='bbox 1849 1663 1880 1722; x_wconf 98' lang='grc' dir='ltr'>Ι</span> <span class='ocrx_word' id='word_1_91' title='bbox 1919 1667 2102 1741; x_wconf 72' lang='lat'>57,⁵7</span> 
     </span>
     <span class='ocr_line' id='line_1_16' title="bbox 56 1748 2103 1837; baseline 0.001 -20"><span class='ocrx_word' id='word_1_92' title='bbox 56 1748 57 1817; x_wconf 42' lang='lat' dir='ltr'>i</span> <span class='ocrx_word' id='word_1_93' title='bbox 169 1765 290 1833; x_wconf 84' lang='grc' dir='ltr'><strong><em>τοῖς</em></strong></span> <span class='ocrx_word' id='word_1_94' title='bbox 334 1763 514 1830; x_wconf 79' lang='grc' dir='ltr'><strong><em>θεοῖς</em></strong></span> <span class='ocrx_word' id='word_1_95' title='bbox 561 1761 625 1818; x_wconf 73' lang='lat' dir='ltr'>et</span> <span class='ocrx_word' id='word_1_96' title='bbox 667 1756 757 1817; x_wconf 89' lang='lat' dir='ltr'>IV</span> <span class='ocrx_word' id='word_1_97' title='bbox 797 1760 901 1835; x_wconf 81' lang='lat'>52,</span> <span class='ocrx_word' id='word_1_98' title='bbox 930 1761 972 1819; x_wconf 82' lang='lat'>4</span> <span class='ocrx_word' id='word_1_99' title='bbox 1009 1765 1371 1837; x_wconf 80' lang='grc' dir='ltr'><strong><em>καταντῆσαι</em></strong></span> <span class='ocrx_word' id='word_1_100' title='bbox 1404 1755 1505 1820; x_wconf 85' lang='grc' dir='ltr'>καὶ</span> <span class='ocrx_word' id='word_1_101' title='bbox 1541 1761 1829 1819; x_wconf 78' lang='lat' dir='ltr'>omittunt</span> <span class='ocrx_word' id='word_1_102' title='bbox 1864 1760 2103 1836; x_wconf 77' lang='lat' dir='ltr'>aliaque</span> 
     </span>
     <span class='ocr_line' id='line_1_17' title="bbox 173 1852 2106 1937; baseline -0.001 -20"><span class='ocrx_word' id='word_1_103' title='bbox 173 1861 416 1919; x_wconf 71' lang='lat' dir='ltr'>mutant</span> <span class='ocrx_word' id='word_1_104' title='bbox 452 1856 626 1917; x_wconf 76' lang='lat' dir='ltr'>velut</span> <span class='ocrx_word' id='word_1_105' title='bbox 661 1855 726 1914; x_wconf 95' lang='grc' dir='ltr'>ΙΙ</span> <span class='ocrx_word' id='word_1_106' title='bbox 757 1857 860 1933; x_wconf 84' lang='grc'>24,</span> <span class='ocrx_word' id='word_1_107' title='bbox 891 1856 929 1916; x_wconf 85' lang='lat'>5</span> <span class='ocrx_word' id='word_1_108' title='bbox 978 1855 1318 1937; x_wconf 82' lang='grc' dir='ltr'><strong><em>βαρβάρων,</em></strong></span> <span class='ocrx_word' id='word_1_109' title='bbox 1363 1856 1427 1916; x_wconf 95' lang='grc' dir='ltr'>Π</span> <span class='ocrx_word' id='word_1_110' title='bbox 1467 1859 1571 1935; x_wconf 87' lang='grc'>33,</span> <span class='ocrx_word' id='word_1_111' title='bbox 1603 1859 1640 1917; x_wconf 89' lang='lat'><strong>3</strong></span> <span class='ocrx_word' id='word_1_112' title='bbox 1682 1852 1974 1934; x_wconf 78' lang='grc' dir='ltr'><strong><em>ἐκβολαῖς,</em></strong></span> <span class='ocrx_word' id='word_1_113' title='bbox 2016 1857 2106 1915; x_wconf 90' lang='lat' dir='ltr'>IV</span> 
     </span>
     <span class='ocr_line' id='line_1_18' title="bbox 174 1950 2104 2033; baseline 0 -19"><span class='ocrx_word' id='word_1_114' title='bbox 174 1957 275 2030; x_wconf 88' lang='lat'>51,</span> <span class='ocrx_word' id='word_1_115' title='bbox 299 1956 336 2014; x_wconf 89' lang='grc'>6</span> <span class='ocrx_word' id='word_1_116' title='bbox 372 1950 654 2030; x_wconf 77' lang='grc' dir='ltr'><strong><em>ἐντυχεῖν,</em></strong></span> <span class='ocrx_word' id='word_1_117' title='bbox 681 1952 759 2012; x_wconf 85' lang='lat' dir='ltr'>ad</span> <span class='ocrx_word' id='word_1_118' title='bbox 787 1953 1108 2012; x_wconf 73' lang='lat' dir='ltr'>secundam</span> <span class='ocrx_word' id='word_1_119' title='bbox 1138 1955 1388 2015; x_wconf 84' lang='lat' dir='ltr'><strong>classem</strong></span> <span class='ocrx_word' id='word_1_120' title='bbox 1417 1973 1481 2015; x_wconf 80' lang='lat' dir='ltr'>se</span> <span class='ocrx_word' id='word_1_121' title='bbox 1511 1954 1832 2033; x_wconf 71' lang='lat' dir='ltr'>applicent,</span> <span class='ocrx_word' id='word_1_122' title='bbox 1876 1953 2104 2014; x_wconf 85' lang='lat' dir='ltr'>Theo-</span> 
     </span>
     <span class='ocr_line' id='line_1_19' title="bbox 171 2051 2104 2131; baseline 0.001 -20"><span class='ocrx_word' id='word_1_123' title='bbox 171 2053 569 2129; x_wconf 78' lang='lat' dir='ltr'>phylactus</span> <span class='ocrx_word' id='word_1_124' title='bbox 616 2051 839 2111; x_wconf 76' lang='lat' dir='ltr'>saeculi</span> <span class='ocrx_word' id='word_1_125' title='bbox 877 2052 1120 2130; x_wconf 77' lang='lat' dir='ltr'>septimi</span> <span class='ocrx_word' id='word_1_126' title='bbox 1172 2055 1428 2131; x_wconf 78' lang='lat' dir='ltr'>scriptor</span> <span class='ocrx_word' id='word_1_127' title='bbox 1464 2053 1741 2113; x_wconf 88' lang='lat' dir='ltr'>omnibus</span> <span class='ocrx_word' id='word_1_128' title='bbox 1786 2052 1913 2113; x_wconf 86' lang='lat' dir='ltr'>fere</span> <span class='ocrx_word' id='word_1_129' title='bbox 1959 2053 2104 2113; x_wconf 84' lang='lat' dir='ltr'>locis</span> 
     </span>
     <span class='ocr_line' id='line_1_20' title="bbox 56 2097 1146 2240; baseline 0.001 -32"><span class='ocrx_word' id='word_1_130' title='bbox 56 2097 59 2240; x_wconf 40' lang='lat' dir='ltr'>i</span> <span class='ocrx_word' id='word_1_131' title='bbox 173 2149 402 2209; x_wconf 83' lang='lat' dir='ltr'>criticis</span> <span class='ocrx_word' id='word_1_132' title='bbox 448 2166 584 2209; x_wconf 89' lang='lat' dir='ltr'>cum</span> <span class='ocrx_word' id='word_1_133' title='bbox 630 2148 829 2209; x_wconf 86' lang='lat' dir='ltr'>codice</span> <span class='ocrx_word' id='word_1_134' title='bbox 875 2149 929 2207; x_wconf 94' lang='lat' dir='ltr'><strong>D</strong></span> <span class='ocrx_word' id='word_1_135' title='bbox 974 2149 1146 2209; x_wconf 76' lang='lat' dir='ltr'>facit:</span> 
     </span>
    </p>
   </div>
   <div class='ocr_carea' id='block_1_6' title="bbox 56 2270 2103 2976">
    <p class='ocr_par' dir='ltr' id='par_1_7' title="bbox 56 2270 2103 2976">
     <span class='ocr_line' id='line_1_21' title="bbox 482 2270 2017 2352; baseline -0.001 -21"><span class='ocrx_word' id='word_1_136' title='bbox 482 2272 689 2331; x_wconf 83' lang='lat' dir='ltr'>classis</span> <span class='ocrx_word' id='word_1_137' title='bbox 726 2270 757 2329; x_wconf 98' lang='grc' dir='ltr'>Ι</span> <span class='ocrx_word' id='word_1_138' title='bbox 860 2299 863 2308; x_wconf 24' lang='grc' dir='ltr'><strong><em>κ</em></strong></span> <span class='ocrx_word' id='word_1_139' title='bbox 930 2272 1190 2348; x_wconf 85' lang='lat' dir='ltr'>Theoph.</span> <span class='ocrx_word' id='word_1_140' title='bbox 1224 2277 1280 2352; x_wconf 85' lang='lat'>7,</span> <span class='ocrx_word' id='word_1_141' title='bbox 1315 2277 1393 2336; x_wconf 81' lang='grc'>17</span> <span class='ocrx_word' id='word_1_142' title='bbox 1713 2272 1919 2332; x_wconf 83' lang='lat' dir='ltr'>classis</span> <span class='ocrx_word' id='word_1_143' title='bbox 1955 2273 2017 2331; x_wconf 92' lang='lat' dir='ltr'>II</span> 
     </span>
     <span class='ocr_line' id='line_1_22' title="bbox 612 2360 1235 2398; baseline 0.003 -15"><span class='ocrx_word' id='word_1_144' title='bbox 612 2360 1235 2398; x_wconf 37' lang='lat' dir='ltr'>h—q——a</span> 
     </span>
     <span class='ocr_line' id='line_1_23' title="bbox 56 2373 2051 2572; baseline -0.001 -99"><span class='ocrx_word' id='word_1_145' title='bbox 56 2373 59 2572; x_wconf 51' lang='grc' dir='ltr'><strong><em>Ρ</em></strong></span> <span class='ocrx_word' id='word_1_146' title='bbox 192 2414 223 2473; x_wconf 96' lang='grc' dir='ltr'>Ι</span> <span class='ocrx_word' id='word_1_147' title='bbox 254 2416 361 2491; x_wconf 88' lang='grc'>38,</span> <span class='ocrx_word' id='word_1_148' title='bbox 428 2416 465 2473; x_wconf 87' lang='lat'>5</span> <span class='ocrx_word' id='word_1_149' title='bbox 643 2411 882 2473; x_wconf 80' lang='grc' dir='ltr'><strong><em>δεῖσθαι</em></strong></span> <span class='ocrx_word' id='word_1_150' title='bbox 1656 2411 2051 2490; x_wconf 79' lang='grc' dir='ltr'><strong><em>προσδεῖσθαι</em></strong></span> 
     </span>
     <span class='ocr_line' id='line_1_24' title="bbox 257 2508 2103 2589; baseline -0.001 -16"><span class='ocrx_word' id='word_1_151' title='bbox 257 2514 364 2587; x_wconf 87' lang='grc'>39,</span> <span class='ocrx_word' id='word_1_152' title='bbox 389 2515 465 2571; x_wconf 94' lang='grc'>11</span> <span class='ocrx_word' id='word_1_153' title='bbox 644 2508 853 2589; x_wconf 81' lang='grc' dir='ltr'><strong><em>σχεδὸν</em></strong></span> <span class='ocrx_word' id='word_1_154' title='bbox 896 2517 1098 2570; x_wconf 78' lang='grc' dir='ltr'><strong><em>πᾶσαν</em></strong></span> <span class='ocrx_word' id='word_1_155' title='bbox 1655 2518 1855 2569; x_wconf 85' lang='grc' dir='ltr'><strong><em>πᾶσαν</em></strong></span> <span class='ocrx_word' id='word_1_156' title='bbox 1896 2508 2103 2588; x_wconf 79' lang='grc' dir='ltr'><strong><em>σχεδόν</em></strong></span> 
     </span>
     <span class='ocr_line' id='line_1_25' title="bbox 218 2604 1916 2684; baseline -0.001 -16"><span class='ocrx_word' id='word_1_157' title='bbox 218 2613 225 2618; x_wconf 87' lang='grc'><strong>’</strong></span> <span class='ocrx_word' id='word_1_158' title='bbox 258 2611 366 2684; x_wconf 84' lang='grc'>41,</span> <span class='ocrx_word' id='word_1_159' title='bbox 433 2613 465 2669; x_wconf 98' lang='grc'>1</span> <span class='ocrx_word' id='word_1_160' title='bbox 507 2606 858 2669; x_wconf 75' lang='grc' dir='ltr'><strong><em>τούναντίον</em></strong></span> <span class='ocrx_word' id='word_1_161' title='bbox 1118 2604 1397 2680; x_wconf 76' lang='grc' dir='ltr'><strong><em>ἐναντίως</em></strong></span> <span class='ocrx_word' id='word_1_162' title='bbox 1803 2626 1916 2668; x_wconf 89' lang='lat' dir='ltr'>om.</span> 
     </span>
     <span class='ocr_line' id='line_1_26' title="bbox 511 2701 1913 2786; baseline -0.001 -20"><span class='ocrx_word' id='word_1_163' title='bbox 511 2703 846 2786; x_wconf 72' lang='grc' dir='ltr'><strong><em>εὗφάνερον</em></strong></span> <span class='ocrx_word' id='word_1_164' title='bbox 1115 2705 1307 2782; x_wconf 79' lang='grc' dir='ltr'><strong><em>δῆλον</em></strong></span> <span class='ocrx_word' id='word_1_165' title='bbox 1658 2701 1913 2782; x_wconf 77' lang='grc' dir='ltr'><strong><em>εὔδηλον</em></strong></span> 
     </span>
     <span class='ocr_line' id='line_1_27' title="bbox 253 2800 1818 2882; baseline -0.001 -19"><span class='ocrx_word' id='word_1_166' title='bbox 253 2805 364 2878; x_wconf 86' lang='grc'>41,</span> <span class='ocrx_word' id='word_1_167' title='bbox 429 2806 467 2864; x_wconf 88' lang='grc'>8</span> <span class='ocrx_word' id='word_1_168' title='bbox 639 2800 842 2875; x_wconf 83' lang='grc' dir='ltr'><strong><em>τόποις</em></strong></span> <span class='ocrx_word' id='word_1_169' title='bbox 1658 2800 1818 2882; x_wconf 76' lang='grc' dir='ltr'><strong><em>ὅροις</em></strong></span> 
     </span>
     <span class='ocr_line' id='line_1_28' title="bbox 260 2897 1922 2976; baseline 0 -16"><span class='ocrx_word' id='word_1_170' title='bbox 260 2903 368 2976; x_wconf 89' lang='lat'>41,</span> <span class='ocrx_word' id='word_1_171' title='bbox 393 2904 476 2961; x_wconf 92' lang='lat'>10</span> <span class='ocrx_word' id='word_1_172' title='bbox 644 2898 745 2959; x_wconf 84' lang='grc' dir='ltr'>καὶ</span> <span class='ocrx_word' id='word_1_173' title='bbox 779 2905 1077 2973; x_wconf 81' lang='grc' dir='ltr'><strong><em>παντελῶς</em></strong></span> <span class='ocrx_word' id='word_1_174' title='bbox 1121 2897 1403 2971; x_wconf 82' lang='grc' dir='ltr'><strong><em>ἀσθενεῖς</em></strong></span> <span class='ocrx_word' id='word_1_175' title='bbox 1809 2918 1922 2960; x_wconf 90' lang='lat' dir='ltr'>om.</span> 
     </span>
    </p>
   </div>
   <div class='ocr_carea' id='block_1_7' title="bbox 56 3031 2102 3402">
    <p class='ocr_par' dir='ltr' id='par_1_8' title="bbox 56 2989 2102 3136">
     <span class='ocr_line' id='line_1_29' title="bbox 355 3031 2102 3110; baseline -0 -17.146"><span class='ocrx_word' id='word_1_176' title='bbox 355 3031 508 3093; x_wconf 84' lang='lat' dir='ltr'>Cum</span> <span class='ocrx_word' id='word_1_177' title='bbox 551 3031 743 3110; x_wconf 76' lang='lat' dir='ltr'>igitur</span> <span class='ocrx_word' id='word_1_178' title='bbox 786 3032 938 3094; x_wconf 86' lang='lat' dir='ltr'>illud</span> <span class='ocrx_word' id='word_1_179' title='bbox 984 3033 1252 3093; x_wconf 86' lang='lat' dir='ltr'>codicum</span> <span class='ocrx_word' id='word_1_180' title='bbox 1310 3032 1626 3093; x_wconf 81' lang='lat' dir='ltr'>discidium</span> <span class='ocrx_word' id='word_1_181' title='bbox 1683 3033 1917 3093; x_wconf 85' lang='lat' dir='ltr'>saeculo</span> <span class='ocrx_word' id='word_1_182' title='bbox 1966 3052 2102 3109; x_wconf 87' lang='lat' dir='ltr'>sep·</span> 
     </span>
    </p>

    <p class='ocr_par' dir='ltr' id='par_1_9' title="bbox 56 3129 2101 3402">
     <span class='ocr_line' id='line_1_30' title="bbox 56 3129 2100 3208; baseline -0.002 -16"><span class='ocrx_word' id='word_1_183' title='bbox 56 3147 57 3150; x_wconf 73' lang='grc'>’</span> <span class='ocrx_word' id='word_1_184' title='bbox 173 3133 325 3192; x_wconf 80' lang='lat' dir='ltr'>timo</span> <span class='ocrx_word' id='word_1_185' title='bbox 373 3129 678 3205; x_wconf 76' lang='lat' dir='ltr'>antiquius</span> <span class='ocrx_word' id='word_1_186' title='bbox 729 3129 834 3208; x_wconf 76' lang='lat' dir='ltr'>sit,</span> <span class='ocrx_word' id='word_1_187' title='bbox 891 3130 956 3188; x_wconf 88' lang='lat' dir='ltr'>in</span> <span class='ocrx_word' id='word_1_188' title='bbox 1010 3131 1096 3191; x_wconf 88' lang='lat' dir='ltr'>eis</span> <span class='ocrx_word' id='word_1_189' title='bbox 1141 3148 1295 3207; x_wconf 84' lang='lat' dir='ltr'>quae</span> <span class='ocrx_word' id='word_1_190' title='bbox 1340 3129 1699 3190; x_wconf 82' lang='lat' dir='ltr'>Eusebius</span> <span class='ocrx_word' id='word_1_191' title='bbox 1755 3147 1794 3188; x_wconf 82' lang='lat' dir='ltr'>a</span> <span class='ocrx_word' id='word_1_192' title='bbox 1837 3129 2100 3189; x_wconf 82' lang='lat' dir='ltr'>Diodoro</span> 
     </span>
     <span class='ocr_line' id='line_1_31' title="bbox 173 3226 2101 3305; baseline -0.004 -17"><span class='ocrx_word' id='word_1_193' title='bbox 173 3228 491 3288; x_wconf 79' lang='lat' dir='ltr'>mutuatus</span> <span class='ocrx_word' id='word_1_194' title='bbox 529 3229 622 3286; x_wconf 71' lang='lat' dir='ltr'>est</span> <span class='ocrx_word' id='word_1_195' title='bbox 648 3226 908 3305; x_wconf 78' lang='lat' dir='ltr'>vestigia</span> <span class='ocrx_word' id='word_1_196' title='bbox 935 3227 1252 3304; x_wconf 73' lang='lat' dir='ltr'>utriusque</span> <span class='ocrx_word' id='word_1_197' title='bbox 1289 3228 1496 3288; x_wconf 83' lang='lat' dir='ltr'>classis</span> <span class='ocrx_word' id='word_1_198' title='bbox 1525 3230 1895 3304; x_wconf 76' lang='lat' dir='ltr'>comparent3</span> <span class='ocrx_word' id='word_1_199' title='bbox 1932 3226 2101 3285; x_wconf 84' lang='lat' dir='ltr'>cuius</span> 
     </span>
     <span class='ocr_line' id='line_1_32' title="bbox 169 3324 1137 3402; baseline -0.001 -17"><span class='ocrx_word' id='word_1_200' title='bbox 169 3326 259 3387; x_wconf 86' lang='lat' dir='ltr'>rei</span> <span class='ocrx_word' id='word_1_201' title='bbox 308 3341 504 3402; x_wconf 81' lang='lat' dir='ltr'>pauca</span> <span class='ocrx_word' id='word_1_202' title='bbox 549 3324 796 3384; x_wconf 80' lang='lat' dir='ltr'>afferam</span> <span class='ocrx_word' id='word_1_203' title='bbox 841 3326 1137 3401; x_wconf 83' lang='lat' dir='ltr'>exempla:</span> 
     </span>
    </p>
   </div>
   <div class='ocr_carea' id='block_1_8' title="bbox 168 3481 604 3491">
    <p class='ocr_par' dir='ltr' id='par_1_10' title="bbox 168 3481 604 3491">
     <span class='ocr_line' id='line_1_33' title="bbox 168 3481 604 3491; baseline 0 570"><span class='ocrx_word' id='word_1_204' title='bbox 168 3481 604 3491; x_wconf 95' lang='lat' dir='ltr'> </span> 
     </span>
    </p>
   </div>
   <div class='ocr_carea' id='block_1_9' title="bbox 162 3571 2101 3787">
    <p class='ocr_par' dir='ltr' id='par_1_11' title="bbox 162 3571 2101 3787">
     <span class='ocr_line' id='line_1_34' title="bbox 313 3571 2101 3653; baseline -0.002 -19"><span class='ocrx_word' id='word_1_205' title='bbox 313 3581 372 3653; x_wconf 79' lang='grc'>*)</span> <span class='ocrx_word' id='word_1_206' title='bbox 413 3578 599 3634; x_wconf 84' lang='lat' dir='ltr'>Simili</span> <span class='ocrx_word' id='word_1_207' title='bbox 644 3597 829 3638; x_wconf 83' lang='lat' dir='ltr'>errore</span> <span class='ocrx_word' id='word_1_208' title='bbox 875 3582 1008 3652; x_wconf 81' lang='lat'>119,</span> <span class='ocrx_word' id='word_1_209' title='bbox 1036 3587 1070 3636; x_wconf 88' lang='grc'>8</span> <span class='ocrx_word' id='word_1_210' title='bbox 1106 3580 1169 3635; x_wconf 87' lang='lat' dir='ltr'>in</span> <span class='ocrx_word' id='word_1_211' title='bbox 1203 3580 1313 3636; x_wconf 84' lang='lat' dir='ltr'>DG</span> <span class='ocrx_word' id='word_1_212' title='bbox 1361 3578 1632 3649; x_wconf 75' lang='lat' dir='ltr'>scriptum</span> <span class='ocrx_word' id='word_1_213' title='bbox 1679 3578 1768 3631; x_wconf 71' lang='lat' dir='ltr'>est</span> <span class='ocrx_word' id='word_1_214' title='bbox 1812 3571 1954 3625; x_wconf 80' lang='grc' dir='ltr'><strong><em>δέκα</em></strong></span> <span class='ocrx_word' id='word_1_215' title='bbox 1998 3578 2101 3630; x_wconf 73' lang='lat' dir='ltr'>P10</span> 
     </span>
     <span class='ocr_line' id='line_1_35' title="bbox 162 3660 1782 3787; baseline -0.001 -66"><span class='ocrx_word' id='word_1_216' title='bbox 162 3664 318 3735; x_wconf 79' lang='grc' dir='ltr'><strong><em>τρεῖς</em></strong></span> <span class='ocrx_word' id='word_1_217' title='bbox 352 3660 392 3716; x_wconf 89' lang='lat' dir='ltr'>i.</span> <span class='ocrx_word' id='word_1_218' title='bbox 433 3675 467 3715; x_wconf 82' lang='lat' dir='ltr'>e</span> <span class='ocrx_word' id='word_1_219' title='bbox 508 3666 538 3713; x_wconf 90' lang='lat' dir='ltr'><strong><em>I</em></strong></span> <span class='ocrx_word' id='word_1_220' title='bbox 569 3678 670 3730; x_wconf 85' lang='lat' dir='ltr'>pro</span> <span class='ocrx_word' id='word_1_221' title='bbox 709 3665 774 3721; x_wconf 87' lang='grc' dir='ltr'>Γ.</span> <span class='ocrx_word' id='word_1_222' title='bbox 1700 3733 1782 3787; x_wconf 55' lang='lat' dir='ltr'>b*</span> 
     </span>
    </p>
   </div>
  </div>
 </body>
</html>
