2569 4061
0 85 2569 131 ἡ,

401 354 532 420 398
1071 350 1379 408 DIODORI
1418 351 1651 408 SICULI

403 513 466 583 δ’
520 518 725 583 αὐτὸν
769 517 1060 592 πολλοὺς
1110 511 1234 600 μὲν
1278 513 1391 580 καὶ
1436 515 1682 592 ἄλλους
1727 515 1894 579 κατὰ
1939 524 2160 597 πᾷσαν
2203 516 2334 599 τὴν

399 620 801 707 οἰκουμένην
835 625 995 699 τοὺς
1032 623 1398 698 δοκοῦντας
1434 619 1725 704 ἀσεβεῖν,
1765 619 2334 705 ἐπιφανεστάτους

405 725 478 794 δὲ
526 727 802 794 Πενθέα
845 726 958 793 καὶ
993 732 1415 813 Λυκοῦργον.
1488 734 1605 809 τῆς
1651 722 1725 790 δὲ
1770 726 1935 791 κατὰ
1977 726 2099 791 τὸν
2137 721 2334 792 οἶνον

396 835 718 921 εὑρέσεως
760 833 874 901 καὶ
920 836 1174 920 δωρεᾶς
1217 830 1696 918 κεχαρισμένης
1739 843 1882 910 τοῖς
1938 831 2332 919 ἀνθρώποις

393 941 552 1019 καθ’
619 943 1000 1028 ὑπερβολὴν
1065 942 1176 1007 διά
1237 964 1309 1006 τε
1372 942 1495 1024 τὴν
1556 940 1815 1023 ἡδονὴν
1877 941 2004 1023 τὴν
2068 939 2141 1005 έκ
2200 950 2327 1005 τοῦ
2358 957 2386 997 5

393 1059 604 1115 ποτοῦ
648 1048 760 1114 καὶ
807 1050 919 1114 διὰ
963 1049 1038 1113 τὸ
1085 1058 1226 1124 τοῖς
1273 1046 1576 1131 σώμασιν
1614 1044 2106 1130 εὐτονωτέρους
2150 1049 2329 1129 γίνε-

394 1163 559 1222 σθαι
584 1159 742 1232 τοὺς
767 1156 886 1220 τὸν
915 1149 1106 1218 οἶνον
1142 1156 1483 1235 πίνοντας,
1520 1152 1732 1238 φασὶν
1769 1151 1876 1218 ἐπὶ
1911 1154 1986 1217 τὸ
2027 1154 2325 1237 δεῖπνον,

394 1263 553 1328 ὅταν
599 1263 883 1345 ἄκρατος
928 1254 1114 1337 οἶνος
1159 1258 1568 1343 ἐπιδιδῶται,
1613 1259 2120 1346 προσεπιλέγειν
2165 1259 2326 1342 ἀγα-

390 1376 527 1433 θοῦ
587 1367 931 1450 δαίμονος·
997 1366 1158 1431 ὅταν
1219 1363 1294 1432 δὲ
1352 1368 1515 1451 μετὰ
1570 1368 1646 1431 τὸ
1713 1367 1991 1431 δεῖπνον
2048 1367 2325 1432 διδῶται

389 1471 791 1560 κεκραμένος
847 1472 1074 1556 ὕδατι,
1136 1476 1307 1551 Διὸς
1367 1480 1664 1557 σωτῆρος
1725 1472 2111 1557 ἐπιφωνεῖν.
2201 1475 2321 1539 τὸν
2355 1493 2413 1532 10

386 1581 515 1665 γὰρ
563 1576 754 1647 οἶνον
801 1582 1090 1666 ἄκρατον
1136 1577 1259 1665 μὲν
1296 1582 1661 1664 πινόμενον
1698 1581 2056 1664 μανιώδεις
2094 1579 2324 1645 διαθέ-

389 1703 527 1764 σεις
582 1687 950 1772 ἀποτελεῖν,
1004 1696 1127 1753 τοῦ
1183 1685 1244 1752 δ’
1302 1686 1429 1752 ἀπὸ
1476 1688 1643 1762 Διὸς
1699 1687 1959 1773 ὄμβρου
2015 1686 2324 1772 μιγέντος

386 1795 509 1877 τὴν
555 1791 679 1879 μὲν
722 1793 957 1882 τέρψιν
1001 1791 1111 1858 καὶ
1157 1793 1281 1876 τὴν
1325 1792 1583 1875 ἡδονὴν
1638 1790 1888 1876 μένειν,
1943 1794 2019 1857 τὸ
2078 1788 2151 1857 δὲ
2204 1802 2323 1876 τῆς

316 1922 348 1970 5
387 1903 627 1984 μανίας
654 1899 764 1966 καὶ
791 1900 1224 1986 παραλύσεως
1250 1898 1549 1981 βλάπτον
1580 1899 2054 1982 διορθοῦσθαι.
2108 1901 2316 1963 καθό-

386 2013 511 2074 λου
568 2004 643 2074 δὲ
698 2012 1163 2092 μυθολογοῦσι
1216 2017 1353 2071 τῶν
1397 2011 1583 2070 θεῶν
1628 2007 1939 2090 μεγίστης
1985 2005 2316 2089 ἀποδοχῆς
2350 2024 2408 2065 15

383 2117 742 2200 τυγχάνειν
814 2112 993 2201 παρ’·
1032 2114 1419 2199 ἀνθρώποις
1483 2116 1640 2189 τοὺς
1702 2124 1846 2190 ταῖς
1910 2114 2319 2198 εὐεργεσίαις

384 2220 969 2306 ὑπερβαλομένους
1041 2221 1205 2285 κατὰ
1277 2220 1401 2303 τὴν
1476 2218 1742 2304 εὕρεσιν
1814 2230 1950 2284 τῶν
2033 2220 2317 2303 ἀγαθῶν

383 2330 731 2394 Διόνυσόν
775 2351 846 2394 τε
892 2325 1004 2393 καὶ
1048 2329 1440 2414 Δήμητραν,
1486 2327 1607 2390 τὸν
1652 2322 1776 2410 μὲν
1820 2335 1943 2391 τοῦ
1989 2343 2316 2413 προσηνε-

383 2436 629 2500 στάτου
656 2443 885 2500 ’ποτοῦ
930 2436 1296 2517 γενόμενον
1344 2432 1642 2519 εὑρετήν,
1688 2433 1811 2516 τὴν
1850 2429 1923 2498 δὲ
1960 2442 2076 2517 τῆς
2113 2432 2316 2519 ξηρᾶς

381 2550 636 2626 τροφῆς
693 2541 816 2624 τὴν
873 2542 1231 2626 κρατίστην
1291 2541 1730 2625 παραδοῦσαν
1788 2546 1879 2626 τῷ
1941 2537 2121 2621 γένει
2177 2551 2315 2606 τῶν
2347 2560 2404 2599 20

382 2644 779 2731 ἀνθρώπων.

308 2753 352 2815 4
560 2755 1054 2832 Μυθολογοῦσι
1121 2749 1200 2815 δέ
1258 2774 1433 2827 τινες
1495 2749 1607 2816 καὶ
1670 2750 1899 2838 ἕτερον
1962 2756 2314 2820 Διόνυσον

377 2855 726 2940 γεγονέναι
785 2860 959 2922 πολὺ
1014 2867 1153 2934 τοῖς
1209 2860 1479 2944 χρόνοις
1531 2868 1988 2945 προτεροῦντα
2046 2862 2311 2942 τούτου.

379 2961 547 3049 φασὶ
575 2964 703 3049 γὰρ
735 2962 805 3028 ἐκ
832 2964 1002 3040 Διὸς
1028 2962 1139 3029 καὶ
1164 2967 1596 3051 Φερσεφόνης
1613 2967 1961 3030 Διόνυσον
1990 2965 2313 3048 γενέσθαι

377 3072 496 3136 τὸν
542 3070 673 3136 ὑπό
719 3093 924 3135 τινων
972 3071 1311 3154 Σαβάζιον
1359 3070 1873 3155 ὀνομαζόμενον,
1933 3067 2016 3137 οὗ
2061 3076 2185 3156 τήν
2234 3096 2309 3137 τε
2343 3109 2401 3149 25

376 3177 642 3260 γένεσιν
696 3175 824 3242 καὶ·
861 3177 977 3254 τὰς
1030 3180 1278 3254 θυσίας
1332 3175 1444 3242 καὶ
1496 3178 1687 3260 τιμὰς
1745 3180 2139 3264 νυκτερινὰς
2195 3178 2309 3244 καὶ

556 3407 587 3453 2
628 3400 903 3467 δόξαντας
938 3402 988 3454 D
1172 3409 1200 3456 7
1250 3400 1351 3456 τὸν
1398 3404 1632 3456 δεῖπνον
1669 3404 1749 3472 D,
1798 3406 1909 3459 τῶν
1956 3407 2206 3460 δείπνων
2247 3407 2313 3460 F

374 3473 406 3519 8
456 3465 778 3524 ἒπιδίδοται
821 3470 1251 3541 προσεπιλέγειν
1289 3472 1363 3539 D,
1427 3475 1651 3527 δίδοται
1698 3476 1872 3529 πᾶσιν
1920 3472 2203 3545 ἐπιλέγειν
2249 3477 2304 3529 II

374 3541 405 3585 9
456 3540 678 3592 δίδοται
716 3542 937 3595 codices
1121 3549 1184 3596 11
1225 3541 1332 3611 μὲν
1370 3546 1500 3597 ante
1538 3541 1646 3612 γὰρ
1685 3546 1838 3614 vulg.
2025 3553 2090 3600 17
2131 3544 2306 3614 ὑπερ-

373 3603 752 3670 βαλλομένους
788 3610 836 3660 D
1000 3617 1068 3665 25
1107 3631 1166 3665 τε
1210 3628 1317 3665 om.
1357 3612 1423 3665 D.
