2569 4061
0 155 21 578 '
855 366 954 424 DE
992 365 1483 425 amnomssos.
1948 366 2135 424 xxm

1 607 4 614 ,
192 537 353 596 dum
408 554 509 597 eas
562 535 1031 610 nancisceretur,
1090 535 1480 596 differendam
1532 554 1665 597 esse
1718 538 1982 613 putaret.
2076 537 2133 595 6.

194 634 644 712 supplementa
678 633 930 694 Diodori
974 652 1009 694 e
1042 631 1253 712 Floro,
1296 633 1582 711 Arriano,
1629 631 1855 695 Curtio.
1933 636 1991 694 7.
2029 632 2131 694 Se·

196 734 477 809 quuntur
522 730 955 792 adnotationes,

385 828 702 890 Laurentii
764 827 1211 889 Rhodomani
1274 827 1461 889 editio
1527 821 1866 908 (Hanoviae
1928 823 2131 909 1604)

188 927 498 1005 continet,
560 928 802 1002 praeter
855 925 1106 986 Diodori
1160 926 1352 987 libros
1406 926 1569 1003 ipsos
1622 924 1701 984 ad
1753 925 2004 986 verbum
2058 944 2133 985 ex

196 1023 500 1099 Stephani
524 1023 869 1085 recensione
902 1023 1212 1103 repetitos,
1245 1023 1810 1101 interpretationem
1833 1021 2131 1101 Latinam,

190 1120 433 1181 indices
479 1139 711 1197 rerum,
763 1118 1006 1180 tabulas
1053 1108 1536 1199 chronologicas,
1591 1119 1847 1196 denique
1894 1119 2133 1196 eclogas

195 1217 524 1297 quasdam,
580 1235 730 1295 quas
782 1216 1171 1278 Rhodomauo
1226 1218 1518 1279 miserant
1560 1217 1868 1279 Abraham
1913 1217 2133 1278 Drent·

193 1315 433 1376 wedius
477 1315 877 1392 Augustanus
924 1317 989 1374 et
1032 1314 1230 1375 David
1274 1316 1685 1377 Hoeschelius.

385 1413 603 1473 Petrus
639 1411 1173 1489 Wesselingius
1219 1412 1543 1474 editionem
1589 1432 1762 1475 suam
1800 1407 2134 1496 (Amaelo-

190 1510 370 1570 dami
419 1501 621 1591 1746)
676 1511 806 1568 tam
858 1508 1149 1569 uberibus
1209 1508 1489 1587 frugibus
1553 1512 1783 1589 ingenii
1837 1515 1901 1572 et
1956 1512 2133 1571 indu—

193 1608 393 1668 striae
437 1607 788 1683 complevit,
843 1609 916 1664 ut
967 1605 1106 1664 hinc
1158 1607 1471 1681 tamquam
1526 1624 1600 1665 ex
1652 1607 1869 1669 horreo
1924 1626 2131 1669 omnes

186 1704 486 1776 deinceps
534 1699 797 1760 editores
849 1701 1116 1776 plurima
1169 1701 1607 1775 depromerent.
1698 1703 1959 1765 Summis
2006 1706 2132 1765 lau·

188 1801 385 1860 dibus
433 1796 564 1855 eius
610 1795 946 1863 doctrinam
982 1796 1202 1856 extulit
1233 1795 1458 1856 Reiske
1492 1797 1558 1856 in
1592 1800 1962 1874 praefatione
2007 1802 2132 1862 ani-

191 1894 696 1956 madversionum
741 1912 1004 1967 suarum,
1050 1892 1315 1953 Dindorf
1350 1897 1661 1970 tamquam
1694 1894 1969 1956 invidens
2005 1899 2131 1959 eius
2544 1880 2550 1933 Ῑ

193 1993 441 2072 gloriae
496 1991 874 2053 obtrectavit.
971 1988 1406 2069 WesseIingius
1469 1993 1800 2055 multorum
1863 1994 2133 2057 codicum

190 2092 491 2152 lectiones
519 2090 793 2168 protulit,
833 2107 985 2169 quas
1022 2092 1130 2150 aut
1165 2090 1503 2152 hereditate
1540 2110 1579 2151 a
1605 2090 1933 2156 Camusato
1972 2112 2133 2155 acce-

197 2191 381 2265 perat
416 2191 524 2248 aut
557 2207 666 2264 per
709 2188 930 2249 amicos
967 2187 1339 2263 colligendas
1375 2193 1712 2268 curaverat,
1758 2193 1890 2251 tum
1928 2191 2133 2269 singu-

198 2286 324 2346 lari
367 2286 638 2346 doctrina
680 2304 777 2345 res
824 2285 1172 2361 explanavit
1217 2286 1282 2344 et
1325 2285 1512 2345 verba
1561 2287 1849 2363 exemplis
1886 2288 2130 2349 aliunde

197 2383 414 2460 petitis
478 2401 586 2442 seu
649 2383 906 2442 correxit
969 2400 1075 2442 seu
1131 2382 1570 2458 comprobavit,
1635 2381 1849 2443 deinde
1905 2383 2132 2446 indices

198 2480 639 2567 vocabulorum
690 2480 1024 2556 locupletes
1085 2478 1414 2555 congessit,
1465 2479 1733 2557 denique
1785 2479 2132 2558 fragmenta

199 2577 499 2637 librorum
559 2576 1009 2654 deperditorum
1063 2576 1224 2653 apud
1289 2575 1440 2636 alios
1495 2577 1820 2654 scriptores
1883 2578 2133 2639 investi-

199 2677 357 2752 gata
401 2675 651 2735 addidit.
740 2673 973 2743 Quibus
1021 2674 1073 2733 si
1116 2691 1215 2749 ea,
1273 2691 1429 2750 quae
1473 2678 1612 2750 post
1657 2674 2131 2753 Wesselingium

196 2773 284 2832 ad
338 2771 589 2831 Diodori
651 2771 1077 2832 bibliothecam
1137 2771 1485 2832 historicam
1545 2772 1854 2833 colendam
1918 2773 2132 2835 effecta

197 2870 375 2947 sunt,
422 2869 997 2946 comparaverimus,
1044 2869 1162 2929 erit
1207 2869 1368 2946 quod
1411 2886 1522 2928 nos
1566 2870 1984 2948 neglegentiae
2028 2887 2133 2931 no·

196 2970 373 3027 strae
416 2966 659 3043 pudeat.

1 3084 3 3171 s
385 3063 454 3123 L.
483 3055 765 3125 Wachler
798 3064 1123 3125 editionem
1159 3063 1413 3124 Diodori
1449 3057 1546 3122 ‘ex
1581 3066 1925 3126 recensione
1955 3064 2126 3127 Wes-

199 3154 448 3238 selingi'
505 3161 776 3223 instituit
820 3153 1076 3243 (Lemgo
1119 3152 1352 3243 1795),
1417 3160 1523 3221 sed
1574 3161 1835 3238 primum
1890 3166 2131 3223 tantum

196 3259 491 3318 volumen
535 3258 721 3319 libros
759 3259 965 3317 I—XI
1002 3259 1310 3319 continens
1345 3258 1614 3334 perfecit.
1680 3257 1871 3328 Quem
1906 3260 2131 3319 librum

197 3374 343 3416 cum
399 3355 630 3415 frustra
681 3355 747 3414 in
801 3355 1206 3433 compluribus
1271 3353 1650 3416 bibliothecis
1710 3353 2130 3432 quaesiverim,

197 3451 533 3513 diiudicare
578 3470 827 3530 nequeO,
871 3472 1019 3513 num
1056 3452 1413 3513 Eichstaedt
1456 3452 1587 3512 iure
1633 3454 1762 3511 tam
1807 3449 2020 3510 acerbe
2066 3447 2134 3503 in

129 3603 141 3616 .
196 3569 347 3612 eum
391 3549 662 3610 invectus
710 3535 807 3611 sit.

384 3637 782 3714 Bipontina
845 3638 1055 3717 editio,
1119 3656 1337 3699 excusa
1398 3638 1565 3706 inter,
1615 3648 1803 3691 anuos
1865 3628 2122 3685 1798-
