<?xml version="1.0" encoding="UTF-8"?>
<!DOCTYPE html PUBLIC "-//W3C//DTD XHTML 1.0 Transitional//EN"
    "http://www.w3.org/TR/xhtml1/DTD/xhtml1-transitional.dtd">
<html xmlns="http://www.w3.org/1999/xhtml" xml:lang="en" lang="en">
 <head>
  <title>
</title>
<meta http-equiv="Content-Type" content="text/html;charset=utf-8" />
  <meta name='ocr-system' content='tesseract 3.04.00' />
  <meta name='ocr-capabilities' content='ocr_page ocr_carea ocr_par ocr_line ocrx_word'/>
</head>
<body>
  <div class='ocr_page' id='page_1' title='image "./diodoribiblioth02dindgoog_0376.png"; bbox 0 0 2569 4061; ppageno 0'>
   <div class='ocr_carea' id='block_1_1' title="bbox 401 220 1646 290">
    <p class='ocr_par' dir='ltr' id='par_1_1' title="bbox 401 220 1646 290">
     <span class='ocr_line' id='line_1_1' title="bbox 401 220 1646 290; baseline -0.014 0"><span class='ocrx_word' id='word_1_1' title='bbox 401 225 532 290; x_wconf 83' lang='grc'><strong><em>276</em></strong></span> <span class='ocrx_word' id='word_1_2' title='bbox 1069 220 1375 277; x_wconf 83' lang='lat' dir='ltr'>DIODORI</span> <span class='ocrx_word' id='word_1_3' title='bbox 1412 220 1520 277; x_wconf 84' lang='lat' dir='ltr'><strong><em>SIC</em></strong></span> <span class='ocrx_word' id='word_1_4' title='bbox 1529 220 1646 276; x_wconf 88' lang='lat' dir='ltr'><strong><em>ULI</em></strong></span> 
     </span>
    </p>
   </div>
   <div class='ocr_carea' id='block_1_2' title="bbox 325 380 2436 3242">
    <p class='ocr_par' dir='ltr' id='par_1_2' title="bbox 395 380 2392 1110">
     <span class='ocr_line' id='line_1_2' title="bbox 398 380 2335 470; baseline -0.004 -15"><span class='ocrx_word' id='word_1_5' title='bbox 398 391 739 462; x_wconf 79' lang='grc' dir='ltr'><strong><em>οἰκοῦντες</em></strong></span> <span class='ocrx_word' id='word_1_6' title='bbox 803 394 948 462; x_wconf 82' lang='grc' dir='ltr'><strong><em>ταῖς</em></strong></span> <span class='ocrx_word' id='word_1_7' title='bbox 1010 380 1133 469; x_wconf 75' lang='grc' dir='ltr'><strong><em>μὲν</em></strong></span> <span class='ocrx_word' id='word_1_8' title='bbox 1195 386 1427 470; x_wconf 78' lang='grc' dir='ltr'><strong><em>χρόαις</em></strong></span> <span class='ocrx_word' id='word_1_9' title='bbox 1488 380 1620 449; x_wconf 81' lang='grc' dir='ltr'><strong><em>εἰσὶ</em></strong></span> <span class='ocrx_word' id='word_1_10' title='bbox 1682 381 1989 468; x_wconf 79' lang='grc' dir='ltr'><strong><em>μέλανες,</em></strong></span> <span class='ocrx_word' id='word_1_11' title='bbox 2053 392 2198 459; x_wconf 84' lang='grc' dir='ltr'><strong><em>ταῖς</em></strong></span> <span class='ocrx_word' id='word_1_12' title='bbox 2254 380 2335 448; x_wconf 73' lang='grc' dir='ltr'><strong><em>δὲ</em></strong></span> 
     </span>
     <span class='ocr_line' id='line_1_3' title="bbox 401 483 2336 576; baseline -0.003 -16"><span class='ocrx_word' id='word_1_13' title='bbox 401 494 608 569; x_wconf 80' lang='grc' dir='ltr'><strong><em>ἰδέαις</em></strong></span> <span class='ocrx_word' id='word_1_14' title='bbox 644 494 848 575; x_wconf 89' lang='grc' dir='ltr'><strong><em>σιμοί,</em></strong></span> <span class='ocrx_word' id='word_1_15' title='bbox 885 501 1027 567; x_wconf 82' lang='grc' dir='ltr'><strong><em>τοῖς</em></strong></span> <span class='ocrx_word' id='word_1_16' title='bbox 1064 486 1138 556; x_wconf 74' lang='grc' dir='ltr'><strong><em>δὲ</em></strong></span> <span class='ocrx_word' id='word_1_17' title='bbox 1164 490 1575 576; x_wconf 77' lang='grc' dir='ltr'><strong><em>τριχώμασιν</em></strong></span> <span class='ocrx_word' id='word_1_18' title='bbox 1611 483 1818 555; x_wconf 84' lang='grc' dir='ltr'><strong><em>οὖλοι.</em></strong></span> <span class='ocrx_word' id='word_1_19' title='bbox 1878 487 1990 555; x_wconf 88' lang='grc' dir='ltr'><strong><em>καὶ</em></strong></span> <span class='ocrx_word' id='word_1_20' title='bbox 2025 499 2170 565; x_wconf 76' lang='grc' dir='ltr'><strong><em>ταῖς</em></strong></span> <span class='ocrx_word' id='word_1_21' title='bbox 2206 485 2336 573; x_wconf 70' lang='grc' dir='ltr'><strong><em>μὲν</em></strong></span> 
     </span>
     <span class='ocr_line' id='line_1_4' title="bbox 396 594 2335 684; baseline 0 -22"><span class='ocrx_word' id='word_1_22' title='bbox 396 608 640 682; x_wconf 79' lang='grc' dir='ltr'><strong><em>ψυχαῖς</em></strong></span> <span class='ocrx_word' id='word_1_23' title='bbox 684 600 1025 674; x_wconf 80' lang='grc' dir='ltr'><strong><em>παντελῶς</em></strong></span> <span class='ocrx_word' id='word_1_24' title='bbox 1069 596 1490 682; x_wconf 78' lang='grc' dir='ltr'><strong><em>ὑπάρχουσιν</em></strong></span> <span class='ocrx_word' id='word_1_25' title='bbox 1537 597 1761 681; x_wconf 77' lang='grc' dir='ltr'><strong><em>ἄγριοι</em></strong></span> <span class='ocrx_word' id='word_1_26' title='bbox 1798 594 1909 662; x_wconf 88' lang='grc' dir='ltr'><strong><em>καὶ</em></strong></span> <span class='ocrx_word' id='word_1_27' title='bbox 1953 597 2029 660; x_wconf 90' lang='grc' dir='ltr'><strong><em>τὸ</em></strong></span> <span class='ocrx_word' id='word_1_28' title='bbox 2074 602 2335 684; x_wconf 88' lang='grc' dir='ltr'><strong><em>θηριῶ-</em></strong></span> 
     </span>
     <span class='ocr_line' id='line_1_5' title="bbox 396 699 2337 789; baseline -0.001 -19"><span class='ocrx_word' id='word_1_29' title='bbox 396 706 506 781; x_wconf 90' lang='grc' dir='ltr'><strong><em>δες</em></strong></span> <span class='ocrx_word' id='word_1_30' title='bbox 553 703 1014 789; x_wconf 83' lang='grc' dir='ltr'><strong><em>ἐμφαίνοντες,</em></strong></span> <span class='ocrx_word' id='word_1_31' title='bbox 1061 703 1183 788; x_wconf 85' lang='grc' dir='ltr'><strong><em>οὐχ</em></strong></span> <span class='ocrx_word' id='word_1_32' title='bbox 1230 702 1408 769; x_wconf 77' lang='grc' dir='ltr'><strong><em>οὕτω</em></strong></span> <span class='ocrx_word' id='word_1_33' title='bbox 1457 699 1531 768; x_wconf 74' lang='grc' dir='ltr'><strong><em>δὲ</em></strong></span> <span class='ocrx_word' id='word_1_34' title='bbox 1576 713 1718 780; x_wconf 81' lang='grc' dir='ltr'><strong><em>τοῖς</em></strong></span> <span class='ocrx_word' id='word_1_35' title='bbox 1761 709 2009 788; x_wconf 77' lang='grc' dir='ltr'><strong><em>θυμοῖς</em></strong></span> <span class='ocrx_word' id='word_1_36' title='bbox 2054 703 2145 781; x_wconf 80' lang='grc' dir='ltr'><strong><em>ὡς</em></strong></span> <span class='ocrx_word' id='word_1_37' title='bbox 2189 714 2337 781; x_wconf 78' lang='grc' dir='ltr'><strong><em>τοῖς</em></strong></span> 
     </span>
     <span class='ocr_line' id='line_1_6' title="bbox 395 807 2392 896; baseline -0.002 -19"><span class='ocrx_word' id='word_1_38' title='bbox 395 810 945 896; x_wconf 77' lang='grc' dir='ltr'><strong><em>ἐπιτηδεύμασιν·</em></strong></span> <span class='ocrx_word' id='word_1_39' title='bbox 1033 807 1366 895; x_wconf 81' lang='grc' dir='ltr'><strong><em>αὐχμηροὶ</em></strong></span> <span class='ocrx_word' id='word_1_40' title='bbox 1445 810 1574 894; x_wconf 79' lang='grc' dir='ltr'><strong><em>γὰρ</em></strong></span> <span class='ocrx_word' id='word_1_41' title='bbox 1657 811 1846 886; x_wconf 77' lang='grc' dir='ltr'><strong><em>ὄντες</em></strong></span> <span class='ocrx_word' id='word_1_42' title='bbox 1926 820 2068 886; x_wconf 81' lang='grc' dir='ltr'><strong><em>τοῖς</em></strong></span> <span class='ocrx_word' id='word_1_43' title='bbox 2147 810 2335 887; x_wconf 82' lang='grc' dir='ltr'><strong><em>ὅλοις</em></strong></span> <span class='ocrx_word' id='word_1_44' title='bbox 2363 827 2392 867; x_wconf 83' lang='grc'>5</span> 
     </span>
     <span class='ocr_line' id='line_1_7' title="bbox 396 913 2334 1004; baseline -0.002 -20"><span class='ocrx_word' id='word_1_45' title='bbox 396 919 653 1004; x_wconf 80' lang='grc' dir='ltr'><strong><em>σώμασι</em></strong></span> <span class='ocrx_word' id='word_1_46' title='bbox 717 920 876 994; x_wconf 86' lang='grc' dir='ltr'><strong><em>τοὺς</em></strong></span> <span class='ocrx_word' id='word_1_47' title='bbox 949 913 1071 1001; x_wconf 73' lang='grc' dir='ltr'><strong><em>μὲν</em></strong></span> <span class='ocrx_word' id='word_1_48' title='bbox 1134 917 1379 1000; x_wconf 78' lang='grc' dir='ltr'><strong><em>ὄνυχας</em></strong></span> <span class='ocrx_word' id='word_1_49' title='bbox 1440 913 1548 981; x_wconf 78' lang='grc' dir='ltr'><strong><em>ἐπὶ</em></strong></span> <span class='ocrx_word' id='word_1_50' title='bbox 1618 918 1795 981; x_wconf 81' lang='grc' dir='ltr'><strong><em>πολὺ</em></strong></span> <span class='ocrx_word' id='word_1_51' title='bbox 1866 914 2334 1002; x_wconf 79' lang='grc' dir='ltr'><strong><em>παρηγμένους</em></strong></span> 
     </span>
     <span class='ocr_line' id='line_1_8' title="bbox 398 1018 2334 1110; baseline -0.003 -19"><span class='ocrx_word' id='word_1_52' title='bbox 398 1027 628 1110; x_wconf 81' lang='grc' dir='ltr'><strong><em>ἔχουσι</em></strong></span> <span class='ocrx_word' id='word_1_53' title='bbox 662 1033 803 1100; x_wconf 77' lang='grc' dir='ltr'><strong><em>τοῖς</em></strong></span> <span class='ocrx_word' id='word_1_54' title='bbox 837 1025 1110 1108; x_wconf 80' lang='grc' dir='ltr'><strong><em>θηρίοις</em></strong></span> <span class='ocrx_word' id='word_1_55' title='bbox 1144 1025 1641 1108; x_wconf 81' lang='grc' dir='ltr'><strong><em>παραπλησίως,</em></strong></span> <span class='ocrx_word' id='word_1_56' title='bbox 1669 1032 1787 1105; x_wconf 82' lang='grc' dir='ltr'><strong><em>τῆς</em></strong></span> <span class='ocrx_word' id='word_1_57' title='bbox 1824 1018 1898 1088; x_wconf 73' lang='grc' dir='ltr'><strong><em>δὲ</em></strong></span> <span class='ocrx_word' id='word_1_58' title='bbox 1929 1022 2096 1109; x_wconf 89' lang='grc' dir='ltr'><strong><em>πρὸς</em></strong></span> <span class='ocrx_word' id='word_1_59' title='bbox 2132 1021 2334 1107; x_wconf 81' lang='grc' dir='ltr'><strong><em>ἀλλή-</em></strong></span> 
     </span>
    </p>

    <p class='ocr_par' dir='ltr' id='par_1_3' title="bbox 331 1127 2415 1535">
     <span class='ocr_line' id='line_1_9' title="bbox 331 1127 2335 1215; baseline -0.003 -15"><span class='ocrx_word' id='word_1_60' title='bbox 331 1152 364 1201; x_wconf 83' lang='grc'><strong>3</strong></span> <span class='ocrx_word' id='word_1_61' title='bbox 401 1136 564 1208; x_wconf 88' lang='grc' dir='ltr'><strong><em>λους</em></strong></span> <span class='ocrx_word' id='word_1_62' title='bbox 610 1132 1125 1215; x_wconf 80' lang='grc' dir='ltr'><strong><em>φιλανθρωπίας</em></strong></span> <span class='ocrx_word' id='word_1_63' title='bbox 1167 1134 1481 1195; x_wconf 84' lang='grc' dir='ltr'><strong><em>πλεῖστον</em></strong></span> <span class='ocrx_word' id='word_1_64' title='bbox 1528 1130 1692 1194; x_wconf 82' lang='grc' dir='ltr'><strong><em>ὅσον</em></strong></span> <span class='ocrx_word' id='word_1_65' title='bbox 1738 1128 2170 1213; x_wconf 85' lang='grc' dir='ltr'><strong><em>ἀφεστήκασι·</em></strong></span> <span class='ocrx_word' id='word_1_66' title='bbox 2216 1127 2335 1194; x_wconf 88' lang='grc' dir='ltr'><strong><em>καὶ</em></strong></span> 
     </span>
     <span class='ocr_line' id='line_1_10' title="bbox 399 1232 2336 1322; baseline -0.001 -20"><span class='ocrx_word' id='word_1_67' title='bbox 399 1238 525 1319; x_wconf 84' lang='grc' dir='ltr'><strong><em>τὴν</em></strong></span> <span class='ocrx_word' id='word_1_68' title='bbox 568 1232 692 1320; x_wconf 75' lang='grc' dir='ltr'><strong><em>μὲν</em></strong></span> <span class='ocrx_word' id='word_1_69' title='bbox 738 1237 981 1320; x_wconf 80' lang='grc' dir='ltr'><strong><em>φωνὴν</em></strong></span> <span class='ocrx_word' id='word_1_70' title='bbox 1026 1234 1249 1313; x_wconf 84' lang='grc' dir='ltr'><strong><em>ὀξεῖαν</em></strong></span> <span class='ocrx_word' id='word_1_71' title='bbox 1294 1236 1800 1322; x_wconf 77' lang='grc' dir='ltr'><strong><em>προβάλλοντες,</em></strong></span> <span class='ocrx_word' id='word_1_72' title='bbox 1848 1237 1994 1301; x_wconf 81' lang='grc' dir='ltr'><strong><em>τῶν</em></strong></span> <span class='ocrx_word' id='word_1_73' title='bbox 2033 1232 2108 1301; x_wconf 69' lang='grc' dir='ltr'><strong><em>δὲ</em></strong></span> <span class='ocrx_word' id='word_1_74' title='bbox 2152 1236 2336 1321; x_wconf 75' lang='grc' dir='ltr'><strong><em>παρὰ</em></strong></span> 
     </span>
     <span class='ocr_line' id='line_1_11' title="bbox 399 1339 2415 1428; baseline -0 -22"><span class='ocrx_word' id='word_1_75' title='bbox 399 1352 540 1418; x_wconf 85' lang='grc' dir='ltr'><strong><em>τοῖς</em></strong></span> <span class='ocrx_word' id='word_1_76' title='bbox 602 1341 829 1418; x_wconf 75' lang='grc' dir='ltr'><strong><em>ἄλλοις</em></strong></span> <span class='ocrx_word' id='word_1_77' title='bbox 891 1339 1466 1427; x_wconf 80' lang='grc' dir='ltr'><strong><em>ἐπιτηδευομένων</em></strong></span> <span class='ocrx_word' id='word_1_78' title='bbox 1523 1342 1618 1419; x_wconf 79' lang='grc' dir='ltr'><strong><em>εἰς</em></strong></span> <span class='ocrx_word' id='word_1_79' title='bbox 1669 1344 1823 1425; x_wconf 92' lang='grc' dir='ltr'><strong><em>βίον</em></strong></span> <span class='ocrx_word' id='word_1_80' title='bbox 1877 1341 2131 1428; x_wconf 74' lang='grc' dir='ltr'><strong><em>ἥμερον</em></strong></span> <span class='ocrx_word' id='word_1_81' title='bbox 2176 1339 2325 1407; x_wconf 84' lang='grc' dir='ltr'><strong><em>οὐδ’</em></strong></span> <span class='ocrx_word' id='word_1_82' title='bbox 2363 1358 2415 1399; x_wconf 84' lang='lat'><strong><em>10</em></strong></span> 
     </span>
     <span class='ocr_line' id='line_1_12' title="bbox 400 1442 2334 1535; baseline 0 -22"><span class='ocrx_word' id='word_1_83' title='bbox 400 1447 631 1513; x_wconf 88' lang='grc' dir='ltr'><strong><em>ὁτιοῦν</em></strong></span> <span class='ocrx_word' id='word_1_84' title='bbox 667 1449 951 1532; x_wconf 80' lang='grc' dir='ltr'><strong><em>ἔχοντες,</em></strong></span> <span class='ocrx_word' id='word_1_85' title='bbox 998 1449 1295 1533; x_wconf 77' lang='grc' dir='ltr'><strong><em>μεγάλην</em></strong></span> <span class='ocrx_word' id='word_1_86' title='bbox 1329 1457 1599 1514; x_wconf 85' lang='grc' dir='ltr'><strong><em>ποιοῦσι</em></strong></span> <span class='ocrx_word' id='word_1_87' title='bbox 1644 1449 1810 1535; x_wconf 90' lang='grc' dir='ltr'><strong><em>πρὸς</em></strong></span> <span class='ocrx_word' id='word_1_88' title='bbox 1844 1448 1925 1512; x_wconf 82' lang='grc' dir='ltr'><strong><em>τὰ</em></strong></span> <span class='ocrx_word' id='word_1_89' title='bbox 1969 1442 2128 1513; x_wconf 86' lang='grc' dir='ltr'><strong><em>καθ’</em></strong></span> <span class='ocrx_word' id='word_1_90' title='bbox 2160 1447 2334 1533; x_wconf 82' lang='grc' dir='ltr'><strong><em>ἡμᾶς</em></strong></span> 
     </span>
    </p>

    <p class='ocr_par' dir='ltr' id='par_1_4' title="bbox 325 1551 2436 2391">
     <span class='ocr_line' id='line_1_13' title="bbox 325 1551 2436 1641; baseline 0 -18"><span class='ocrx_word' id='word_1_91' title='bbox 325 1575 362 1623; x_wconf 85' lang='lat'>4</span> <span class='ocrx_word' id='word_1_92' title='bbox 396 1556 526 1638; x_wconf 80' lang='grc' dir='ltr'><strong><em>ἔθη</em></strong></span> <span class='ocrx_word' id='word_1_93' title='bbox 573 1555 696 1638; x_wconf 86' lang='grc' dir='ltr'><strong><em>τὴν</em></strong></span> <span class='ocrx_word' id='word_1_94' title='bbox 737 1555 1094 1641; x_wconf 86' lang='grc' dir='ltr'><strong><em>διαφοράν.</em></strong></span> <span class='ocrx_word' id='word_1_95' title='bbox 1163 1557 1685 1634; x_wconf 82' lang='grc' dir='ltr'><strong><em>καθοπλίζονται</em></strong></span> <span class='ocrx_word' id='word_1_96' title='bbox 1731 1552 1793 1618; x_wconf 85' lang='grc' dir='ltr'><strong><em>δ’</em></strong></span> <span class='ocrx_word' id='word_1_97' title='bbox 1829 1554 2051 1620; x_wconf 84' lang='grc' dir='ltr'><strong><em>αὐτῶν</em></strong></span> <span class='ocrx_word' id='word_1_98' title='bbox 2087 1555 2160 1620; x_wconf 73' lang='grc' dir='ltr'><strong><em>οἱ</em></strong></span> <span class='ocrx_word' id='word_1_99' title='bbox 2191 1551 2313 1639; x_wconf 68' lang='grc' dir='ltr'><strong><em>μὲν</em></strong></span> <span class='ocrx_word' id='word_1_100' title='bbox 2336 1573 2436 1623; x_wconf 80' lang='lat'><strong><em>179</em></strong></span> 
     </span>
     <span class='ocr_line' id='line_1_14' title="bbox 397 1657 2333 1747; baseline 0 -21"><span class='ocrx_word' id='word_1_101' title='bbox 397 1660 671 1728; x_wconf 84' lang='grc' dir='ltr'><strong><em>ἀσπίσιν</em></strong></span> <span class='ocrx_word' id='word_1_102' title='bbox 745 1661 1151 1746; x_wconf 81' lang='grc' dir='ltr'><strong><em>ὠμοβοΐναις</em></strong></span> <span class='ocrx_word' id='word_1_103' title='bbox 1218 1659 1331 1726; x_wconf 89' lang='grc' dir='ltr'><strong><em>καὶ</em></strong></span> <span class='ocrx_word' id='word_1_104' title='bbox 1405 1673 1668 1747; x_wconf 76' lang='grc' dir='ltr'><strong><em>μικροῖς</em></strong></span> <span class='ocrx_word' id='word_1_105' title='bbox 1737 1663 2053 1747; x_wconf 88' lang='grc' dir='ltr'><strong><em>δόρασιν,</em></strong></span> <span class='ocrx_word' id='word_1_106' title='bbox 2128 1662 2200 1727; x_wconf 75' lang='grc' dir='ltr'><strong><em>οἱ</em></strong></span> <span class='ocrx_word' id='word_1_107' title='bbox 2259 1657 2333 1726; x_wconf 73' lang='grc' dir='ltr'><strong><em>δὲ</em></strong></span> 
     </span>
     <span class='ocr_line' id='line_1_15' title="bbox 397 1764 2335 1851; baseline 0 -19"><span class='ocrx_word' id='word_1_108' title='bbox 397 1767 731 1845; x_wconf 83' lang='grc' dir='ltr'><strong><em>ἀκοντίοις</em></strong></span> <span class='ocrx_word' id='word_1_109' title='bbox 806 1768 1236 1851; x_wconf 85' lang='grc' dir='ltr'><strong><em>ἀναγκύλοις,</em></strong></span> <span class='ocrx_word' id='word_1_110' title='bbox 1315 1767 1530 1834; x_wconf 81' lang='grc' dir='ltr'><strong><em>ἐνίοτε</em></strong></span> <span class='ocrx_word' id='word_1_111' title='bbox 1605 1764 1679 1834; x_wconf 73' lang='grc' dir='ltr'><strong><em>δὲ</em></strong></span> <span class='ocrx_word' id='word_1_112' title='bbox 1754 1768 2045 1847; x_wconf 80' lang='grc' dir='ltr'><strong><em>ξυλίνοις</em></strong></span> <span class='ocrx_word' id='word_1_113' title='bbox 2113 1767 2335 1847; x_wconf 81' lang='grc' dir='ltr'><strong><em>τόξοις</em></strong></span> 
     </span>
     <span class='ocr_line' id='line_1_16' title="bbox 396 1867 2414 1962; baseline -0.001 -23"><span class='ocrx_word' id='word_1_114' title='bbox 396 1876 899 1961; x_wconf 86' lang='grc' dir='ltr'><strong><em>τετραπήχεσιν,</em></strong></span> <span class='ocrx_word' id='word_1_115' title='bbox 951 1867 1053 1951; x_wconf 85' lang='grc' dir='ltr'><strong><em>οἷς</em></strong></span> <span class='ocrx_word' id='word_1_116' title='bbox 1095 1874 1444 1954; x_wconf 80' lang='grc' dir='ltr'><strong><em>τοξεύουσι</em></strong></span> <span class='ocrx_word' id='word_1_117' title='bbox 1499 1870 1624 1958; x_wconf 71' lang='grc' dir='ltr'><strong><em>μὲν</em></strong></span> <span class='ocrx_word' id='word_1_118' title='bbox 1666 1882 1758 1962; x_wconf 77' lang='grc' dir='ltr'><strong><em>τῷ</em></strong></span> <span class='ocrx_word' id='word_1_119' title='bbox 1803 1873 1966 1940; x_wconf 89' lang='grc' dir='ltr'><strong><em>ποδὶ</em></strong></span> <span class='ocrx_word' id='word_1_120' title='bbox 2006 1875 2329 1959; x_wconf 88' lang='grc' dir='ltr'><strong><em>προσβαί-</em></strong></span> <span class='ocrx_word' id='word_1_121' title='bbox 2363 1888 2414 1930; x_wconf 85' lang='lat'><strong><em>15</em></strong></span> 
     </span>
     <span class='ocr_line' id='line_1_17' title="bbox 397 1977 2336 2066; baseline -0.001 -18"><span class='ocrx_word' id='word_1_122' title='bbox 397 2004 657 2066; x_wconf 90' lang='grc' dir='ltr'><strong><em>νοντες,</em></strong></span> <span class='ocrx_word' id='word_1_123' title='bbox 746 1978 1234 2048; x_wconf 83' lang='grc' dir='ltr'><strong><em>ἀναλωθέντων</em></strong></span> <span class='ocrx_word' id='word_1_124' title='bbox 1308 1977 1383 2048; x_wconf 75' lang='grc' dir='ltr'><strong><em>δὲ</em></strong></span> <span class='ocrx_word' id='word_1_125' title='bbox 1453 1992 1588 2049; x_wconf 87' lang='grc' dir='ltr'><strong><em>τῶν</em></strong></span> <span class='ocrx_word' id='word_1_126' title='bbox 1662 1983 1907 2049; x_wconf 79' lang='grc' dir='ltr'><strong><em>οἰστῶν</em></strong></span> <span class='ocrx_word' id='word_1_127' title='bbox 1980 1981 2336 2060; x_wconf 80' lang='grc' dir='ltr'><strong><em>σκυτάλαις</em></strong></span> 
     </span>
     <span class='ocr_line' id='line_1_18' title="bbox 399 2086 2336 2171; baseline -0.001 -16"><span class='ocrx_word' id='word_1_128' title='bbox 399 2089 698 2168; x_wconf 85' lang='grc' dir='ltr'><strong><em>ξυλίναις</em></strong></span> <span class='ocrx_word' id='word_1_129' title='bbox 757 2090 1278 2171; x_wconf 80' lang='grc' dir='ltr'><strong><em>διαγωνίζονται.</em></strong></span> <span class='ocrx_word' id='word_1_130' title='bbox 1374 2091 1860 2169; x_wconf 81' lang='grc' dir='ltr'><strong><em>καθοπλίζουσι</em></strong></span> <span class='ocrx_word' id='word_1_131' title='bbox 1917 2086 1992 2156; x_wconf 73' lang='grc' dir='ltr'><strong><em>δὲ</em></strong></span> <span class='ocrx_word' id='word_1_132' title='bbox 2049 2087 2161 2156; x_wconf 87' lang='grc' dir='ltr'><strong><em>καὶ</em></strong></span> <span class='ocrx_word' id='word_1_133' title='bbox 2217 2091 2336 2166; x_wconf 91' lang='grc' dir='ltr'><strong><em>τάς</em></strong></span> 
     </span>
     <span class='ocr_line' id='line_1_19' title="bbox 402 2191 2337 2282; baseline 0.001 -22"><span class='ocrx_word' id='word_1_134' title='bbox 402 2206 742 2279; x_wconf 78' lang='grc' dir='ltr'><strong><em>γυναῖκας,</em></strong></span> <span class='ocrx_word' id='word_1_135' title='bbox 790 2195 1126 2282; x_wconf 82' lang='grc' dir='ltr'><strong><em>ὁρίζοντες</em></strong></span> <span class='ocrx_word' id='word_1_136' title='bbox 1171 2196 1404 2274; x_wconf 80' lang='grc' dir='ltr'><strong><em>αὐταῖς</em></strong></span> <span class='ocrx_word' id='word_1_137' title='bbox 1446 2196 1854 2281; x_wconf 79' lang='grc' dir='ltr'><strong><em>τεταγμένην</em></strong></span> <span class='ocrx_word' id='word_1_138' title='bbox 1895 2196 2190 2279; x_wconf 84' lang='grc' dir='ltr'><strong><em>ἡλικίαν,</em></strong></span> <span class='ocrx_word' id='word_1_139' title='bbox 2238 2191 2337 2262; x_wconf 79' lang='grc' dir='ltr'><strong><em>ὧν</em></strong></span> 
     </span>
     <span class='ocr_line' id='line_1_20' title="bbox 399 2300 2336 2391; baseline 0.002 -25"><span class='ocrx_word' id='word_1_140' title='bbox 399 2312 543 2379; x_wconf 77' lang='grc' dir='ltr'><strong><em>ταῖς</em></strong></span> <span class='ocrx_word' id='word_1_141' title='bbox 588 2304 930 2380; x_wconf 89' lang='grc' dir='ltr'><strong><em>πλείσταις</em></strong></span> <span class='ocrx_word' id='word_1_142' title='bbox 976 2306 1264 2389; x_wconf 92' lang='grc' dir='ltr'><strong><em>νόμιμόν</em></strong></span> <span class='ocrx_word' id='word_1_143' title='bbox 1310 2303 1448 2369; x_wconf 78' lang='grc' dir='ltr'><strong><em>ἐστι</em></strong></span> <span class='ocrx_word' id='word_1_144' title='bbox 1485 2307 1777 2388; x_wconf 85' lang='grc' dir='ltr'><strong><em>χαλκοῦν</em></strong></span> <span class='ocrx_word' id='word_1_145' title='bbox 1821 2305 2055 2391; x_wconf 83' lang='grc' dir='ltr'><strong><em>κρίκον</em></strong></span> <span class='ocrx_word' id='word_1_146' title='bbox 2102 2300 2336 2390; x_wconf 79' lang='grc' dir='ltr'><strong><em>φέρειν</em></strong></span> 
     </span>
    </p>

    <p class='ocr_par' dir='ltr' id='par_1_5' title="bbox 330 2407 2417 3242">
     <span class='ocr_line' id='line_1_21' title="bbox 330 2407 2417 2496; baseline -0 -19"><span class='ocrx_word' id='word_1_147' title='bbox 330 2430 364 2477; x_wconf 78' lang='lat'><strong>5</strong></span> <span class='ocrx_word' id='word_1_148' title='bbox 402 2408 476 2473; x_wconf 86' lang='grc' dir='ltr'><strong><em>ἐν</em></strong></span> <span class='ocrx_word' id='word_1_149' title='bbox 533 2416 625 2496; x_wconf 77' lang='grc' dir='ltr'><strong><em>τῷ</em></strong></span> <span class='ocrx_word' id='word_1_150' title='bbox 686 2412 889 2493; x_wconf 90' lang='grc' dir='ltr'><strong><em>χείλει</em></strong></span> <span class='ocrx_word' id='word_1_151' title='bbox 949 2418 1072 2475; x_wconf 91' lang='grc' dir='ltr'><strong><em>τοῦ</em></strong></span> <span class='ocrx_word' id='word_1_152' title='bbox 1129 2412 1469 2493; x_wconf 88' lang='grc' dir='ltr'><strong><em>στόματος.</em></strong></span> <span class='ocrx_word' id='word_1_153' title='bbox 1562 2409 1797 2493; x_wconf 81' lang='grc' dir='ltr'><strong><em>ἐσθῆτι</em></strong></span> <span class='ocrx_word' id='word_1_154' title='bbox 1853 2408 1932 2476; x_wconf 83' lang='grc' dir='ltr'><strong><em>δέ</em></strong></span> <span class='ocrx_word' id='word_1_155' title='bbox 1978 2433 2157 2487; x_wconf 88' lang='grc' dir='ltr'><strong><em>τινες</em></strong></span> <span class='ocrx_word' id='word_1_156' title='bbox 2212 2407 2337 2496; x_wconf 74' lang='grc' dir='ltr'><strong><em>μὲν</em></strong></span> <span class='ocrx_word' id='word_1_157' title='bbox 2364 2422 2417 2463; x_wconf 78' lang='lat'><strong><em>2⁰</em></strong></span> 
     </span>
     <span class='ocr_line' id='line_1_22' title="bbox 402 2510 2329 2602; baseline 0.003 -26"><span class='ocrx_word' id='word_1_158' title='bbox 402 2514 623 2577; x_wconf 86' lang='grc' dir='ltr'><strong><em>αὐτῶν</em></strong></span> <span class='ocrx_word' id='word_1_159' title='bbox 665 2513 895 2591; x_wconf 82' lang='grc' dir='ltr'><strong><em>ἁπλῶς</em></strong></span> <span class='ocrx_word' id='word_1_160' title='bbox 932 2515 1016 2579; x_wconf 85' lang='grc' dir='ltr'><strong><em>οὐ</em></strong></span> <span class='ocrx_word' id='word_1_161' title='bbox 1051 2526 1360 2600; x_wconf 88' lang='grc' dir='ltr'><strong><em>χρῶνται,</em></strong></span> <span class='ocrx_word' id='word_1_162' title='bbox 1411 2524 1711 2601; x_wconf 81' lang='grc' dir='ltr'><strong><em>γυμνῆτα</em></strong></span> <span class='ocrx_word' id='word_1_163' title='bbox 1753 2519 1908 2600; x_wconf 92' lang='grc' dir='ltr'><strong><em>βίον</em></strong></span> <span class='ocrx_word' id='word_1_164' title='bbox 1942 2518 2205 2602; x_wconf 80' lang='grc' dir='ltr'><strong><em>ἔχοντες</em></strong></span> <span class='ocrx_word' id='word_1_165' title='bbox 2240 2510 2329 2582; x_wconf 86' lang='grc' dir='ltr'><strong><em>δι’</em></strong></span> 
     </span>
     <span class='ocr_line' id='line_1_23' title="bbox 403 2617 2336 2710; baseline 0.004 -28"><span class='ocrx_word' id='word_1_166' title='bbox 403 2619 648 2695; x_wconf 87' lang='grc' dir='ltr'><strong><em>αἰῶνος</em></strong></span> <span class='ocrx_word' id='word_1_167' title='bbox 684 2617 797 2684; x_wconf 85' lang='grc' dir='ltr'><strong><em>καὶ</em></strong></span> <span class='ocrx_word' id='word_1_168' title='bbox 847 2621 1013 2705; x_wconf 91' lang='grc' dir='ltr'><strong><em>πρὸς</em></strong></span> <span class='ocrx_word' id='word_1_169' title='bbox 1049 2623 1220 2705; x_wconf 89' lang='grc' dir='ltr'><strong><em>μόνα</em></strong></span> <span class='ocrx_word' id='word_1_170' title='bbox 1260 2623 1342 2686; x_wconf 86' lang='grc' dir='ltr'><strong><em>τά</em></strong></span> <span class='ocrx_word' id='word_1_171' title='bbox 1377 2623 1679 2708; x_wconf 89' lang='grc' dir='ltr'><strong><em>καύματα</em></strong></span> <span class='ocrx_word' id='word_1_172' title='bbox 1723 2626 2143 2710; x_wconf 84' lang='grc' dir='ltr'><strong><em>ποριζόμενοι</em></strong></span> <span class='ocrx_word' id='word_1_173' title='bbox 2178 2625 2336 2708; x_wconf 89' lang='grc' dir='ltr'><strong><em>βοή-</em></strong></span> 
     </span>
     <span class='ocr_line' id='line_1_24' title="bbox 401 2724 2335 2813; baseline 0.003 -23"><span class='ocrx_word' id='word_1_174' title='bbox 401 2731 603 2790; x_wconf 88' lang='grc' dir='ltr'><strong><em>θειαν</em></strong></span> <span class='ocrx_word' id='word_1_175' title='bbox 641 2724 1023 2810; x_wconf 87' lang='grc' dir='ltr'><strong><em>αὐτουργὸν</em></strong></span> <span class='ocrx_word' id='word_1_176' title='bbox 1059 2726 1132 2793; x_wconf 86' lang='grc' dir='ltr'><strong><em>ἐκ</em></strong></span> <span class='ocrx_word' id='word_1_177' title='bbox 1156 2737 1278 2794; x_wconf 89' lang='grc' dir='ltr'><strong><em>τοῦ</em></strong></span> <span class='ocrx_word' id='word_1_178' title='bbox 1317 2732 1842 2813; x_wconf 89' lang='grc' dir='ltr'><strong><em>παραπεσόντος·</em></strong></span> <span class='ocrx_word' id='word_1_179' title='bbox 1878 2725 2054 2807; x_wconf 76' lang='grc' dir='ltr'><strong><em>τινὲς</em></strong></span> <span class='ocrx_word' id='word_1_180' title='bbox 2092 2726 2166 2794; x_wconf 74' lang='grc' dir='ltr'><strong><em>δὲ</em></strong></span> <span class='ocrx_word' id='word_1_181' title='bbox 2201 2739 2335 2796; x_wconf 91' lang='grc' dir='ltr'><strong><em>τῶν</em></strong></span> 
     </span>
     <span class='ocr_line' id='line_1_25' title="bbox 401 2831 2336 2919; baseline 0.002 -22"><span class='ocrx_word' id='word_1_182' title='bbox 401 2831 763 2915; x_wconf 87' lang='grc' dir='ltr'><strong><em>προβάτων</em></strong></span> <span class='ocrx_word' id='word_1_183' title='bbox 806 2833 927 2910; x_wconf 80' lang='grc' dir='ltr'><strong><em>τὰς</em></strong></span> <span class='ocrx_word' id='word_1_184' title='bbox 974 2833 1179 2919; x_wconf 84' lang='grc' dir='ltr'><strong><em>οὐράς</em></strong></span> <span class='ocrx_word' id='word_1_185' title='bbox 1225 2834 1711 2914; x_wconf 90' lang='grc' dir='ltr'><strong><em>ἀποκόπτοντες</em></strong></span> <span class='ocrx_word' id='word_1_186' title='bbox 1755 2835 1827 2902; x_wconf 84' lang='grc' dir='ltr'><strong><em>ἐκ</em></strong></span> <span class='ocrx_word' id='word_1_187' title='bbox 1870 2846 2006 2902; x_wconf 91' lang='grc' dir='ltr'><strong><em>τῶν</em></strong></span> <span class='ocrx_word' id='word_1_188' title='bbox 2052 2838 2336 2902; x_wconf 75' lang='grc' dir='ltr'><strong><em>ὄπισθεν</em></strong></span> 
     </span>
     <span class='ocr_line' id='line_1_26' title="bbox 402 2940 2415 3031; baseline 0.001 -24"><span class='ocrx_word' id='word_1_189' title='bbox 402 2940 813 3007; x_wconf 85' lang='grc' dir='ltr'><strong><em>καλύπτουσι</em></strong></span> <span class='ocrx_word' id='word_1_190' title='bbox 883 2941 996 3005; x_wconf 87' lang='grc' dir='ltr'><strong><em>διά</em></strong></span> <span class='ocrx_word' id='word_1_191' title='bbox 1058 2942 1320 3008; x_wconf 89' lang='grc' dir='ltr'><strong><em>τούτων</em></strong></span> <span class='ocrx_word' id='word_1_192' title='bbox 1380 2944 1463 3007; x_wconf 82' lang='grc' dir='ltr'><strong><em>τὰ</em></strong></span> <span class='ocrx_word' id='word_1_193' title='bbox 1530 2945 1708 3029; x_wconf 79' lang='grc' dir='ltr'><strong><em>ἰσχία</em></strong></span> <span class='ocrx_word' id='word_1_194' title='bbox 1719 2992 1738 3026; x_wconf 91' lang='grc'><strong><em>,</em></strong></span> <span class='ocrx_word' id='word_1_195' title='bbox 1805 2943 2108 3031; x_wconf 87' lang='grc' dir='ltr'><strong><em>καθάπερ</em></strong></span> <span class='ocrx_word' id='word_1_196' title='bbox 2168 2944 2334 3009; x_wconf 83' lang='grc' dir='ltr'><strong><em>αἰδῶ</em></strong></span> <span class='ocrx_word' id='word_1_197' title='bbox 2364 2955 2415 2996; x_wconf 83' lang='lat'><strong><em>25</em></strong></span> 
     </span>
     <span class='ocr_line' id='line_1_27' title="bbox 403 3046 2335 3137; baseline 0.001 -23"><span class='ocrx_word' id='word_1_198' title='bbox 403 3049 654 3134; x_wconf 89' lang='grc' dir='ltr'><strong><em>ταύτην</em></strong></span> <span class='ocrx_word' id='word_1_199' title='bbox 684 3050 1247 3135; x_wconf 86' lang='grc' dir='ltr'><strong><em>προβαλλόμενοι·</em></strong></span> <span class='ocrx_word' id='word_1_200' title='bbox 1284 3051 1454 3116; x_wconf 80' lang='grc' dir='ltr'><strong><em>ἔνιοι</em></strong></span> <span class='ocrx_word' id='word_1_201' title='bbox 1492 3046 1566 3116; x_wconf 74' lang='grc' dir='ltr'><strong><em>δὲ</em></strong></span> <span class='ocrx_word' id='word_1_202' title='bbox 1601 3061 1890 3136; x_wconf 87' lang='grc' dir='ltr'><strong><em>χρῶνται</em></strong></span> <span class='ocrx_word' id='word_1_203' title='bbox 1923 3061 2070 3128; x_wconf 79' lang='grc' dir='ltr'><strong><em>ταῖς</em></strong></span> <span class='ocrx_word' id='word_1_204' title='bbox 2106 3052 2335 3137; x_wconf 78' lang='grc' dir='ltr'><strong><em>δοραῖς</em></strong></span> 
     </span>
     <span class='ocr_line' id='line_1_28' title="bbox 407 3153 2333 3242; baseline 0 -21"><span class='ocrx_word' id='word_1_205' title='bbox 407 3165 543 3221; x_wconf 87' lang='grc' dir='ltr'><strong><em>τῶν</em></strong></span> <span class='ocrx_word' id='word_1_206' title='bbox 587 3164 874 3238; x_wconf 79' lang='grc' dir='ltr'><strong><em>κτηνῶν,</em></strong></span> <span class='ocrx_word' id='word_1_207' title='bbox 922 3153 1050 3220; x_wconf 81' lang='grc' dir='ltr'><strong><em>εἰσὶ</em></strong></span> <span class='ocrx_word' id='word_1_208' title='bbox 1099 3154 1158 3221; x_wconf 84' lang='grc' dir='ltr'><strong><em>δ’</em></strong></span> <span class='ocrx_word' id='word_1_209' title='bbox 1215 3158 1287 3222; x_wconf 81' lang='grc' dir='ltr'><strong><em>οἳ</em></strong></span> <span class='ocrx_word' id='word_1_210' title='bbox 1326 3157 1727 3241; x_wconf 82' lang='grc' dir='ltr'><strong><em>περιζώμασι</em></strong></span> <span class='ocrx_word' id='word_1_211' title='bbox 1773 3156 1962 3242; x_wconf 79' lang='grc' dir='ltr'><strong><em>μέχρι</em></strong></span> <span class='ocrx_word' id='word_1_212' title='bbox 2008 3156 2215 3241; x_wconf 79' lang='grc' dir='ltr'><strong><em>μέσου</em></strong></span> <span class='ocrx_word' id='word_1_213' title='bbox 2258 3158 2333 3221; x_wconf 89' lang='grc' dir='ltr'><strong><em>τὸ</em></strong></span> 
     </span>
    </p>
   </div>
   <div class='ocr_carea' id='block_1_3' title="bbox 377 3411 2335 3558">
    <p class='ocr_par' dir='ltr' id='par_1_6' title="bbox 377 3411 2335 3558">
     <span class='ocr_line' id='line_1_29' title="bbox 377 3411 2335 3487; baseline 0.002 -19"><span class='ocrx_word' id='word_1_214' title='bbox 377 3463 382 3468; x_wconf 94' lang='grc'><em>.</em></span> <span class='ocrx_word' id='word_1_215' title='bbox 553 3422 621 3469; x_wconf 81' lang='lat'><strong><em>14</em></strong></span> <span class='ocrx_word' id='word_1_216' title='bbox 659 3411 868 3487; x_wconf 72' lang='grc' dir='ltr'><strong><em>ἐνίοτε]</em></strong></span> <span class='ocrx_word' id='word_1_217' title='bbox 908 3415 1052 3472; x_wconf 79' lang='grc' dir='ltr'><strong><em>ἔνιοι</em></strong></span> <span class='ocrx_word' id='word_1_218' title='bbox 1089 3416 1255 3473; x_wconf 84' lang='lat' dir='ltr'><strong>Dind.</strong></span> <span class='ocrx_word' id='word_1_219' title='bbox 1362 3424 1426 3471; x_wconf 78' lang='lat'><strong><em>17</em></strong></span> <span class='ocrx_word' id='word_1_220' title='bbox 1465 3418 1713 3484; x_wconf 79' lang='grc' dir='ltr'><strong><em>ξυλίνοις</em></strong></span> <span class='ocrx_word' id='word_1_221' title='bbox 1748 3418 1799 3472; x_wconf 93' lang='lat' dir='ltr'><em>D</em></span> <span class='ocrx_word' id='word_1_222' title='bbox 1909 3425 1976 3473; x_wconf 84' lang='lat'><strong><em>21</em></strong></span> <span class='ocrx_word' id='word_1_223' title='bbox 2018 3417 2099 3474; x_wconf 89' lang='grc' dir='ltr'><strong><em>δι’</em></strong></span> <span class='ocrx_word' id='word_1_224' title='bbox 2130 3417 2335 3482; x_wconf 82' lang='grc' dir='ltr'><strong><em>αἰῶνος</em></strong></span> 
     </span>
     <span class='ocr_line' id='line_1_30' title="bbox 408 3481 1825 3558; baseline 0.007 -24"><span class='ocrx_word' id='word_1_225' title='bbox 408 3481 631 3548; x_wconf 76' lang='grc' dir='ltr'><strong><em>ἔχοντες</em></strong></span> <span class='ocrx_word' id='word_1_226' title='bbox 676 3485 830 3554; x_wconf 80' lang='lat' dir='ltr'><strong>vulg.</strong></span> <span class='ocrx_word' id='word_1_227' title='bbox 978 3493 1047 3543; x_wconf 77' lang='lat'><strong><em>2⁷</em></strong></span> <span class='ocrx_word' id='word_1_228' title='bbox 1085 3486 1258 3558; x_wconf 80' lang='grc' dir='ltr'><strong><em>μέσον</em></strong></span> <span class='ocrx_word' id='word_1_229' title='bbox 1296 3487 1445 3556; x_wconf 83' lang='lat' dir='ltr'>libri,</span> <span class='ocrx_word' id='word_1_230' title='bbox 1484 3505 1620 3544; x_wconf 80' lang='lat' dir='ltr'>corr.</span> <span class='ocrx_word' id='word_1_231' title='bbox 1660 3489 1825 3544; x_wconf 84' lang='lat' dir='ltr'><strong>Dind.</strong></span> 
     </span>
    </p>
   </div>
  </div>
 </body>
</html>
