2569 4061
414 283 548 348 472
1083 279 1391 336 DIODORI
1427 277 1663 335 SICULI

416 444 901 531 συμβουλεύειν
956 437 1084 509 οὖν
1138 441 1396 524 αὐτοῖς,
1454 440 1613 506 ὅταν
1667 449 1783 525 τῆς
1839 452 1959 526 γῆς
2016 442 2359 524 ἅψωνται,

414 553 529 628 τὰς
572 549 770 634 εὐχὰς
815 548 1189 615 ἀποδοῦναι
1233 559 1375 625 τοῖς
1418 553 1637 629 θεοῖς,
1686 541 1774 612 δι’
1828 546 1946 624 οὓς
1998 548 2357 630 τετεύχασι

307 659 392 723 49
414 654 518 733 δὶς
581 656 710 740 ἤδη
766 664 882 740 τῆς
946 657 1288 740 σωτηρίας.
1380 656 1602 719 ἔπειτα
1664 656 1785 718 τὸν
1847 651 1970 738 μὲν
2033 657 2355 719 Γλαῦκον

415 764 615 829 δῦναι
669 763 872 828 πάλιν
925 763 1021 838 εἰς
1073 762 1149 826 τὸ
1203 747 1519 844 πέλαγος,
1575 762 1732 836 τοὺς
1788 758 1849 825 δ’
1896 758 2353 846 Ἀργοναύτας

412 869 578 936 κατὰ
633 872 843 955 στόμα
899 880 1021 935 τοῦ
1078 871 1351 933 Πόντου
1416 865 1821 952 γενομένους
1881 871 2347 952 προσπλεῦσαι
2382 886 2412 928 5

415 985 495 1062 τῇ
541 985 649 1063 γῇ,
695 975 1168 1061 βασιλεύοντος
1212 977 1359 1039 τότε
1395 981 1513 1057 τῆς
1557 974 1774 1060 χώρας
1810 974 2161 1055 Βύζαντος,
2207 968 2337 1057 ἀφ’

343 1103 375 1152 2
417 1078 501 1149 οὗ
546 1081 658 1148 καὶ
700 1083 823 1165 τὴν
867 1083 1065 1147 πόλιν
1110 1090 1244 1146 τῶν
1290 1084 1676 1159 Βυζαντίων
1734 1065 2139 1165 ὠνομάσθαι.
2234 1078 2345 1143 ἐν·

414 1196 636 1255 ταῦθα
681 1184 755 1253 δὲ
798 1188 1066 1271 βωμοὺς
1114 1185 1603 1272 ἰδρυσαμένους
1647 1185 1758 1252 καὶ
1802 1198 1943 1264 τοῖς
1987 1192 2175 1262 θεοῖς
2218 1187 2345 1263 τὰς

414 1294 610 1377 εὐχὰς
654 1292 1026 1369 ἀποδόντας
1070 1297 1479 1379 καθιερῶσαι
1525 1296 1643 1358 τὸν
1687 1296 1893 1358 τόπον
1937 1295 2056 1358 τὸν
2092 1293 2188 1357 ἔτι
2223 1289 2346 1357 καὶ
2537 1365 2538 1368 ¹

343 1419 376 1469 3
412 1407 542 1463 νῦν
595 1397 970 1483 τιμώμενον
1026 1397 1159 1464 ὑπὸ
1219 1409 1356 1465 τῶν
1418 1401 1952 1486 παραπλεόντων.
2043 1399 2204 1482 μετὰ
2263 1394 2342 1463 δὲ
2374 1421 2432 1461 10
2537 1379 2538 1424 ⁷

412 1512 616 1569 ταῦτα
663 1502 1097 1589 ἀναχθέντας,
1143 1503 1254 1571 καὶ
1302 1506 1827 1583 διαπλεύσαντας
1869 1506 1992 1587 τήν
2036 1527 2106 1569 τε
2156 1508 2340 1590 Προ-

411 1613 695 1676 ποντίδα
757 1609 869 1677 καὶ
926 1613 1045 1676 τὸν
1091 1609 1610 1698 Ἑλλήσποντον,
1664 1617 2193 1697 προσενεχθῆναι
2259 1620 2337 1696 τῇ

420 1719 703 1806 Τρωάδι.
780 1716 1078 1784 ἐνταῦθα
1115 1712 1179 1783 δ’
1212 1716 1621 1804 Ἡρακλέους
1656 1717 2036 1803 πέμψαντος
2072 1719 2167 1794 εἰς
2212 1720 2339 1801 τὴν

412 1827 612 1890 πόλιν
641 1823 945 1908 Ἴφικλόν
989 1847 1059 1890 τε
1084 1867 1089 1872 -
1114 1826 1233 1890 τὸν
1289 1824 1587 1909 ἀδελφὸν
1641 1823 1752 1890 καὶ
1806 1828 2163 1909 Τελαμῶνα
2214 1825 2337 1899 τοίς

412 1954 481 1996 τε
529 1931 772 2007 ἵππους
816 1928 926 1995 καὶ
971 1932 1096 2013 τὴν
1132 1928 1459 2014 Ἡσιόνην
1518 1929 2030 2014 ἀπαιτήσοντας,
2074 1927 2329 2010 λέγεται
2365 1951 2423 1993 15

412 2042 531 2106 τὸν
575 2036 1011 2123 Λαομέδοντα
1055 2041 1212 2115 τοὺς
1257 2034 1383 2122 μὲν
1427 2040 1832 2125 πρεσβευτὰς
1876 2041 1971 2116 εἰς
2025 2038 2336 2123 φυλακὴν

415 2143 818 2228 ἀποθέσθαι,
863 2152 1004 2220 τοῖς
1050 2137 1111 2209 δ’
1155 2145 1382 2221 ἄλλοις
1412 2141 1883 2231 Ἀργοναύταις
1930 2140 2020 2210 δι’
2063 2142 2337 2229 ἐνέδρας

410 2252 774 2334 βουλεῦσαι
846 2251 1171 2317 θάνατον·
1246 2249 1357 2316 καὶ
1430 2253 1585 2329 τοὺς
1652 2248 1775 2336 μὲν
1838 2252 2083 2328 ἄλλους
2145 2250 2337 2328 υἱοὺς

412 2358 587 2442 ἔχειν
659 2366 738 2443 τῇ
796 2355 1042 2444 πράξει
1117 2359 1517 2444 συνεργούς,
1593 2361 1905 2443 Πρίαμον
1980 2353 2052 2423 δὲ
2124 2360 2336 2441 μόνον

414 2462 1093 2550 ἐναντιοπραγοῦντα*
1167 2473 1410 2530 τοῦτον
1465 2465 1592 2550 γὰρ
1648 2464 2127 2548 ἀποφήνασθαι
2190 2467 2334 2530 δεῖν
2362 2482 2417 2524 20

411 2569 492 2633 τὰ
554 2571 720 2655 πρὸς
782 2574 939 2647 τοὺς
1005 2567 1235 2648 ξένους
1300 2572 1524 2636 δίκαια
1587 2581 1844 2657 τηρεῖν,
1908 2570 2021 2636 καὶ
2083 2573 2209 2654 τήν
2265 2595 2334 2637 τε

412 2672 713 2757 ἀδελφὴν
757 2673 867 2738 καὶ
915 2677 1030 2751 τὰς
1078 2674 1592 2761 ὡμολογημένας
1636 2677 1878 2754 ἵππους
1916 2677 2332 2744 ἀποδιδόναι.

340 2803 375 2851 4
414 2778 691 2856 οὐδενὸς
738 2777 798 2844 δ’
845 2779 1023 2866 αὐτῷ
1067 2780 1532 2866 προσέχοντος,
1572 2782 1781 2867 φασὶν
1818 2785 1913 2859 εἰς
1956 2786 2080 2867 τὴν
2122 2790 2335 2869 φυλα-

410 2885 537 2970 κὴν
575 2885 699 2951 δύο
738 2884 896 2970 ξίφη
933 2885 1429 2972 παρενέγκαντα
1464 2891 1687 2977 λάθρᾳ
1724 2891 1963 2956 δοῦναι
1998 2901 2140 2968 τοῖς
2183 2889 2334 2977 περὶ

411 2994 530 3058 τὸν
576 2997 956 3079 Τελαμῶνα,
993 2992 1104 3059 καὶ
1149 2996 1271 3079 τὴν
1317 3003 1438 3060 τοῦ
1484 2997 1729 3082 πατρὸς
1764 2998 2156 3082 προαίρεσιν
2192 2996 2331 3081 ἐξη-
2358 3014 2413 3056 2⁶

410 3101 790 3185 γησάμενον
854 3107 1070 3166 αἴτιον
1132 3100 1453 3185 γενέσθαι
1515 3111 1632 3186 τῆς
1696 3105 2022 3188 σωτηρίας
2090 3102 2330 3180 αὐτοῖς.

340 3226 373 3274 5
412 3206 622 3282 εὐθὺς
668 3208 794 3291 γὰρ
849 3210 1008 3283 τοὺς
1051 3206 1203 3293 περὶ
1257 3210 1378 3273 τὸν
1432 3211 1791 3292 Τελαμῶνα
1836 3218 2164 3293 φονεῦσαι
2210 3206 2331 3293 μὲν

557 3399 585 3446 1
626 3388 793 3465 ὅταν]
827 3389 973 3449 ἐπὰν
1001 3394 1234 3465 τάχιστα
1264 3397 1317 3451 11
1427 3402 1458 3450 2
1487 3393 1836 3452 ἀποδιδόναι
1857 3399 1964 3453 OF
2068 3404 2100 3451 9
2129 3396 2327 3454 ἀποδι-

409 3458 617 3542 δόντας
652 3462 701 3514 D
885 3470 952 3517 14
998 3462 1101 3529 τὰς
1137 3466 1462 3537 Eichsffidt,
1517 3465 1649 3529 τοὺς
1686 3468 1907 3524 codices
2092 3475 2159 3525 18
2198 3471 2327 3542 βου-

404 3532 722 3584 λευσασθαι
756 3531 884 3585 DF.
