2569 4061
737 395 834 452 DE
874 395 1222 454 SERMONE
1258 392 1652 453 DIODOREO.
1736 405 1749 413 ‘
1979 396 2163 453 XXIX

218 564 445 642 quavis
482 564 609 624 fere
647 564 927 626 ostendat
960 564 1202 642 pagina,
1238 582 1483 640 prorsus
1512 566 1605 624 est
1630 562 1985 626 incredibile
2014 581 2166 641 quae

221 661 398 722 haud
466 679 660 739 pauca
732 664 1053 722 occurrunt
1115 661 1404 722 diaeresis
1467 660 1682 721 iisdem
1750 663 1815 722 in
1886 661 2163 723 formulis

215 759 508 835 exempla
545 759 743 836 ipsius
788 759 989 836 potius
1035 776 1168 819 esse
1227 777 1411 835 quam
1463 757 1853 819 librariorum
1895 758 2162 818 incuriae

217 855 598 916 tribuenda.-
660 855 871 916 Veluti
924 854 1084 932 quod
1139 855 1492 932 saepissime
1550 854 1736 915 habet
1785 850 1990 932 τᾶλλα,
2056 856 2164 916 sed

214 953 552 1028 aliquoties
597 953 663 1012 in
708 953 982 1014 omnibus
1028 951 1389 1013 distractum
1433 952 1497 1013 in
1541 949 1615 1011 τὰ
1658 947 1832 1028 ἄλλα,
1889 955 1959 1012 ut
2009 957 2063 1028 1,
2104 958 2161 1030 2,

221 1052 300 1126 3,
349 1055 407 1126 1,
449 1051 551 1127 18,
589 1052 657 1128 4,
708 1054 770 1110 et
804 1051 868 1110 in
904 1050 1205 1111 nonnullis
1256 1053 1314 1124 1,
1356 1053 1455 1126 11,
1497 1053 1564 1126 6,
1612 1051 1673 1126 5,
1713 1051 1815 1124 13,
1856 1051 1922 1126 2,
1970 1051 2028 1126 5,
2058 1053 2162 1126 45,

216 1149 302 1224 5,
352 1150 453 1221 16,
491 1149 594 1225 38,
644 1151 712 1225 1,
765 1152 864 1223 17,
915 1149 1017 1226 38,
1064 1150 1125 1224 5,
1171 1167 1358 1224 quum
1402 1147 1586 1208 tertio
1632 1146 1852 1205 horum
1894 1145 2163 1206 locorum

214 1246 360 1321 ipse
423 1245 721 1305 Eusebius
786 1245 997 1320 Praep.
1066 1245 1184 1306 vol.
1239 1250 1302 1322 1,
1365 1265 1425 1322 p.
1474 1247 1630 1322 101,
1698 1247 1734 1304 9
1802 1245 1894 1305 ed.
1954 1244 2162 1321 Gaisf.,

222 1343 519 1418 praebeat
563 1337 757 1420 τᾶλλα,
802 1342 1077 1419 quamvis
1127 1360 1176 1403 c.
1215 1345 1319 1419 20,
1360 1346 1393 1402 1
1444 1343 1708 1404 vicissim
1750 1341 1823 1403 τὰ
1877 1338 2027 1403 ἅλλα
2068 1344 2161 1402 in-

219 1441 427 1499 ferens
473 1460 582 1516 pro
637 1436 816 1500 τᾶλλα
861 1439 940 1498 ib.
983 1441 1108 1515 14,
1142 1440 1360 1516 quibus
1417 1442 1706 1502 accedunt
1760 1441 2033 1517 exempla
2088 1459 2161 1501 ex

218 1537 612 1614 fragmentis,
657 1539 829 1598 velut
859 1540 918 1613 9,
950 1539 1052 1613 10,
1084 1539 1155 1612 3,
1196 1539 1299 1613 36,
1340 1539 1397 1615 2,
1434 1539 1503 1614 4,
1552 1540 1655 1616 37,
1685 1540 1745 1613 2,
1775 1540 1836 1615 4,
1881 1537 2158 1614 petenda.

219 1632 457 1692 Eodem
516 1633 696 1693 modo
750 1631 1052 1708 τάδελφοῦ
1115 1634 1470 1693 restitutum
1532 1652 1607 1693 ex
1676 1635 1849 1695 libris
1913 1636 2159 1714 optimis

224 1734 284 1807 1,
330 1733 434 1801 21,
477 1731 542 1804 23
595 1734 652 1803 1,
691 1731 794 1805 98,
835 1731 898 1804 6,
954 1731 1017 1805 4,
1055 1731 1158 1804 56,
1200 1734 1264 1804 1,
1326 1729 1643 1805 minusque
1698 1730 1870 1790 bonis
1913 1735 2013 1810 15,
2056 1735 2158 1810 77,

217 1831 284 1904 5,
339 1828 402 1885 et
447 1825 628 1903 abibi,
674 1829 744 1884 ut
793 1827 894 1902 11,
943 1827 1045 1902 67,
1094 1828 1161 1902 4,
1212 1828 1314 1903 19,
1364 1827 1468 1900 34,
1513 1826 1582 1901 5,
1631 1828 1734 1902 19,
1782 1829 1885 1904 35,
1934 1833 2000 1905 1,
2049 1832 2151 1903 20,

223 1927 330 2002 16,
374 1927 440 2001 1,
498 1925 602 1999 20,
644 1923 745 2000 68,
786 1925 853 2000 3,
910 1925 1014 1999 29,
1065 1924 1175 1999 10,
1239 1924 1343 1998 31,
1401 1922 1503 1998 20,
1561 1921 1625 1982 in
1689 1922 1964 1983 omnibus
2032 1942 2154 1984 ser-

217 2025 458 2100 vatum,
515 2021 830 2099 redarguit
881 2020 1179 2081 diaeresin
1223 2019 1289 2079 in
1342 2024 1451 2080 τοῢ
1500 2015 1769 2096 ἀδελφοῦ
1824 2021 1883 2095 5,
1934 2022 2035 2095 61,
2086 2026 2156 2099 1,

226 2120 328 2192 15,
370 2122 471 2193 61,
513 2122 570 2197 2,
617 2137 802 2195 quum
836 2115 1136 2195 τάδελφοῦ
1173 2118 1256 2178 sit
1298 2118 1400 2191 15,
1442 2119 1544 2193 60,
1584 2119 1651 2195 5,
1687 2121 1759 2178 ut
1798 2120 1903 2197 31,
1935 2121 2062 2195 15⁸,
2095 2123 2155 2197 1,

219 2215 381 2276 idem
443 2222 550 2275 τοῦ
610 2212 877 2291 ἀδελφοῦ
940 2213 1335 2290 redarguitur
1400 2214 1627 2289 duplici
1690 2211 1989 2292 τάδελφοῦ
2047 2219 2153 2293 31,

225 2314 362 2389 17⁰3
412 2314 514 2389 31,
554 2313 694 2388 27⁸3
749 2316 812 2371 et
861 2314 962 2388 16,
1001 2314 1105 2387 37,
1147 2314 1212 2385 1,
1271 2311 1375 2384 25,
1417 2312 1516 2385 10,
1559 2314 1615 2387 1,
1664 2313 1753 2387 et,
1811 2313 1882 2371 ut
1927 2313 2155 2389 opinor,

218 2410 283 2484 4,
323 2412 427 2481 24,
463 2412 525 2487 4,
571 2410 676 2469 ubi
729 2416 835 2469 τοῦ
881 2405 1228 2484 ἀδελφιδοῦ.
1319 2406 1477 2465 Item
1520 2402 1795 2491 τάδελφῷ
1842 2409 1901 2483 5,
1940 2410 2043 2486 50,
2084 2412 2149 2485 2,

224 2508 326 2580 11,
364 2508 468 2581 48,
506 2509 578 2584 4,
622 2509 722 2582 17,
761 2508 864 2583 34,
902 2509 971 2582 2,
1019 2507 1122 2583 20,
1165 2505 1373 2581 16,·1,
1425 2506 1526 2580 31,
1571 2507 1673 2578 23,
1723 2503 2035 2583 redarguit
2071 2510 2153 2592 τῷ

217 2600 460 2687 ἀδελφῷ
510 2609 566 2680 1,
605 2606 709 2681 27,
751 2607 812 2680 1,
869 2605 928 2681 3,
970 2606 1070 2678 71,
1114 2606 1185 2675 1,
1235 2604 1296 2675 4,
1337 2603 1438 2678 68,
1477 2604 1544 2679 4,
1596 2603 1655 2680 8,
1688 2605 1747 2679 4,
1789 2606 1855 2681 1,
1905 2608 2006 2679 11,
2047 2608 2151 2685 66,

219 2702 290 2777 4,
345 2705 444 2778 17,
486 2703 587 2776 79,
627 2703 692 2778 2,
743 2703 845 2778 17,
883 2702 987 2777 83,
1027 2703 1086 2775 9,
1129 2699 1371 2759 illatum
1414 2699 1480 2758 in
1524 2719 1643 2760 uno
1681 2704 1741 2778 4,
1782 2704 1885 2779 27,
1925 2704 1993 2780 2,
2045 2706 2146 2777 17,

219 2800 326 2870 34,
373 2800 432 2857 2.
522 2797 812 2858 Eiusdem
864 2797 1105 2875 generis
1161 2799 1305 2856 sunt
1362 2792 1599 2877 τάγαθὰ
1664 2801 1766 2871 10,
1816 2803 1871 2873 7,
1920 2801 1979 2873 2,
2042 2801 2151 2861 sed

215 2892 288 2954 τὰ
343 2892 550 2974 ἀγαθὰ
609 2897 720 2971 10,
789 2898 853 2970 9,
903 2898 940 2957 7
1007 2888 1105 2973 (ut
1153 2896 1265 2970 34,
1327 2885 1467 2973 18),
1522 2898 1587 2955 et
1640 2915 1851 2956 rursus
1911 2892 2147 2977 τάγαθὰ

222 2995 322 3066 10,
375 2994 432 3065 9,
482 2995 549 3069 8,
611 2994 713 3064 21,
765 2995 865 3069 17,
912 2995 972 3070 4,
1031 2994 1095 3051 et
1151 2991 1216 3050 in
1264 2991 1465 3052 verbis
1528 2992 1825 3053 Demetrii
1880 2996 1982 3069 31,
2036 2998 2146 3072 10,

214 3086 288 3149 τὰ
335 3085 630 3168 ἀναγκαῖα
678 3092 781 3165 19,
833 3092 934 3164 11,
979 3092 1040 3167 4,
1096 3107 1282 3165 quum
1328 3089 1477 3148 alibi
1532 3090 1613 3149 sit
1664 3087 2000 3171 τάπόρρητα
2043 3089 2144 3152 τά-

214 3183 514 3263 δικήματα
584 3182 850 3265 τάκριβές
921 3182 1176 3263 τάληθές
1241 3182 1561 3266 τάργύριον
1584 3230 1602 3263 ,
1674 3184 1738 3247 τὸ
1812 3186 2143 3267 αὐτόματον

216 3288 322 3360 11,
373 3285 475 3360 21,
523 3285 591 3360 3,
641 3286 743 3362 11,
789 3287 892 3359 44,
942 3287 1000 3359 6,
1055 3285 1203 3346 alibi
1246 3287 1409 3345 recte
1456 3284 1743 3360 seriptum
1780 3284 2143 3363 ταύτόματον

210 3446 509 3515 eleganter
561 3443 804 3501 Kaelker
857 3444 1098 3515 (dissert.
1153 3444 1305 3515 Lips.
1365 3448 1519 3500 1880.
1576 3462 1631 3513 p.
1679 3444 2003 3509 308—311).
2074 3440 2138 3481 '—

211 3521 442 3580 Similia
496 3526 714 3580 attente
757 3525 1075 3595 legentibus
1123 3526 1347 3594 saepius
1393 3524 1716 3588 occurrunt,
1772 3519 1949 3573 veluti
1985 3538 2143 3572 κατι-

209 3601 410 3674 σχύειν
446 3620 548 3675 pro
586 3602 826 3674 ἰσχύειν,
873 3600 1208 3666 ἀκολούθως
1245 3601 1441 3655 dativo
1480 3616 1579 3653 suo
1628 3595 2009 3663 antepositum
2046 3596 2139 3649 vel

209 3682 614 3756 postpositum.
