2569 4061
0 85 2569 155 ——nm

1100 388 1176 443 IV
1215 397 1266 444 6.
1307 396 1356 444 7.
2063 391 2196 457 405

268 552 527 617 τούτων
565 549 626 615 δ’
664 550 902 636 ἑκάστῃ
941 552 1405 639 προσάπτουσι
1440 552 1557 628 τὰς
1585 555 1830 631 οἰκείας
1860 550 2198 631 διαθέσεις
2234 577 2267 624 3

271 669 405 723 τῶν
450 655 602 743 περὶ
649 659 979 742 μουσικὴν
1019 657 1589 742 ἐπιτηδευμάτων,
1638 650 1786 724 οἷον
1822 662 2206 744 ποιητικήν,

273 764 627 852 μελῳδίαν,
676 763 980 851 ὀρχήσεις
1023 762 1134 830 καὶ
1169 767 1454 850 χορείας,
1503 763 1946 850 ἀστρολογίαν
1981 788 2051 831 τε
2087 764 2200 831 καὶ

273 871 355 935 τὰ
398 872 597 936 λοιπὰ
642 881 777 937 τῶν
822 870 1378 956 ἐπιτηδευμάτων.
1461 868 1846 956 παρθένους
1893 865 1953 935 δ’
1997 872 2201 950 αὐτὰς

220 998 246 1037 5
276 963 373 1042 015‘
404 982 702 1042 πλεῖστοι
768 975 1170 1060 [γεγονέναι]
1239 981 1703 1062 μυθολογοῦσι
1773 977 1884 1041 διὰ
1946 978 2021 1041 τὸ
2085 978 2203 1054 τὰς

275 1084 439 1148 κατὰ
493 1085 618 1168 τὴν
672 1084 984 1148 παιδείαν
1040 1083 1275 1169 ἀρετὰς
1330 1083 1684 1170 ἀφθόρους
1740 1084 1965 1148 δοκεῖν
2011 1077 2201 1148 εἶναι.

275 1190 561 1268 Μούσας
621 1187 681 1256 δ’
736 1190 940 1266 αὐτὰς
997 1189 1393 1274 ὠνομάσθαι
1450 1190 1578 1255 ἀπὸ
1621 1194 1758 1255 ’τοῦ
1804 1200 2001 1274 μυεῖν
2046 1191 2205 1266 τοὺς
2238 1213 2275 1263 4

258 1285 713 1384 ἀνθρώπους,
768 1304 967 1361 τοῦτο
1023 1294 1086 1361 δ’
1144 1294 1326 1362 ἐστὶν
1382 1296 1511 1362 ἀπὸ
1566 1306 1687 1363 τοῦ
1736 1296 2080 1362 διδάσκειν
2122 1297 2204 1360 τὰ

275 1404 445 1468 καλὰ
507 1402 619 1469 καὶ
683 1400 1114 1487 συμφέροντα
1187 1401 1299 1467 καὶ
1371 1403 1501 1467 ὑπὸ
1575 1413 1711 1469 τῶν
1784 1403 2205 1469 ἀπαιδεύτων

196 1532 252 1571 ιο
280 1509 718 1593 ἀγνοούμενα.
811 1507 1049 1594 ἑκάστῃ
1128 1505 1201 1574 δὲ
1272 1512 1690 1597 προσηγορίᾳ
1759 1512 1879 1575 τὸν
1953 1511 2205 1575 οἰκεῖον

279 1619 486 1698 λόγον
515 1613 957 1699 ἀπονέμοντές
994 1631 1203 1701 φασιν
1241 1615 1635 1699 ὠνομάσθαι
1671 1616 1795 1698 τὴν
1832 1612 1956 1699 μὲν
1983 1614 2203 1681 Κλειὼ

282 1722 395 1785 διὰ
447 1723 522 1786 τὸ
577 1723 699 1786 τὸν
752 1720 824 1787 ἐκ
877 1730 994 1806 τῆς
1047 1724 1377 1805 ποιήσεως
1430 1732 1565 1786 τῶν
1620 1719 2206 1806 ἐγκωμιαζομένων

225 1824 231 1829 ’
281 1829 559 1892 ἔπαινον
614 1826 781 1912 μέγα
841 1826 1032 1905 κλέος
1075 1838 1448 1914 περιποιεῖν
1493 1837 1634 1904 τοῖς
1679 1824 2205 1911 ἐπαινουμένοις,

280 1932 633 2020 Εὐτέρπην
693 1932 753 2000 δ’
820 1934 947 2001 ἀπὸ
1008 1943 1130 2000 τοῦ
1188 1932 1458 2020 τέρπειν
1515 1936 1675 2011 τοὺς
1739 1933 2210 2020 ἀκροωμένους

200 2062 252 2103 15
280 2052 420 2118 τοῖς
466 2041 592 2107 ἀπὸ
639 2051 755 2127 τῆς
790 2044 1094 2120 παιδείας
1132 2042 1435 2126 ἀγαθοῖς,
1487 2042 1777 2108 Θάλειαν
1816 2041 1876 2106 δ’
1920 2041 2048 2107 ἀπὸ
2085 2050 2209 2105 τοῦ

280 2149 562 2213 θάλλειν
617 2146 721 2213 ἐπὶ
776 2151 1067 2224 πολλοὺς
1122 2150 1409 2234 χρόνους
1460 2150 1619 2224 τοὺς
1675 2148 1787 2212 διὰ
1829 2157 1966 2212 τῶν
2018 2167 2208 2232 ποιη-

283 2255 506 2338 μάτων
567 2254 1205 2340 ἐγκωμιαζομένους,
1266 2253 1721 2338 Μελπομένην
1783 2248 1848 2318 δ’
1903 2252 2031 2319 ἀπὸ
2090 2262 2210 2338 τῆς

284 2362 639 2449 μελῳδίας,
706 2358 795 2425 δι’
847 2356 928 2445 ἧς
988 2364 1147 2438 τοὺς
1211 2359 1579 2437 ἀκούοντας
1634 2366 2207 2445 ψυχαγωγεῖσθαι,

293 2469 709 2553 Τερψιχόρην
756 2465 817 2533 δ’
863 2466 990 2532 ἀπὸ
1038 2475 1159 2533 τοῦ
1204 2466 1471 2551 τέρπειν
1516 2470 1674 2543 τοὺς
1710 2466 2035 2552 ἀκροατὰς
2068 2477 2210 2543 τοῖς

202 2593 260 2633 20
288 2570 359 2635 ἐκ
405 2574 705 2651 παιδείας
749 2573 1281 2660 περιγινομένοις
1329 2573 1633 2657 ἀγαθοῖς,
1671 2571 1921 2659 Ἐρατὼ
1970 2570 2033 2639 δ’
2081 2572 2208 2638 ἀπὸ

286 2686 407 2743 τοῦ
460 2680 619 2756 τοὺς
671 2678 1159 2757 παιδευθέντας
1215 2683 1583 2757 ποθεινοὺς
1640 2677 1751 2745 καὶ
1810 2679 2211 2766 ἐπεράστους

287 2784 654 2869 ἀποτελεῖν,
702 2787 1098 2870 Πολύμνιαν
1137 2784 1198 2851 δ’
1235 2786 1364 2852 ἀπὸ
1403 2796 1524 2853 τοῦ
1562 2788 1675 2852 διὰ
1708 2791 1958 2871 πολλῆς
2001 2787 2211 2873 ὑμνή-

288 2908 453 2969 σεως
490 2890 835 2976 ἐπιφανεῖς
869 2893 1377 2971 κατασκευάζειν
1415 2896 1572 2970 τοὺς
1610 2894 1723 2958 διὰ
1758 2904 1893 2959 τῶν
1928 2893 2212 2978 ποιημά-

284 3020 420 3062 των
469 2996 1168 3083 ἀπαθανατιζομένους
1210 3007 1291 3084 τῇ
1340 2999 1524 3086 δόξῃ,
1575 3000 1918 3086 ῡύρανίαν
1965 2996 2026 3064 δ’
2082 2998 2210 3062 ἀπὸ

203 3123 257 3165 25
285 3113 406 3169 τοῦ
461 3106 620 3181 τοὺς
672 3103 1160 3182 παιδευθέντας
1203 3103 1318 3171 ὑπ’
1372 3106 1575 3191 αὐτῆς
1620 3106 1999 3192 ἐξαίρεσθαι
2045 3104 2212 3188 πρὸς

0 3367 3 3462 J
463 3373 498 3420 4
537 3362 620 3439 δ’]
659 3386 719 3422 τε
737 3367 913 3453 vulg.
1039 3374 1071 3423 ὅ
1108 3367 1412 3456 γεγονέναι
1449 3385 1556 3422 om.
1586 3366 1634 3420 D
1666 3369 1747 3436 (et
1772 3365 1901 3420 Eue.
1930 3383 2031 3453 pr.
2044 3381 2129 3420 ev.
2157 3363 2211 3418 II

0 3467 3 3502 g
285 3439 466 3506 2,16)
622 3445 654 3493 6
691 3434 796 3507 τὴν
835 3456 944 3495 om.
974 3439 1024 3493 D
1179 3435 1522 3525 ἀφθάρτους
1557 3439 1609 3492 II
1763 3443 1794 3492 9
1833 3435 1934 3491 καὶ
1969 3432 2039 3490 τὰ
2078 3454 2210 3505 συμ-

286 3480 539 3578 φέροντα
578 3509 626 3563 D
739 3516 807 3564 13
838 3505 865 3564 ἐ
910 3515 1099 3565 ποιεῖν
1128 3510 1176 3564 D
1291 3517 1358 3566 16
1386 3529 1565 3572 τους.
1642 3502 2211 3595 .ἒγκωμιαζομένους

286 3595 395 3634 om.
434 3578 487 3633 11
615 3586 683 3635 21
723 3581 823 3635 καὶ
889 3578 1204 3651 περάστους
1241 3599 1351 3639 om.
1391 3580 1439 3634 D
1587 3586 1654 3635 23
1693 3576 1827 3643 τούς
1862 3598 1922 3635 τε
1962 3573 2061 3632 διὰ
2098 3576 2211 3632 τῶν

283 3651 538 3719 ποιητῶν
577 3646 1108 3752 ἀθανατιζομένονς
1145 3653 1210 3708 Ι).
