2569 4061
450 175 504 230 X
1201 175 1630 231 PRAEFATIO.

451 344 542 404 IV
592 347 692 419 17,
723 344 761 403 3
810 338 1003 427 ζῴων]
1050 342 1290 422 θηρίων
1334 343 1445 403 ΑΒ

589 444 691 515 27,
723 443 763 499 4
809 438 1193 519 ἀποκομίσαι]
1242 439 1583 503 ἀποστεῖλαι
1625 441 1735 501 ΑΒ

590 541 693 612 27,
721 540 764 597 4
810 536 978 614 ὅλον]
1025 537 1260 598 ἅπαντα

515 714 548 772 I
597 717 699 793 94,
733 716 769 774 5
819 712 1092 791 συνετόν]
1146 712 1406 775 δυνατὸν
1448 711 1550 774 καὶ
1596 714 1841 776 συνετόν
1885 715 1994 775 ΑΒ

487 811 550 871 II
642 815 700 889 2,
732 815 769 873 3
816 810 1154 892 Αἴγυπτον]
1202 811 1513 892 Αῢγυπτον
1558 821 1758 873 πᾶσαν
1804 813 1912 873 ΑΒ

448 907 547 968 ΠΙ
595 912 698 986 53,
727 911 765 969 5
814 904 1216 986 κεκτημένοις]
1266 904 1641 986 κεκτημένοις
1667 906 1818 970 αὐτὰ
1852 907 1953 970 καὶ
1990 905 2293 988 δεομένοις
2319 909 2379 969 Α

669 1031 688 1047 ·
1263 1001 1567 1083 δεομένοις
1602 1003 1702 1066 καὶ
1736 1003 2112 1085 κεκτημένοις
2145 1004 2297 1067 αὐτὰ
2327 1007 2378 1065 Β

589 1104 692 1177 59,
728 1104 765 1162 8
814 1101 1084 1180 βωμούς]
1132 1101 1321 1175 θεοὺς
1364 1101 1769 1182 ποιησαμένης
1813 1103 2057 1183 βωμούς
2101 1104 2212 1164 ΑΒ

591 1200 694 1276 63,
727 1202 764 1258 2
811 1196 1316 1278 ὑποστησάμενοι]
1372 1199 1824 1281 εἰσηγησάμενοι
1886 1199 1987 1261 καὶ
2043 1199 2380 1279 ὑποστησά-

818 1317 987 1373 μενοι
1033 1298 1141 1356 ΑΒ

587 1394 689 1471 65,
722 1397 754 1453 1
807 1392 1013 1474 χαρᾶς]
1062 1402 1232 1473 τιμῆς
1276 1390 1378 1454 καὶ
1422 1403 1604 1475 χαρᾶς
1648 1395 1758 1454 ΑΒ

625 1569 801 1648 Piget
846 1571 967 1631 alia
1010 1571 1239 1631 referre
1284 1572 1386 1632 vel
1429 1572 1675 1632 lacunas
1722 1572 1778 1632 A
1827 1576 1887 1633 effi
1933 1573 1984 1631 Β
2030 1591 2372 1633 communes

445 1686 819 1743 enumerare,
864 1689 995 1728 eum
1043 1669 1166 1728 iam
1213 1669 1361 1727 satis
1410 1671 1646 1728 constet
1690 1670 1921 1729 codices
1967 1669 2026 1728 A
2071 1673 2134 1728 et
2178 1668 2228 1726 B
2274 1687 2376 1729 ne-

446 1765 810 1825 cessitudine
855 1765 1145 1840 peculiari
1188 1764 1349 1822 inter
1394 1781 1457 1822 se
1504 1765 1849 1825 coniunctos
1888 1782 2036 1825 esse.
2102 1765 2294 1841 Atqui
2320 1767 2379 1826 A

447 1860 742 1937 originem
796 1860 966 1919 duxit
1013 1879 1085 1919 ex
1138 1859 1220 1936 D,
1277 1878 1421 1937 ergo
1469 1861 1653 1920 etiam
1696 1860 1746 1919 B
1794 1879 1928 1920 cum
1974 1860 2031 1919 D
2078 1863 2377 1923 cohaeress.

397 1999 400 2002 -
446 1957 566 2018 Hie
610 1959 816 2016 autem
852 1956 1090 2016 exsistit
1137 1956 1431 2034 quaestio,
1478 1958 1683 2016 utrum
1719 1957 1776 2017 A
1823 1978 1901 2018 an
1946 1958 1996 2016 B
2042 1958 2291 2036 propius
2340 1978 2379 2020 a

446 2057 503 2116 D
560 2057 744 2117 absit:
809 2075 991 2134 quam
1044 2056 1122 2115 ad
1178 2056 1525 2116 solvendam
1588 2056 1704 2116 etsi
1757 2058 1987 2118 multae
2044 2060 2376 2134 suppessunt

446 2156 716 2231 lacunae,
753 2155 971 2231 quibus
1013 2154 1175 2214 solus
1212 2152 1270 2212 A
1308 2153 1631 2215 deformari
1664 2155 1923 2231 videfiur‚
1959 2159 2164 2216 tamen
2199 2173 2372 2233 prae-

450 2255 578 2311 stat
620 2252 685 2310 in
728 2250 1018 2309 auxilium
1062 2268 1275 2311 vocare
1322 2253 1593 2330 exempla
1635 2252 2007 2314 huiusmodi:

509 2419 540 2477 I
582 2421 683 2495 27,
716 2420 753 2478 3
802 2409 956 2477 εἶναι
994 2412 1058 2476 δὲ
1094 2414 1192 2476 καὶ
1222 2417 1356 2495 στή-
1465 2412 1618 2479 εἶναι
1665 2414 1729 2477 δὲ
1774 2416 1876 2478 καὶ
1924 2418 2142 2496 στήλην
2180 2416 2376 2480 ἑκατέ-

580 2519 693 2593 λην
727 2510 1001 2593 ἑκατέρου
1038 2522 1156 2574 τῶν
1192 2520 1358 2575 θεῶν
1554 2537 1664 2595 ρου
1746 2523 1864 2575 τῶν
1934 2520 2100 2576 θεῶν
2182 2514 2376 2598 ἐπιγε-

581 2608 1085 2692 ἕπιγεγραμμένην
1121 2616 1243 2683 τοῖς
1276 2611 1360 2672 ἷε-
1554 2611 1828 2692 γράφθαι
1873 2612 1925 2670 Β

580 2713 707 2788 ροῖς
733 2708 1084 2789 γράμμασιν.
1125 2706 1221 2769 ἐπὶ
1248 2704 1356 2786 μὲν
1463 2702 1616 2770 εἶναι
1663 2704 1728 2768 δὲ
1771 2706 1873 2768 καὶ
1918 2709 2135 2788 στήλην
2181 2708 2373 2772 ἕκατέ·

582 2798 695 2868 οὗν
747 2814 852 2885 τῆς
891 2802 1110 2878 Ἴσιδος
1166 2802 1357 2886 έπιγε-
1551 2827 1663 2884 ρον
1718 2814 1835 2866 τῶν
1893 2812 2060 2867 θεῶν
2118 2806 2375 2886 ἔχουσαν

578 2904 854 2985 γράφθαι
1552 2900 1989 2984 ἐγγεγραμμένα
2032 2912 2215 2965 ταῦτα
2259 2906 2317 2966 Α

507 3002 538 3061 I
576 3003 680 3078 58,
711 3004 748 3060 2
798 2994 867 3061 δι’
921 2998 1133 3080 ἀρετήν
1463 2999 1796 3082 διαρπαγήν
1840 3002 1947 3061 DB

1463 3091 1532 3156 δι’
1584 3094 1818 3175 ἁπάσης
1863 3106 1974 3178 γῆς
2018 3098 2076 3158 Α

503 3195 539 3253 Ι
579 3199 678 3271 77,
711 3196 749 3255 8
796 3189 1277 3271 κατατμηθέντας
1459 3191 1972 3267 κατακλασθέντας
2029 3194 2129 3255 καὶ
2193 3219 2373 3258 κατα-

1549 3287 1880 3370 τμηθέντας
1925 3292 1975 3350 Β

1461 3385 1974 3460 κατακλασθέντας
2018 3388 2075 3448 Α
2162 3472 2166 3475 ‚
