2569 4061
1047 300 1125 353 IV
1162 306 1249 355 49.
1291 305 1374 356 50.
2037 301 2169 366 473

243 474 382 529 τῶν
426 463 749 547 φυλάκων
792 465 950 539 τοὺς
996 460 1505 546 ἀντεχομένους,
1563 466 1902 547 φυγόντας
1948 462 2010 529 δ’
2064 463 2171 530 ἐπὶ

244 571 588 635 θάλατταν
633 568 1023 653 ἀπαγγεῖλαι
1067 570 1149 633 τὰ
1192 570 1359 634 κατὰ
1402 566 1603 654 μέρος
1642 581 1781 648 τοῖς
1811 569 2170 657 Ἀργοναύ-

245 700 405 754 ταις.
467 679 698 761 διόπερ
735 676 1015 752 τούτους
1060 671 1183 760 μὲν
1220 673 1525 759 ἑτοίμους
1562 675 1961 759 γενομένους
2005 681 2170 764 πρὸς

245 783 464 868 μάχην
517 783 885 867 ἀπαντῆσαι
947 793 1086 858 τοῖς
1142 781 1214 847 ἐκ
1267 790 1385 866 τῆς
1447 784 1701 859 πόλεως
1760 781 2170 867 ἐκχεομένοις

185 911 214 953 5
245 891 407 974 μετὰ
459 898 581 955 τοῦ
637 888 988 974 βασιλέως·
1060 885 1425 972 γενομένης
1480 885 1554 954 δὲ
1610 889 1818 973 μάχης
1874 890 2169 975 ἰσχυρᾶς,
2207 909 2239 959 6

243 994 355 1061 καὶ
410 1007 544 1062 τῶν
599 993 922 1082 ἀριστέων
981 996 1023 1061 δ
1027 997 1094 1059 ιὰ
1146 997 1263 1072 τὰς
1328 995 1562 1081 ἀρετὰς
1616 995 2170 1082 ἐπικρατούντων,

243 1095 708 1186 μυθολογοῦσι
769 1105 888 1168 τὸν
925 1099 1257 1187 Ἡρακλέα
1312 1102 1581 1169 πάντων
1638 1104 1873 1188 ἄριστα
1930 1104 2171 1187 διαγω-

244 1211 592 1274 νίσασθαι·
666 1212 785 1275 τόν
847 1231 917 1273 τε
973 1209 1099 1294 γὰρ
1153 1208 1592 1294 Λαομέδοντα
1646 1220 2005 1294 φονεῦσαι,
2061 1208 2172 1275 καὶ

244 1325 361 1400 τῆς
396 1318 648 1391 πόλεως
686 1313 752 1392 ἐξ
791 1313 1046 1398 ἐφόδου
1082 1318 1502 1404 κρατήσαντα
1535 1316 1815 1382 κολάσαι
1852 1311 1975 1400 μὲν
2015 1318 2172 1393 τοὺς

161 1444 216 1484 10
245 1424 693 1506 μετασχόντας
735 1430 826 1510 τῷ
874 1425 1139 1504 βασιλεῖ
1177 1430 1294 1505 τῆς
1341 1420 1715 1507 ἐπιβουλῆς,
1765 1424 2047 1512 Πριάμῳ
2098 1420 2172 1488 δὲ

247 1529 362 1592 διὰ
398 1529 522 1610 τὴν
559 1529 996 1613 δικαιοσύνην
1032 1530 1455 1613 παραδοῦναι
1490 1531 1613 1612 τὴν
1658 1531 2024 1612 βασιλείαν,
2061 1528 2173 1595 καὶ

249 1635 484 1716 φιλίαν
537 1634 959 1718 συνθέμενον
1015 1633 1367 1699 ἐκπλεῦσαι
1421 1635 1584 1718 μετὰ
1637 1645 1771 1698 τῶν
1818 1630 2171 1719 Ἀργοναυ-

246 1751 398 1806 τῶν.
459 1742 628 1805 ἔνιοι
665 1735 739 1805 δὲ
775 1750 911 1805 τῶν
948 1739 1242 1825 ἀρχαίων
1288 1749 1583 1824 ποιητῶν
1618 1739 2171 1825 παραδεδώκασιν
2209 1759 2239 1807 ‘1

247 1846 330 1912 οὐ
377 1848 539 1931 μετὰ
583 1856 720 1911 τῶν
760 1841 1244 1932 Ἀργοναυτῶν,
1293 1843 1436 1911 ἀλλ’
1493 1847 1632 1933 ἰδίᾳ
1653 1846 2174 1931 ’στρατεύσαντα

170 1972 222 2013 15
250 1956 369 2018 τὸν
398 1951 729 2040 ἹΙρακλεά
766 1951 1010 2019 ναυσὶν
1056 1951 1123 2032 ἓξ
1172 1951 1369 2018 ἕνεκα
1405 1962 1540 2019 τῶν
1576 1953 1797 2033 ἵππων
1835 1950 2009 2018 ἑλεῖν
2050 1955 2173 2037 τὴν

257 2064 529 2144 Τροίαν·
595 2070 1135 2146 προσμαρτυρεῖν
1182 2058 1256 2127 δὲ
1302 2061 1564 2138 τούτοις
1608 2060 1719 2127 καὶ
1748 2059 2046 2146 Ὅμηρον
2099 2059 2173 2125 ἐν

250 2168 471 2231 τοῖσδε
518 2178 656 2244 τοῖς
704 2169 949 2250 ἔπεσιν,

340 2289 482 2355 ἀλλ’
535 2283 684 2357 οἷόν
728 2293 879 2357 τινά
926 2307 1091 2375 φασι
1137 2293 1295 2376 βίην
1331 2288 1773 2377 Ἡρακληείην

146 2418 248 2468 293
341 2391 542 2480 εἶναι,
590 2398 749 2482 ἐμὸν
794 2395 1043 2483 πατέρα
1087 2395 1640 2483 θρασυμέμνονα,
1688 2395 2132 2482 θυμολέοντα,

173 2539 225 2579 20
342 2502 414 2578 ὅς
459 2522 616 2566 ποτε
664 2500 846 2589 δεῦρ’
899 2502 1123 2570 ἐλθὼν
1169 2502 1336 2589 ἕνεχ’
1390 2505 1611 2570 ἵππων
1656 2502 2125 2586 Λαομέδοντος

338 2606 407 2686 ἓξ
456 2614 601 2694 οἴῃς
647 2611 776 2674 σὺν
820 2608 1021 2693 νηυσὶ
1065 2609 1178 2676 καὶ
1223 2610 1510 2697 ἀνδράσι
1555 2608 2068 2696 παυροτέροισιν

330 2712 532 2781 Ἰλίου
580 2713 936 2795 ἐξαλάπαξε
982 2719 1208 2799 πόλιν,
1255 2720 1515 2803 χήρωσε
1564 2714 1624 2782 δ’
1679 2717 1931 2801 ἀγυιάς.

249 2842 404 2916 τοὺς
461 2837 523 2903 δ’
580 2833 1025 2925 Ἀργοναύτας
1071 2838 1281 2923 φασὶν
1336 2838 1406 2904 ἐκ
1452 2850 1567 2924 τῆς
1619 2841 1932 2928 Τρῳάδος
1977 2840 2173 2924 ἀναχ-
2211 2870 2242 2919 8

155 2989 161 2993 -
252 2943 493 3022 θέντας
547 2948 641 3022 εἰς
696 2941 1160 3032 Σαμοθρᾴκην
1213 2952 1651 3029 κομισθῆναι,
1707 2945 1816 3012 καὶ
1871 2957 2010 3022 τοῖς
2064 2971 2173 3029 με-

179 3086 228 3127 25
253 3052 480 3133 γάλοις
524 3058 713 3127 θεοῖς
757 3054 873 3129 τὰς
920 3051 1115 3134 εὐχὰς
1160 3050 1533 3129 ἀποδόντας
1577 3053 1778 3116 πάλιν
1818 3051 2174 3115 ἀναθεῖναι

254 3155 365 3230 τὰς
429 3155 673 3237 φιάλας
730 3158 825 3233 εἰς
883 3158 957 3221 τὸ
1017 3155 1287 3240 τέμενος
1344 3158 1460 3232 τὰς
1521 3158 1618 3221 ἔτι
1674 3152 1786 3219 καὶ
1843 3163 1972 3219 νῦν
2033 3156 2174 3219 δια-

254 3260 593 3344 μενούσας.

435 3371 564 3452 Τῆς
611 3363 686 3432 δὲ
732 3378 867 3434 τῶν
910 3367 1232 3455 ἀριστέων
1269 3368 1677 3452 ἀνακομιδῆς
1722 3365 2175 3451 ἀγνοουμένης
2193 3375 2281 3442 50

254 3560 272 3629 (
354 3495 461 3615 333
480 3485 1129 3630 2ἐ)’νιοι---Ἄ(νγοναυι.ὀὸν
1168 3502 1277 3546 om.
1318 3489 1359 3545 C
1453 3495 1518 3545 18
1555 3508 1685 3544 τινα
1721 3488 1790 3557 A,
1827 3507 1962 3544 ποτε
2002 3489 2175 3544 ceteri

274 3575 315 3615 o.
428 3603 442 3630 ,
539 3604 552 3618 .
