2569 4061
385 192 617 248 LXXIV
1136 192 1565 259 PRAEFATIO.

386 363 514 422 Nec
550 360 905 440 Δημάρατος
947 362 1135 437 11,6,
1170 364 1203 420 1
1247 362 1574 439 scripserat
1608 363 1921 438 Diodorus,
1962 364 2070 426 sed
2105 366 2318 444 Δαμά-

386 479 584 537 ρατος,
629 461 700 517 ut
745 460 842 518 est
884 459 949 516 in
994 476 1129 520 uno·

562 555 726 615 Haec
770 554 961 632 igitur
1006 555 1330 634 praecipua
1376 560 1518 617 sunt
1553 557 1626 618 de
1663 504 1775 619 boc
1805 577 2050 636 genere,
2096 560 2160 619 in
2197 581 2316 637 quo

385 650 637 713 Diodori
684 673 947 731 quoque,
993 658 1064 714 ut
1108 652 1365 713 aliorum
1413 656 1678 717 omnium
1726 656 2114 732 scriptorum,
2175 659 2317 718 libri

383 751 474 810 ita
509 752 732 813 fallunt
769 755 832 813 et
870 752 1157 813 vacillant
1193 754 1265 811 ut
1301 751 1407 827 qui
1440 753 1681 813 illorum
1708 754 1970 830 vestigia
2008 759 2316 832 sequatur,

343 876 352 881 ·
388 850 736 927 saepissime
790 867 912 908 non
968 850 1164 910 solum
1234 850 1409 926 inops
1466 851 1699 911 consilii
1754 852 1834 911 sit
1886 850 2314 928 haesitatur-us,

387 945 491 1006 sed
538 948 721 1007 etiam
766 947 1049 1007 iniuriam
1094 947 1367 1008 facturus
1414 946 1702 1024 Diodoro,
1750 967 1871 1010 non
1914 948 2162 1027 indigno
2210 949 2317 1026 qui

386 1063 505 1104 non
551 1046 844 1104 minorem
892 1048 1053 1105 certe
1108 1064 1290 1121 quam
1337 1045 1466 1121 ipse
1524 1046 1784 1106 orationi
1832 1063 1975 1106 suae
2020 1042 2317 1123 impendit

385 1159 592 1201 curam
622 1141 965 1217 experiatur
1003 1143 1129 1203 eius
1159 1143 1263 1219 qui
1301 1141 1585 1218 reliquias
1624 1143 1820 1219 operis
1859 1144 2044 1220 ampli
2082 1144 2317 1204 multis·

383 1256 501 1313 que
564 1237 744 1298 rebus
808 1240 1302 1300 memorabilibus
1367 1258 1514 1316 quas
1572 1259 1645 1300 ex
1709 1240 1958 1317 optimis
2020 1243 2317 1318 excerpsit

386 1335 779 1410 scriptoribus
835 1336 1043 1397 referti
1099 1337 1177 1397 ad
1228 1337 1550 1414 pristinam
1614 1336 1858 1398 studeat
1910 1339 2166 1398 formam
2223 1359 2313 1399 re·

383 1451 614 1493 vocare.
707 1432 937 1503 Quibus
995 1454 1148 1511 quae
1202 1435 1476 1496 addenda
1536 1438 1678 1496 sunt
1733 1437 1853 1496 alia
1906 1437 2068 1495 haud
2124 1455 2315 1513 pauca

383 1530 653 1590 eiusdem
689 1531 926 1608 generis
974 1535 1037 1592 et
1082 1551 1237 1609 quae
1272 1537 1589 1610 praeterea
1625 1534 1797 1595 libris
1834 1535 2141 1610 permulta
2178 1553 2316 1612 gra-

383 1628 554 1689 viora
598 1629 773 1688 illata
819 1631 961 1688 sunt
1003 1629 1179 1707 vitia,
1228 1628 1303 1689 de
1348 1630 1423 1688 iis
1467 1631 1534 1690 in
1578 1632 2070 1693 annotationibus
2085 1626 2147 1711 ²³⁸)
2197 1633 2313 1691 erit
2427 1646 2432 1649 ·

382 1727 701 1802 agendum.

524 1912 575 1979 ³¹⁶)
614 1911 736 1964 Hae
757 1909 1171 1978 adnotationes,
1203 1926 1343 1979 quas
1362 1909 1609 1965 Dindorf
1628 1912 1689 1967 in
1717 1911 2086 1982 inscriptione
2120 1915 2313 1985 singu·-

380 1990 565 2045 lorum
611 1992 893 2047 tomorum
942 2007 1009 2046 ac
1055 1989 1280 2050 disertis
1318 1990 1508 2049 verbis
1549 1991 1612 2049 Τ.
1641 1991 1694 2048 V
1730 2011 1786 2065 p.
1814 1993 1919 2049 XV
1954 1994 2312 2066 promiserat,

332 2062 338 2068 ⁴
382 2088 687 2141 numquam
722 2070 940 2143 publici
984 2071 1122 2128 iuris
1169 2072 1357 2128 factae
1397 2075 1555 2141 suntg
1601 2089 1782 2143 neque
1821 2073 1884 2128 in
1921 2074 2145 2131 scriniis
2186 2075 2308 2130 eius

380 2152 693 2222 quidquam
729 2153 872 2208 utile
907 2151 1116 2227 reliqui
1143 2151 1319 2208 fuisse
1349 2153 1544 2209 docuit
1570 2170 1660 2209 me
1686 2153 2021 2227 bibliopola,
2059 2155 2122 2211 in
2152 2156 2312 2211 cuius

380 2233 795 2302 possessionem
831 2233 964 2288 libri
1002 2234 1061 2287 et
1097 2232 1309 2303 scripta
1345 2232 1601 2288 Dindorfi
1638 2235 1929 2290 venerant.
