2569 4061
942 332 968 385 Ι
1008 337 1091 386 91.
1134 338 1215 385 92.
1929 332 2056 398 155

136 500 344 583 χότος.
426 499 645 561 ἔπειτα
690 492 1249 580 παραγενομένων
1300 495 1624 562 δικαστῶν
1672 493 1829 560 δυσὶ
1876 500 2051 560 πλει-
2091 527 2119 565 2

128 608 305 669 όνων
350 614 485 668 τῶν
534 603 1045 688 τετταράκοντα,
1091 597 1202 666 καὶ
1248 601 1673 666 καθισάντων
1721 603 1834 668 ἐπί
1870 626 2053 680 τινος

126 710 521 795 ἡμικυκλίου
576 706 1190 793 κατεσκευασμένου
1247 704 1459 792 πέραν
1513 715 1628 789 τῆς
1693 711 1955 793 λίμνης,
2010 710 2049 793 ἡ

128 814 249 900 μὲν
316 820 506 902 βᾶρις
584 814 1009 898 καθέλκεται,
1082 811 1657 897 κατεσκευασμένη
1730 818 2051 899 πρότερον

68 954 96 994 5
127 922 256 987 ὑπὸ
301 934 436 989 τῶν
481 923 743 1006 ταύτην
790 920 1078 1005 ἐχόντων
1124 922 1248 1004 τὴν
1297 917 1692 1004 ἐπιμέλειαν,
1742 917 2051 1004 ἐφέστηκε

124 1025 197 1094 δὲ
242 1030 449 1115 ταύτῃ
499 1028 535 1094 ὁ
589 1029 955 1113 πορθμεύς,
1004 1027 1083 1092 ὃν
1118 1026 1477 1110 Αἰγύπτιοι
1513 1026 1679 1091 κατὰ
1714 1026 1838 1109 τὴν
1877 1027 2053 1091 ἰδίαν

125 1136 471 1201 διάλεκτον
518 1135 922 1218 ὀνομάζουσι
967 1132 1249 1219 χάρωνα.
1349 1135 1454 1198 διὸ
1501 1136 1620 1198 καί
1658 1149 1869 1217 φασιν
1919 1129 2051 1219 Ὀρ-
2093 1163 2121 1205 3

122 1240 253 1325 φέα
288 1244 363 1305 τὸ
402 1243 691 1306 παλαιὸν
728 1244 823 1319 εἰς
850 1245 1197 1322 Αἴγυπτον
1234 1243 1710 1326 παραβαλόντα
1746 1237 1860 1305 καὶ
1896 1244 2053 1304 θεα-

124 1350 417 1432 σάμενον
472 1355 669 1412 τοῦτο
725 1349 801 1411 τὸ
857 1349 1175 1431 νόμιμον,
1247 1354 1705 1432 μυθοποιῆσαι
1758 1348 1840 1412 τὰ
1892 1339 2047 1412 καθ’

40 1488 95 1527 10
124 1452 320 1540 ᾅδου,
356 1455 437 1518 τὰ
475 1450 597 1537 μὲν
637 1454 1120 1538 μιμησάμενον,
1166 1453 1247 1517 τὰ
1284 1448 1346 1517 δ’
1387 1453 1591 1518 αὐτὸν
1631 1456 1769 1541 ἰδία
1805 1455 2053 1519 πλασά-

126 1572 365 1642 μενον·
408 1555 573 1643 ὑπὲρ
624 1554 706 1622 οὗ
742 1560 822 1622 τὰ
857 1560 1022 1623 κατὰ
1058 1556 1253 1643 μέρος
1300 1560 1536 1645 μικρὸν
1571 1559 1855 1645 ὕστερον
1893 1561 2051 1625 ἀνα-

129 1663 489 1748 γράψομεν.
575 1663 657 1728 οὐ
704 1665 835 1747 μὴν
876 1663 1042 1729 ἀλλὰ
1078 1673 1193 1748 τῆς
1230 1664 1486 1749 βάρεως
1526 1666 1620 1740 εἰς
1655 1666 1777 1747 τὴν
1813 1668 2053 1749 λίμνην
2093 1697 2125 1741 4

125 1772 733 1854 καθελκυσθείσης,
790 1769 953 1856 πρὶν
998 1769 1039 1855 ἢ
1088 1770 1210 1854 τὴν
1264 1770 1562 1854 λάρνακα
1615 1771 1739 1853 τὴν
1785 1772 1904 1836 τὸν
1950 1796 2053 1836 νε-

123 1877 289 1962 κρὸν
345 1878 632 1961 ε”χουσαν
686 1878 781 1955 είς
836 1878 1047 1961 αὐτὴν
1106 1879 1455 1960 τίθεσθαι,
1520 1885 1610 1965 τῷ
1667 1875 2051 1965 βουλομένῳ

44 2016 95 2058 15
122 1995 518 2070 κατηγορεῖν
559 1984 594 2050 ὁ
642 1987 846 2070 νόμος
884 1982 1193 2063 ἐξουσίαν
1233 1985 1529 2050 δίδωσιν.
1613 1982 1731 2049 ἐὰν
1768 1980 1889 2069 μὲν
1929 1978 2053 2050 οὖν

126 2114 225 2168 τις
261 2092 621 2177 παρελθὼν
658 2090 975 2176 ἐγκαλέσῃ
1013 2089 1123 2157 καὶ
1172 2090 1354 2176 δείξῃ
1404 2094 1770 2174 βεβιωκότα
1817 2102 2055 2173 κακῶς,

130 2198 199 2263 οί
230 2194 351 2281 μὲν
379 2195 598 2283 κριταὶ
624 2199 741 2274 τὰς
775 2199 1043 2281 γνώμας
1078 2205 1282 2262 πᾶσιν
1319 2196 1830 2279 ἀποφαίνονται,
1869 2198 1944 2261 τὸ
1984 2193 2055 2262 δὲ

129 2315 315 2388 σῶμα
354 2310 641 2390 εἴργεται
677 2313 792 2387 τῆς
830 2302 1215 2387 εἰθισμένης
1250 2310 1492 2387 ταφῆς·
1540 2301 1657 2368 ἐὰν
1696 2297 1758 2367 δ’
1793 2302 1829 2368 ὁ
1868 2303 2055 2386 ἐγκα-

131 2408 323 2485 λέσας
371 2410 530 2496 δόξῃ
578 2411 665 2494 μὴ
716 2411 986 2486 δικαίως
1030 2419 1455 2495 κατηγορεῖν,
1512 2410 1823 2493 μεγάλοις
1876 2432 2053 2496 περι-

52 2547 106 2586 20
133 2519 352 2581 πίπτει
386 2519 789 2604 προστίμοις.
874 2515 1035 2581 ὅταν
1074 2511 1149 2580 δὲ
1195 2513 1426 2599 μηδεὶς
1471 2515 1816 2602 ὑπακούσῃ
1861 2521 2053 2602 κατή-
2093 2532 2121 2578 5

131 2645 332 2707 γορος
384 2622 424 2706 ἢ
477 2623 838 2710 παρελθὼν
893 2628 1173 2706 γνωσθῇ
1231 2621 1655 2707 συκοφάντης
1711 2623 2051 2710 ὑπάρχειν,

131 2728 203 2792 οί
225 2724 346 2812 μὲν
375 2739 719 2812 συγγενεῖς
756 2727 1163 2813 ἀποθέμενοι
1191 2729 1266 2792 τὸ
1297 2726 1550 2806 πένθος
1578 2727 2053 2814 ἐγκωμιάζουσι

127 2836 248 2900 τὸν
293 2837 819 2919 τετελευτηκότα,
879 2833 988 2899 καὶ
1034 2833 1186 2920 περὶ
1232 2831 1356 2918 μὲν
1400 2842 1524 2899 τοῦ
1568 2833 1807 2918 γένους
1853 2833 2053 2902 οὐδὲν

94 2940 465 3025 ·λέγουσιν,
514 2941 734 3026 ὥσπερ
772 2941 949 3026 παρὰ
989 2950 1130 3017 τοῖς
1159 2939 1500 3025 ‘'EM-new,
1549 2941 2053 3027 ὑπολαμβάνον-

51 3079 100 3118 25
127 3070 235 3123 τες
281 3046 575 3123 ἅπαντας
620 3046 863 3131 ὁμοίως
909 3046 1200 3128 εὐγενεῖς
1246 3042 1417 3112 εἶναι
1462 3049 1620 3124 τοὺς
1663 3046 1823 3113 κατ’.
1848 3052 2054 3128 Λίγυ-

127 3175 315 3236 πτον,
363 3153 488 3236 τὴν
536 3148 599 3217 δ’
653 3151 724 3218 ἐκ
767 3154 1003 3229 παιδὸς
1049 3153 1320 3236 ἀγωγὴν
1364 3152 1476 3218 καὶ
1526 3154 1835 3218 παιδείαν
1883 3152 2053 3214 διελ-

274 3317 303 3363 1
343 3311 474 3365 δυσὶ
512 3327 619 3364 om.
656 3309 710 3364 11
816 3311 989 3363 πλείω
1030 3308 1279 3378 cedmae,
1319 3326 1458 3365 corr.
1496 3309 1660 3362 Dind.
1773 3312 1806 3358 6
1847 3301 1877 3358 ὁ
1918 3323 2053 3370 πορ

128 3376 362 3470 θμευς]
374 3378 634 3451 πρωρεύς
670 3379 722 3433 H
849 3386 881 3435 9
920 3380 1314 3468 μυθολογῆσαι
1349 3379 1399 3432 D
1524 3384 1593 3432 10
1631 3370 1779 3460 ἅδην
1816 3374 1865 3427 D
1990 3379 2051 3426 11

126 3446 299 3537 ὑπὲρ]
338 3451 468 3521 περὶ
508 3451 619 3507 OF
777 3456 845 3505 14
882 3449 1094 3518 ταύτην
1131 3451 1180 3503 D
1349 3453 1414 3500 17
1451 3447 1557 3508 τὰς
1593 3440 1706 3513 ymb
1751 3463 1818 3505 ας
1853 3443 2051 3564 nam}

128 3519 285 3609 γνώμ
246 3541 355 3592 μας
394 3522 503 3578 OF
663 3527 728 3576 18
767 3517 797 3577 ὁ
839 3539 948 3577 om.
987 3520 1036 3572 D
1197 3524 1260 3572 19
1301 3515 1660 3587 κατηγορεῖν]
1732 3518 1960 3582 γκαλεῖν
2000 3512 2026 3566 Ι

125 3595 438 3648 υποπίπτει
474 3593 545 3652 ῙῙ.
