<?xml version="1.0" encoding="UTF-8"?>
<!DOCTYPE html PUBLIC "-//W3C//DTD XHTML 1.0 Transitional//EN"
    "http://www.w3.org/TR/xhtml1/DTD/xhtml1-transitional.dtd">
<html xmlns="http://www.w3.org/1999/xhtml" xml:lang="en" lang="en">
 <head>
  <title>
</title>
<meta http-equiv="Content-Type" content="text/html;charset=utf-8" />
  <meta name='ocr-system' content='tesseract 3.04.00' />
  <meta name='ocr-capabilities' content='ocr_page ocr_carea ocr_par ocr_line ocrx_word'/>
</head>
<body>
  <div class='ocr_page' id='page_1' title='image "./diodoribiblioth02dindgoog_0072.png"; bbox 0 0 2569 4061; ppageno 0'>
   <div class='ocr_carea' id='block_1_1' title="bbox 403 140 1586 204">
    <p class='ocr_par' dir='ltr' id='par_1_1' title="bbox 403 140 1586 204">
     <span class='ocr_line' id='line_1_1' title="bbox 403 140 1586 204; baseline -0.003 -4"><span class='ocrx_word' id='word_1_1' title='bbox 403 146 633 204; x_wconf 88' lang='lat' dir='ltr'>LXVIII</span> <span class='ocrx_word' id='word_1_2' title='bbox 1152 140 1586 200; x_wconf 81' lang='lat' dir='ltr'><strong>PRAEFATIO.</strong></span> 
     </span>
    </p>
   </div>
   <div class='ocr_carea' id='block_1_2' title="bbox 405 309 2339 2730">
    <p class='ocr_par' dir='ltr' id='par_1_2' title="bbox 406 309 2339 687">
     <span class='ocr_line' id='line_1_2' title="bbox 584 309 2337 391; baseline -0.003 -16"><span class='ocrx_word' id='word_1_3' title='bbox 584 312 849 391; x_wconf 76' lang='grc' dir='ltr'><strong><em>Πλησίος</em></strong></span> <span class='ocrx_word' id='word_1_4' title='bbox 884 310 1253 373; x_wconf 77' lang='lat' dir='ltr'><strong>adieetivum</strong></span> <span class='ocrx_word' id='word_1_5' title='bbox 1297 313 1398 389; x_wconf 82' lang='lat'><strong>18,</strong></span> <span class='ocrx_word' id='word_1_6' title='bbox 1430 312 1531 388; x_wconf 85' lang='lat'><strong>38,</strong></span> <span class='ocrx_word' id='word_1_7' title='bbox 1562 313 1620 389; x_wconf 82' lang='lat'><strong>2,</strong></span> <span class='ocrx_word' id='word_1_8' title='bbox 1664 318 1784 370; x_wconf 81' lang='grc' dir='ltr'><strong>τῶν</strong></span> <span class='ocrx_word' id='word_1_9' title='bbox 1820 309 2087 389; x_wconf 83' lang='grc' dir='ltr'><strong><em>πλησίων</em></strong></span> <span class='ocrx_word' id='word_1_10' title='bbox 2133 314 2337 371; x_wconf 85' lang='grc' dir='ltr'><strong><em>πολισ-</em></strong></span> 
     </span>
     <span class='ocr_line' id='line_1_3' title="bbox 409 407 2339 491; baseline -0.003 -19"><span class='ocrx_word' id='word_1_11' title='bbox 409 412 632 491; x_wconf 79' lang='grc' dir='ltr'><strong>μάτων,</strong></span> <span class='ocrx_word' id='word_1_12' title='bbox 669 411 732 469; x_wconf 88' lang='lat' dir='ltr'><strong>in</strong></span> <span class='ocrx_word' id='word_1_13' title='bbox 770 409 1125 470; x_wconf 80' lang='lat' dir='ltr'><strong>adverbium</strong></span> <span class='ocrx_word' id='word_1_14' title='bbox 1153 427 1284 470; x_wconf 86' lang='lat' dir='ltr'><strong>esse</strong></span> <span class='ocrx_word' id='word_1_15' title='bbox 1325 408 1681 468; x_wconf 80' lang='lat' dir='ltr'><strong>mutandum</strong></span> <span class='ocrx_word' id='word_1_16' title='bbox 1715 408 1844 485; x_wconf 87' lang='lat' dir='ltr'><strong>ipse</strong></span> <span class='ocrx_word' id='word_1_17' title='bbox 1882 407 2146 469; x_wconf 72' lang='lat' dir='ltr'><strong>ostendit</strong></span> <span class='ocrx_word' id='word_1_18' title='bbox 2180 408 2339 467; x_wconf 87' lang='lat' dir='ltr'><strong>liber</strong></span> 
     </span>
     <span class='ocr_line' id='line_1_4' title="bbox 408 505 2338 586; baseline -0.003 -17"><span class='ocrx_word' id='word_1_19' title='bbox 408 510 673 586; x_wconf 85' lang='lat' dir='ltr'><strong>optimus</strong></span> <span class='ocrx_word' id='word_1_20' title='bbox 713 507 968 569; x_wconf 84' lang='lat' dir='ltr'><strong>Vindob.</strong></span> <span class='ocrx_word' id='word_1_21' title='bbox 1008 510 1069 583; x_wconf 86' lang='lat'><strong>4,</strong></span> <span class='ocrx_word' id='word_1_22' title='bbox 1103 510 1204 584; x_wconf 89' lang='grc'><strong>66,</strong></span> <span class='ocrx_word' id='word_1_23' title='bbox 1236 509 1294 584; x_wconf 90' lang='grc'><strong>3,</strong></span> <span class='ocrx_word' id='word_1_24' title='bbox 1339 506 1498 565; x_wconf 89' lang='lat' dir='ltr'><strong>idem</strong></span> <span class='ocrx_word' id='word_1_25' title='bbox 1542 505 1838 582; x_wconf 80' lang='lat' dir='ltr'><strong>praebens</strong></span> <span class='ocrx_word' id='word_1_26' title='bbox 1885 524 1995 583; x_wconf 85' lang='lat' dir='ltr'><strong>pro</strong></span> <span class='ocrx_word' id='word_1_27' title='bbox 2031 512 2150 565; x_wconf 80' lang='grc' dir='ltr'><strong>τῶν</strong></span> <span class='ocrx_word' id='word_1_28' title='bbox 2186 508 2338 582; x_wconf 84' lang='grc' dir='ltr'><strong><em>πλη-</em></strong></span> 
     </span>
     <span class='ocr_line' id='line_1_5' title="bbox 406 598 927 687; baseline -0.004 -20"><span class='ocrx_word' id='word_1_29' title='bbox 406 605 556 667; x_wconf 85' lang='grc' dir='ltr'><em>σίων</em></span> <span class='ocrx_word' id='word_1_30' title='bbox 600 604 848 667; x_wconf 84' lang='grc' dir='ltr'><strong><em>πόλεων.</em></strong></span> <span class='ocrx_word' id='word_1_31' title='bbox 862 598 927 687; x_wconf 82' lang='lat'><strong>*)</strong></span> 
     </span>
    </p>

    <p class='ocr_par' dir='ltr' id='par_1_3' title="bbox 406 699 2337 1365">
     <span class='ocr_line' id='line_1_6' title="bbox 587 699 2337 782; baseline -0.002 -18"><span class='ocrx_word' id='word_1_32' title='bbox 587 706 914 766; x_wconf 82' lang='grc' dir='ltr'><strong><em>Ποιεῖσθαι</em></strong></span> <span class='ocrx_word' id='word_1_33' title='bbox 967 699 1164 782; x_wconf 68' lang='grc' dir='ltr'><strong><em>ῥοπὴν</em></strong></span> <span class='ocrx_word' id='word_1_34' title='bbox 1220 701 1336 760; x_wconf 76' lang='lat' dir='ltr'><strong>etsi</strong></span> <span class='ocrx_word' id='word_1_35' title='bbox 1389 699 1484 761; x_wconf 83' lang='lat' dir='ltr'><strong>bis</strong></span> <span class='ocrx_word' id='word_1_36' title='bbox 1539 702 1660 779; x_wconf 89' lang='lat' dir='ltr'><strong>est,</strong></span> <span class='ocrx_word' id='word_1_37' title='bbox 1712 703 1813 779; x_wconf 87' lang='lat'><strong>15,</strong></span> <span class='ocrx_word' id='word_1_38' title='bbox 1854 704 1955 780; x_wconf 83' lang='lat'><strong>32,</strong></span> <span class='ocrx_word' id='word_1_39' title='bbox 1998 704 2031 760; x_wconf 94' lang='lat'>1</span> <span class='ocrx_word' id='word_1_40' title='bbox 2082 700 2337 781; x_wconf 75' lang='grc' dir='ltr'><em>μεγάλας</em></span> 
     </span>
     <span class='ocr_line' id='line_1_7' title="bbox 406 786 2336 885; baseline -0.003 -23"><span class='ocrx_word' id='word_1_41' title='bbox 406 806 662 864; x_wconf 70' lang='grc' dir='ltr'><strong>ποιεῖται</strong></span> <span class='ocrx_word' id='word_1_42' title='bbox 707 799 897 882; x_wconf 69' lang='grc' dir='ltr'><strong><em>ῥοπὰς</em></strong></span> <span class='ocrx_word' id='word_1_43' title='bbox 940 798 1006 861; x_wconf 66' lang='grc' dir='ltr'><strong>ἐν</strong></span> <span class='ocrx_word' id='word_1_44' title='bbox 1049 802 1178 870; x_wconf 70' lang='grc' dir='ltr'><strong>ταῖς</strong></span> <span class='ocrx_word' id='word_1_45' title='bbox 1225 795 1610 876; x_wconf 75' lang='grc' dir='ltr'><strong>παρατάξεσι,</strong></span> <span class='ocrx_word' id='word_1_46' title='bbox 1666 802 1730 859; x_wconf 72' lang='lat' dir='ltr'><strong>et</strong></span> <span class='ocrx_word' id='word_1_47' title='bbox 1768 802 1870 874; x_wconf 85' lang='lat'><strong>19,</strong></span> <span class='ocrx_word' id='word_1_48' title='bbox 1903 800 2002 876; x_wconf 87' lang='lat'><strong>15,</strong></span> <span class='ocrx_word' id='word_1_49' title='bbox 2033 801 2070 858; x_wconf 86' lang='lat'>5</span> <span class='ocrx_word' id='word_1_50' title='bbox 2122 786 2170 882; x_wconf 72' lang='grc' dir='ltr'><em>ᾧ</em></span> <span class='ocrx_word' id='word_1_51' title='bbox 2223 795 2336 885; x_wconf 44' lang='grc' dir='ltr'><strong>γὰρ</strong></span> 
     </span>
     <span class='ocr_line' id='line_1_8' title="bbox 407 887 2334 976; baseline -0.003 -15"><span class='ocrx_word' id='word_1_52' title='bbox 407 909 526 961; x_wconf 81' lang='grc' dir='ltr'><strong>τῶν</strong></span> <span class='ocrx_word' id='word_1_53' title='bbox 564 896 992 971; x_wconf 77' lang='grc' dir='ltr'><strong><em>στασιαζόντων</em></strong></span> <span class='ocrx_word' id='word_1_54' title='bbox 1030 887 1205 968; x_wconf 79' lang='grc' dir='ltr'><strong><em>οὗτος</em></strong></span> <span class='ocrx_word' id='word_1_55' title='bbox 1239 894 1589 975; x_wconf 78' lang='grc' dir='ltr'><strong><em>πρόσθοιτο,</em></strong></span> <span class='ocrx_word' id='word_1_56' title='bbox 1635 894 1913 976; x_wconf 78' lang='grc' dir='ltr'><strong><em>μεγίστην</em></strong></span> <span class='ocrx_word' id='word_1_57' title='bbox 1948 890 2197 956; x_wconf 72' lang='grc' dir='ltr'><strong><em>ἐποιεῖτο</em></strong></span> <span class='ocrx_word' id='word_1_58' title='bbox 2236 892 2334 975; x_wconf 76' lang='grc' dir='ltr'><strong>ῥο-</strong></span> 
     </span>
     <span class='ocr_line' id='line_1_9' title="bbox 406 992 2336 1077; baseline -0.004 -18"><span class='ocrx_word' id='word_1_59' title='bbox 406 998 562 1077; x_wconf 78' lang='grc' dir='ltr'><strong>πήν,</strong></span> <span class='ocrx_word' id='word_1_60' title='bbox 616 1002 819 1058; x_wconf 83' lang='lat' dir='ltr'><strong>tamen</strong></span> <span class='ocrx_word' id='word_1_61' title='bbox 864 995 959 1055; x_wconf 87' lang='lat' dir='ltr'><strong>his</strong></span> <span class='ocrx_word' id='word_1_62' title='bbox 1005 994 1294 1070; x_wconf 84' lang='lat' dir='ltr'><strong>exemplis</strong></span> <span class='ocrx_word' id='word_1_63' title='bbox 1354 993 1577 1054; x_wconf 81' lang='lat' dir='ltr'><strong>certius</strong></span> <span class='ocrx_word' id='word_1_64' title='bbox 1624 997 1719 1054; x_wconf 86' lang='lat' dir='ltr'><strong>est</strong></span> <span class='ocrx_word' id='word_1_65' title='bbox 1766 992 1949 1054; x_wconf 80' lang='lat' dir='ltr'><strong>activi</strong></span> <span class='ocrx_word' id='word_1_66' title='bbox 1993 993 2336 1069; x_wconf 84' lang='lat' dir='ltr'><strong>exemplum</strong></span> 
     </span>
     <span class='ocr_line' id='line_1_10' title="bbox 412 1088 2335 1172; baseline -0.003 -17"><span class='ocrx_word' id='word_1_67' title='bbox 412 1100 513 1172; x_wconf 86' lang='lat'><strong>15,</strong></span> <span class='ocrx_word' id='word_1_68' title='bbox 545 1095 648 1170; x_wconf 88' lang='grc'><strong>85,</strong></span> <span class='ocrx_word' id='word_1_69' title='bbox 679 1095 717 1153; x_wconf 89' lang='lat'>5</span> <span class='ocrx_word' id='word_1_70' title='bbox 766 1090 1027 1172; x_wconf 76' lang='grc' dir='ltr'><strong><em>μεγάλην</em></strong></span> <span class='ocrx_word' id='word_1_71' title='bbox 1080 1088 1277 1170; x_wconf 75' lang='grc' dir='ltr'><strong><em>ῥοπὴν</em></strong></span> <span class='ocrx_word' id='word_1_72' title='bbox 1322 1095 1518 1152; x_wconf 79' lang='grc' dir='ltr'><strong><em>ποιεῖν</em></strong></span> <span class='ocrx_word' id='word_1_73' title='bbox 1570 1089 1868 1152; x_wconf 78' lang='grc' dir='ltr'><strong><em>εἰώθεσαν</em></strong></span> <span class='ocrx_word' id='word_1_74' title='bbox 1923 1088 1989 1151; x_wconf 75' lang='grc' dir='ltr'><strong>ἐν</strong></span> <span class='ocrx_word' id='word_1_75' title='bbox 2040 1094 2169 1162; x_wconf 82' lang='grc' dir='ltr'><strong><em>ταῖς</em></strong></span> <span class='ocrx_word' id='word_1_76' title='bbox 2222 1089 2335 1167; x_wconf 80' lang='grc' dir='ltr'><strong><em>μά·-</em></strong></span> 
     </span>
     <span class='ocr_line' id='line_1_11' title="bbox 407 1182 2336 1271; baseline -0.001 -20"><span class='ocrx_word' id='word_1_77' title='bbox 407 1213 537 1271; x_wconf 80' lang='grc' dir='ltr'><strong><em>χαις</em></strong></span> <span class='ocrx_word' id='word_1_78' title='bbox 545 1182 677 1271; x_wconf 72' lang='grc'><strong>**),</strong></span> <span class='ocrx_word' id='word_1_79' title='bbox 744 1191 905 1268; x_wconf 85' lang='lat' dir='ltr'><strong>quod</strong></span> <span class='ocrx_word' id='word_1_80' title='bbox 959 1192 1197 1250; x_wconf 83' lang='lat' dir='ltr'><strong>veteres</strong></span> <span class='ocrx_word' id='word_1_81' title='bbox 1252 1191 1414 1249; x_wconf 80' lang='lat' dir='ltr'><strong>certe</strong></span> <span class='ocrx_word' id='word_1_82' title='bbox 1467 1188 1716 1266; x_wconf 82' lang='lat' dir='ltr'><strong>ipseque</strong></span> <span class='ocrx_word' id='word_1_83' title='bbox 1760 1187 2052 1265; x_wconf 80' lang='lat' dir='ltr'>Polybius</span> <span class='ocrx_word' id='word_1_84' title='bbox 2104 1189 2170 1247; x_wconf 91' lang='lat' dir='ltr'><strong>in</strong></span> <span class='ocrx_word' id='word_1_85' title='bbox 2224 1190 2336 1249; x_wconf 78' lang='lat' dir='ltr'><strong>hac</strong></span> 
     </span>
     <span class='ocr_line' id='line_1_12' title="bbox 406 1290 1302 1365; baseline -0.003 -16"><span class='ocrx_word' id='word_1_86' title='bbox 406 1290 668 1351; x_wconf 75' lang='lat' dir='ltr'><strong>formula</strong></span> <span class='ocrx_word' id='word_1_87' title='bbox 711 1306 947 1365; x_wconf 85' lang='lat' dir='ltr'><strong>semper</strong></span> <span class='ocrx_word' id='word_1_88' title='bbox 991 1290 1302 1364; x_wconf 80' lang='lat' dir='ltr'><strong>usurpant.</strong></span> 
     </span>
    </p>

    <p class='ocr_par' dir='ltr' id='par_1_4' title="bbox 405 1382 2338 2441">
     <span class='ocr_line' id='line_1_13' title="bbox 585 1382 2338 1462; baseline -0.001 -19"><span class='ocrx_word' id='word_1_89' title='bbox 585 1382 768 1462; x_wconf 85' lang='grc' dir='ltr'><strong><em>Πόμα</em></strong></span> <span class='ocrx_word' id='word_1_90' title='bbox 813 1385 929 1446; x_wconf 88' lang='lat' dir='ltr'><strong>etsi</strong></span> <span class='ocrx_word' id='word_1_91' title='bbox 972 1402 1095 1446; x_wconf 91' lang='lat' dir='ltr'><strong>non</strong></span> <span class='ocrx_word' id='word_1_92' title='bbox 1138 1384 1373 1444; x_wconf 88' lang='lat' dir='ltr'><strong>minore</strong></span> <span class='ocrx_word' id='word_1_93' title='bbox 1432 1384 1722 1444; x_wconf 89' lang='lat' dir='ltr'><strong>librorum</strong></span> <span class='ocrx_word' id='word_1_94' title='bbox 1769 1400 2060 1444; x_wconf 79' lang='lat' dir='ltr'><strong>consensu</strong></span> <span class='ocrx_word' id='word_1_95' title='bbox 2104 1383 2338 1460; x_wconf 85' lang='lat' dir='ltr'><strong>legitur</strong></span> 
     </span>
     <span class='ocr_line' id='line_1_14' title="bbox 405 1477 2338 1561; baseline -0.002 -17"><span class='ocrx_word' id='word_1_96' title='bbox 405 1484 554 1545; x_wconf 83' lang='lat' dir='ltr'><strong>loeis</strong></span> <span class='ocrx_word' id='word_1_97' title='bbox 583 1484 860 1544; x_wconf 86' lang='lat' dir='ltr'><strong>omnibus</strong></span> <span class='ocrx_word' id='word_1_98' title='bbox 888 1501 1070 1561; x_wconf 75' lang='lat' dir='ltr'><strong>quam</strong></span> <span class='ocrx_word' id='word_1_99' title='bbox 1105 1481 1374 1542; x_wconf 81' lang='lat' dir='ltr'><strong>vicissim</strong></span> <span class='ocrx_word' id='word_1_100' title='bbox 1410 1478 1676 1560; x_wconf 73' lang='grc' dir='ltr'><strong>ἔκπωμα,</strong></span> <span class='ocrx_word' id='word_1_101' title='bbox 1710 1485 1916 1542; x_wconf 81' lang='lat' dir='ltr'><strong>tamen</strong></span> <span class='ocrx_word' id='word_1_102' title='bbox 1952 1481 2057 1559; x_wconf 90' lang='lat' dir='ltr'><strong>qui</strong></span> <span class='ocrx_word' id='word_1_103' title='bbox 2090 1477 2338 1560; x_wconf 75' lang='grc' dir='ltr'><strong><em>ἔκπωμα</em></strong></span> 
     </span>
     <span class='ocr_line' id='line_1_15' title="bbox 407 1578 2335 1660; baseline -0.001 -17"><span class='ocrx_word' id='word_1_104' title='bbox 407 1583 668 1660; x_wconf 80' lang='lat' dir='ltr'><strong>scripsit,</strong></span> <span class='ocrx_word' id='word_1_105' title='bbox 695 1602 817 1642; x_wconf 91' lang='lat' dir='ltr'><strong>non</strong></span> <span class='ocrx_word' id='word_1_106' title='bbox 846 1582 1086 1659; x_wconf 85' lang='lat' dir='ltr'><strong>scripsit</strong></span> <span class='ocrx_word' id='word_1_107' title='bbox 1112 1578 1296 1658; x_wconf 82' lang='grc' dir='ltr'><strong>πόμα,</strong></span> <span class='ocrx_word' id='word_1_108' title='bbox 1335 1580 1442 1641; x_wconf 85' lang='lat' dir='ltr'><strong>sed</strong></span> <span class='ocrx_word' id='word_1_109' title='bbox 1466 1587 1665 1658; x_wconf 79' lang='grc' dir='ltr'><strong>πῶμα,</strong></span> <span class='ocrx_word' id='word_1_110' title='bbox 1695 1581 1881 1641; x_wconf 83' lang='lat' dir='ltr'><strong>etiam</strong></span> <span class='ocrx_word' id='word_1_111' title='bbox 1908 1579 2072 1658; x_wconf 78' lang='lat' dir='ltr'><strong>apud</strong></span> <span class='ocrx_word' id='word_1_112' title='bbox 2097 1579 2335 1641; x_wconf 78' lang='lat' dir='ltr'><strong>Atticos</strong></span> 
     </span>
     <span class='ocr_line' id='line_1_16' title="bbox 408 1678 2336 1759; baseline -0.003 -17"><span class='ocrx_word' id='word_1_113' title='bbox 408 1700 588 1759; x_wconf 84' lang='lat' dir='ltr'><strong>saepe</strong></span> <span class='ocrx_word' id='word_1_114' title='bbox 624 1683 689 1741; x_wconf 90' lang='lat' dir='ltr'><strong>in</strong></span> <span class='ocrx_word' id='word_1_115' title='bbox 724 1680 896 1741; x_wconf 87' lang='lat' dir='ltr'><strong>libris</strong></span> <span class='ocrx_word' id='word_1_116' title='bbox 924 1679 1202 1738; x_wconf 88' lang='lat' dir='ltr'><strong>omnibus</strong></span> <span class='ocrx_word' id='word_1_117' title='bbox 1239 1679 1305 1737; x_wconf 89' lang='lat' dir='ltr'><strong>in</strong></span> <span class='ocrx_word' id='word_1_118' title='bbox 1340 1679 1601 1738; x_wconf 82' lang='lat' dir='ltr'><strong>alterum</strong></span> <span class='ocrx_word' id='word_1_119' title='bbox 1628 1679 2043 1754; x_wconf 76' lang='lat' dir='ltr'><strong>depravatum,</strong></span> <span class='ocrx_word' id='word_1_120' title='bbox 2080 1681 2151 1737; x_wconf 85' lang='lat' dir='ltr'><strong>ut</strong></span> <span class='ocrx_word' id='word_1_121' title='bbox 2179 1678 2336 1737; x_wconf 89' lang='lat' dir='ltr'><strong>solet</strong></span> 
     </span>
     <span class='ocr_line' id='line_1_17' title="bbox 406 1773 2335 1851; baseline -0.003 -12"><span class='ocrx_word' id='word_1_122' title='bbox 406 1780 592 1839; x_wconf 85' lang='lat' dir='ltr'><strong>etiam</strong></span> <span class='ocrx_word' id='word_1_123' title='bbox 644 1780 706 1836; x_wconf 85' lang='lat' dir='ltr'><strong>in</strong></span> <span class='ocrx_word' id='word_1_124' title='bbox 763 1778 1011 1835; x_wconf 80' lang='lat' dir='ltr'><strong>accentu</strong></span> <span class='ocrx_word' id='word_1_125' title='bbox 1066 1774 1410 1833; x_wconf 88' lang='lat' dir='ltr'><strong>huiusmodi</strong></span> <span class='ocrx_word' id='word_1_126' title='bbox 1464 1773 1894 1835; x_wconf 79' lang='lat' dir='ltr'><strong>vocabulorum</strong></span> <span class='ocrx_word' id='word_1_127' title='bbox 1946 1774 2207 1851; x_wconf 78' lang='lat' dir='ltr'><strong>peccari,</strong></span> <span class='ocrx_word' id='word_1_128' title='bbox 2273 1776 2335 1834; x_wconf 91' lang='lat' dir='ltr'><strong>et</strong></span> 
     </span>
     <span class='ocr_line' id='line_1_18' title="bbox 406 1869 2334 1953; baseline -0.002 -19"><span class='ocrx_word' id='word_1_129' title='bbox 406 1872 567 1953; x_wconf 80' lang='grc' dir='ltr'><strong><em>χύμα</em></strong></span> <span class='ocrx_word' id='word_1_130' title='bbox 612 1874 904 1949; x_wconf 81' lang='lat' dir='ltr'><strong>scriptum</strong></span> <span class='ocrx_word' id='word_1_131' title='bbox 959 1873 1091 1931; x_wconf 80' lang='lat' dir='ltr'><strong>erat</strong></span> <span class='ocrx_word' id='word_1_132' title='bbox 1141 1872 1241 1945; x_wconf 93' lang='grc'><strong>17,</strong></span> <span class='ocrx_word' id='word_1_133' title='bbox 1274 1872 1377 1943; x_wconf 88' lang='grc'><strong>75,</strong></span> <span class='ocrx_word' id='word_1_134' title='bbox 1409 1873 1468 1947; x_wconf 91' lang='grc'><strong>7,</strong></span> <span class='ocrx_word' id='word_1_135' title='bbox 1514 1890 1622 1947; x_wconf 88' lang='lat' dir='ltr'><strong>pro</strong></span> <span class='ocrx_word' id='word_1_136' title='bbox 1670 1876 1858 1948; x_wconf 81' lang='grc' dir='ltr'><strong>χῢμα,</strong></span> <span class='ocrx_word' id='word_1_137' title='bbox 1914 1873 1977 1930; x_wconf 91' lang='lat' dir='ltr'><strong>et</strong></span> <span class='ocrx_word' id='word_1_138' title='bbox 2022 1869 2334 1950; x_wconf 79' lang='grc' dir='ltr'><strong><em>χρίσματος</em></strong></span> 
     </span>
     <span class='ocr_line' id='line_1_19' title="bbox 405 1958 2334 2050; baseline -0.001 -18"><span class='ocrx_word' id='word_1_139' title='bbox 405 1989 517 2050; x_wconf 88' lang='lat' dir='ltr'><strong>pro</strong></span> <span class='ocrx_word' id='word_1_140' title='bbox 579 1969 854 2050; x_wconf 84' lang='grc' dir='ltr'><strong><em>χρίματος</em></strong></span> <span class='ocrx_word' id='word_1_141' title='bbox 909 1968 1202 2046; x_wconf 80' lang='lat' dir='ltr'><strong>seriptum</strong></span> <span class='ocrx_word' id='word_1_142' title='bbox 1255 1965 1498 2028; x_wconf 83' lang='lat' dir='ltr'><strong>videtur</strong></span> <span class='ocrx_word' id='word_1_143' title='bbox 1545 1971 1603 2047; x_wconf 88' lang='grc'><strong>2,</strong></span> <span class='ocrx_word' id='word_1_144' title='bbox 1633 1971 1692 2045; x_wconf 88' lang='grc'><strong>9,</strong></span> <span class='ocrx_word' id='word_1_145' title='bbox 1723 1958 1936 2050; x_wconf 82' lang='lat'>2***).</span> <span class='ocrx_word' id='word_1_146' title='bbox 2025 1967 2334 2030; x_wconf 81' lang='lat' dir='ltr'><strong>Librarios</strong></span> 
     </span>
     <span class='ocr_line' id='line_1_20' title="bbox 406 2063 2335 2146; baseline -0.001 -18"><span class='ocrx_word' id='word_1_147' title='bbox 406 2071 556 2131; x_wconf 75' lang='lat' dir='ltr'><strong>haee</strong></span> <span class='ocrx_word' id='word_1_148' title='bbox 601 2070 811 2130; x_wconf 31' lang='lat' dir='ltr'><strong>omnia*</strong></span> <span class='ocrx_word' id='word_1_149' title='bbox 836 2065 1252 2146; x_wconf 73' lang='lat' dir='ltr'><strong>pervertentes</strong></span> <span class='ocrx_word' id='word_1_150' title='bbox 1291 2067 1496 2143; x_wconf 80' lang='lat' dir='ltr'><strong>arguit</strong></span> <span class='ocrx_word' id='word_1_151' title='bbox 1531 2068 1627 2127; x_wconf 88' lang='lat' dir='ltr'><strong>vel</strong></span> <span class='ocrx_word' id='word_1_152' title='bbox 1676 2063 1908 2145; x_wconf 73' lang='grc' dir='ltr'><strong><em>ἔκπομα</em></strong></span> <span class='ocrx_word' id='word_1_153' title='bbox 1944 2068 2236 2145; x_wconf 84' lang='lat' dir='ltr'><strong>seriptum</strong></span> <span class='ocrx_word' id='word_1_154' title='bbox 2270 2069 2335 2127; x_wconf 87' lang='lat' dir='ltr'><strong>in</strong></span> 
     </span>
     <span class='ocr_line' id='line_1_21' title="bbox 406 2163 2333 2245; baseline -0.002 -16"><span class='ocrx_word' id='word_1_155' title='bbox 406 2168 650 2245; x_wconf 88' lang='lat' dir='ltr'><strong>optimis</strong></span> <span class='ocrx_word' id='word_1_156' title='bbox 687 2166 1100 2244; x_wconf 87' lang='lat' dir='ltr'><strong>Xenophontis</strong></span> <span class='ocrx_word' id='word_1_157' title='bbox 1130 2163 1348 2242; x_wconf 80' lang='lat' dir='ltr'><strong>Cyrop.</strong></span> <span class='ocrx_word' id='word_1_158' title='bbox 1392 2168 1445 2238; x_wconf 94' lang='lat'><strong>1,</strong></span> <span class='ocrx_word' id='word_1_159' title='bbox 1477 2167 1536 2242; x_wconf 87' lang='lat'><strong>3,</strong></span> <span class='ocrx_word' id='word_1_160' title='bbox 1568 2168 1628 2241; x_wconf 89' lang='grc'><strong>9,</strong></span> <span class='ocrx_word' id='word_1_161' title='bbox 1666 2167 1728 2225; x_wconf 87' lang='lat' dir='ltr'><strong>et</strong></span> <span class='ocrx_word' id='word_1_162' title='bbox 1764 2165 1927 2241; x_wconf 81' lang='lat' dir='ltr'><strong>apud</strong></span> <span class='ocrx_word' id='word_1_163' title='bbox 1952 2166 2333 2243; x_wconf 75' lang='lat' dir='ltr'><strong>Pausaniam,</strong></span> 
     </span>
     <span class='ocr_line' id='line_1_22' title="bbox 407 2263 2333 2341; baseline -0.002 -17"><span class='ocrx_word' id='word_1_164' title='bbox 407 2263 578 2324; x_wconf 84' lang='lat' dir='ltr'><strong>ouius</strong></span> <span class='ocrx_word' id='word_1_165' title='bbox 625 2264 764 2323; x_wconf 86' lang='lat' dir='ltr'><strong>libri</strong></span> <span class='ocrx_word' id='word_1_166' title='bbox 819 2281 1026 2322; x_wconf 85' lang='lat' dir='ltr'><strong>omnes</strong></span> <span class='ocrx_word' id='word_1_167' title='bbox 1078 2269 1260 2339; x_wconf 82' lang='grc' dir='ltr'><strong><em>πῶμα</em></strong></span> <span class='ocrx_word' id='word_1_168' title='bbox 1314 2265 1561 2323; x_wconf 84' lang='lat' dir='ltr'><strong>servant</strong></span> <span class='ocrx_word' id='word_1_169' title='bbox 1600 2265 1656 2337; x_wconf 89' lang='grc'><strong>2,</strong></span> <span class='ocrx_word' id='word_1_170' title='bbox 1692 2265 1792 2341; x_wconf 91' lang='grc'><strong>13,</strong></span> <span class='ocrx_word' id='word_1_171' title='bbox 1824 2265 1882 2341; x_wconf 89' lang='grc'><strong>8,</strong></span> <span class='ocrx_word' id='word_1_172' title='bbox 1931 2265 2193 2324; x_wconf 84' lang='lat' dir='ltr'><strong>alterum</strong></span> <span class='ocrx_word' id='word_1_173' title='bbox 2236 2264 2333 2325; x_wconf 84' lang='lat' dir='ltr'><strong>vel</strong></span> 
     </span>
     <span class='ocr_line' id='line_1_23' title="bbox 405 2358 1859 2441; baseline 0.001 -21"><span class='ocrx_word' id='word_1_174' title='bbox 405 2359 515 2420; x_wconf 88' lang='lat' dir='ltr'><strong>ubi</strong></span> <span class='ocrx_word' id='word_1_175' title='bbox 561 2361 909 2436; x_wconf 79' lang='lat' dir='ltr'><strong>operculum</strong></span> <span class='ocrx_word' id='word_1_176' title='bbox 955 2358 1256 2435; x_wconf 83' lang='lat' dir='ltr'><strong>signifieat</strong></span> <span class='ocrx_word' id='word_1_177' title='bbox 1299 2360 1540 2419; x_wconf 79' lang='lat' dir='ltr'><strong>illatum</strong></span> <span class='ocrx_word' id='word_1_178' title='bbox 1578 2363 1637 2441; x_wconf 85' lang='lat'><strong>4,</strong></span> <span class='ocrx_word' id='word_1_179' title='bbox 1668 2363 1770 2439; x_wconf 82' lang='lat'><strong>26,</strong></span> <span class='ocrx_word' id='word_1_180' title='bbox 1802 2362 1859 2420; x_wconf 91' lang='grc'><strong>8.</strong></span> 
     </span>
    </p>

    <p class='ocr_par' dir='ltr' id='par_1_5' title="bbox 405 2454 2329 2730">
     <span class='ocr_line' id='line_1_24' title="bbox 584 2454 2328 2534; baseline 0.001 -19"><span class='ocrx_word' id='word_1_181' title='bbox 584 2454 900 2517; x_wconf 82' lang='grc' dir='ltr'><strong><em>Ποσειδὼν</em></strong></span> <span class='ocrx_word' id='word_1_182' title='bbox 942 2457 1006 2516; x_wconf 90' lang='lat' dir='ltr'><strong>in</strong></span> <span class='ocrx_word' id='word_1_183' title='bbox 1051 2456 1393 2518; x_wconf 77' lang='lat' dir='ltr'><strong>accusativo</strong></span> <span class='ocrx_word' id='word_1_184' title='bbox 1432 2475 1669 2534; x_wconf 87' lang='lat' dir='ltr'><strong>semper</strong></span> <span class='ocrx_word' id='word_1_185' title='bbox 1713 2460 1778 2518; x_wconf 92' lang='lat' dir='ltr'><strong>in</strong></span> <span class='ocrx_word' id='word_1_186' title='bbox 1824 2459 2099 2520; x_wconf 89' lang='lat' dir='ltr'><strong>omnibus</strong></span> <span class='ocrx_word' id='word_1_187' title='bbox 2146 2459 2328 2534; x_wconf 80' lang='lat' dir='ltr'><strong>serip-</strong></span> 
     </span>
     <span class='ocr_line' id='line_1_25' title="bbox 405 2547 2329 2634; baseline 0.001 -20"><span class='ocrx_word' id='word_1_188' title='bbox 405 2559 541 2614; x_wconf 90' lang='lat' dir='ltr'><strong>tum</strong></span> <span class='ocrx_word' id='word_1_189' title='bbox 585 2553 943 2615; x_wconf 82' lang='grc' dir='ltr'><strong><em>Ποσειὸῶνα</em></strong></span> <span class='ocrx_word' id='word_1_190' title='bbox 987 2555 1193 2615; x_wconf 76' lang='lat' dir='ltr'><strong>notavi</strong></span> <span class='ocrx_word' id='word_1_191' title='bbox 1244 2574 1292 2615; x_wconf 91' lang='lat' dir='ltr'><strong>s.</strong></span> <span class='ocrx_word' id='word_1_192' title='bbox 1337 2575 1394 2616; x_wconf 84' lang='lat' dir='ltr'><strong>v.</strong></span> <span class='ocrx_word' id='word_1_193' title='bbox 1432 2547 1765 2634; x_wconf 82' lang='grc' dir='ltr'><strong>Ἀπόλλων,</strong></span> <span class='ocrx_word' id='word_1_194' title='bbox 1812 2556 1927 2617; x_wconf 90' lang='lat' dir='ltr'><strong>etsi</strong></span> <span class='ocrx_word' id='word_1_195' title='bbox 1972 2556 2131 2632; x_wconf 80' lang='lat' dir='ltr'><strong>apud</strong></span> <span class='ocrx_word' id='word_1_196' title='bbox 2177 2555 2329 2616; x_wconf 85' lang='lat' dir='ltr'><strong>alios</strong></span> 
     </span>
     <span class='ocr_line' id='line_1_26' title="bbox 405 2651 1437 2730; baseline -0.002 -16"><span class='ocrx_word' id='word_1_197' title='bbox 405 2652 663 2730; x_wconf 81' lang='lat' dir='ltr'><strong>variant,</strong></span> <span class='ocrx_word' id='word_1_198' title='bbox 708 2655 781 2713; x_wconf 87' lang='lat' dir='ltr'><strong>ut</strong></span> <span class='ocrx_word' id='word_1_199' title='bbox 824 2652 983 2713; x_wconf 86' lang='lat' dir='ltr'><strong>Plut.</strong></span> <span class='ocrx_word' id='word_1_200' title='bbox 1028 2651 1199 2713; x_wconf 88' lang='lat' dir='ltr'><strong>Rom.</strong></span> <span class='ocrx_word' id='word_1_201' title='bbox 1247 2670 1293 2713; x_wconf 85' lang='lat' dir='ltr'><strong>e.</strong></span> <span class='ocrx_word' id='word_1_202' title='bbox 1340 2655 1437 2712; x_wconf 86' lang='lat'><strong>14.</strong></span> 
     </span>
    </p>
   </div>
   <div class='ocr_carea' id='block_1_3' title="bbox 407 2832 836 2843">
    <p class='ocr_par' dir='ltr' id='par_1_6' title="bbox 407 2832 836 2843">
     <span class='ocr_line' id='line_1_27' title="bbox 407 2832 836 2843; baseline 0 1218"><span class='ocrx_word' id='word_1_203' title='bbox 407 2832 836 2843; x_wconf 95' lang='lat' dir='ltr'><strong> </strong></span> 
     </span>
    </p>
   </div>
   <div class='ocr_carea' id='block_1_4' title="bbox 405 2948 2332 3503">
    <p class='ocr_par' dir='ltr' id='par_1_7' title="bbox 405 2948 2332 3503">
     <span class='ocr_line' id='line_1_28' title="bbox 585 2948 2329 3024; baseline 0.002 -16"><span class='ocrx_word' id='word_1_204' title='bbox 585 2954 638 3024; x_wconf 75' lang='lat'><strong>³¹³)</strong></span> <span class='ocrx_word' id='word_1_205' title='bbox 677 2955 737 3008; x_wconf 90' lang='lat' dir='ltr'><strong>et</strong></span> <span class='ocrx_word' id='word_1_206' title='bbox 772 2959 860 3024; x_wconf 83' lang='lat'><strong>22,</strong></span> <span class='ocrx_word' id='word_1_207' title='bbox 888 2959 939 3024; x_wconf 82' lang='lat'><strong>9,</strong></span> <span class='ocrx_word' id='word_1_208' title='bbox 968 2958 1028 3020; x_wconf 80' lang='grc' dir='ltr'><strong>ὅ,</strong></span> <span class='ocrx_word' id='word_1_209' title='bbox 1074 2954 1229 3009; x_wconf 79' lang='lat' dir='ltr'><strong>recte</strong></span> <span class='ocrx_word' id='word_1_210' title='bbox 1274 2954 1449 3009; x_wconf 81' lang='lat' dir='ltr'><strong>etiam</strong></span> <span class='ocrx_word' id='word_1_211' title='bbox 1476 2953 1526 3007; x_wconf 91' lang='lat' dir='ltr'>D</span> <span class='ocrx_word' id='word_1_212' title='bbox 1556 2960 1609 3023; x_wconf 88' lang='lat'><strong>4,</strong></span> <span class='ocrx_word' id='word_1_213' title='bbox 1636 2958 1722 3023; x_wconf 83' lang='grc'><strong>33,</strong></span> <span class='ocrx_word' id='word_1_214' title='bbox 1753 2959 1785 3008; x_wconf 89' lang='grc'><strong>9</strong></span> <span class='ocrx_word' id='word_1_215' title='bbox 1824 2951 1907 3017; x_wconf 78' lang='grc' dir='ltr'><strong>εἰς</strong></span> <span class='ocrx_word' id='word_1_216' title='bbox 1943 2948 2047 3023; x_wconf 83' lang='grc' dir='ltr'><strong>τὴν</strong></span> <span class='ocrx_word' id='word_1_217' title='bbox 2091 2957 2329 3024; x_wconf 76' lang='grc' dir='ltr'><strong><em>πλησίον</em></strong></span> 
     </span>
     <span class='ocr_line' id='line_1_29' title="bbox 405 3030 1835 3105; baseline -0.002 -14"><span class='ocrx_word' id='word_1_218' title='bbox 405 3030 567 3105; x_wconf 69' lang='grc' dir='ltr'><strong>ὅλην,</strong></span> <span class='ocrx_word' id='word_1_219' title='bbox 604 3033 674 3088; x_wconf 81' lang='lat' dir='ltr'><strong>of.</strong></span> <span class='ocrx_word' id='word_1_220' title='bbox 707 3040 756 3099; x_wconf 89' lang='lat'><strong>1,</strong></span> <span class='ocrx_word' id='word_1_221' title='bbox 788 3041 873 3103; x_wconf 83' lang='lat'><strong>13,</strong></span> <span class='ocrx_word' id='word_1_222' title='bbox 903 3039 963 3100; x_wconf 72' lang='lat'><strong>33</strong></span> <span class='ocrx_word' id='word_1_223' title='bbox 1001 3039 1052 3102; x_wconf 84' lang='lat'><strong>3,</strong></span> <span class='ocrx_word' id='word_1_224' title='bbox 1080 3038 1170 3103; x_wconf 79' lang='lat'><strong>46,</strong></span> <span class='ocrx_word' id='word_1_225' title='bbox 1195 3039 1254 3100; x_wconf 71' lang='lat'><strong>43</strong></span> <span class='ocrx_word' id='word_1_226' title='bbox 1294 3039 1347 3102; x_wconf 83' lang='lat'><strong>4,</strong></span> <span class='ocrx_word' id='word_1_227' title='bbox 1378 3038 1464 3105; x_wconf 75' lang='grc'><strong>13,</strong></span> <span class='ocrx_word' id='word_1_228' title='bbox 1491 3038 1551 3102; x_wconf 73' lang='lat'><strong>23</strong></span> <span class='ocrx_word' id='word_1_229' title='bbox 1589 3040 1641 3103; x_wconf 87' lang='lat'><strong>4,</strong></span> <span class='ocrx_word' id='word_1_230' title='bbox 1669 3039 1755 3101; x_wconf 80' lang='lat'><strong>⁷8,</strong></span> <span class='ocrx_word' id='word_1_231' title='bbox 1788 3038 1835 3088; x_wconf 91' lang='lat'><strong>1.</strong></span> 
     </span>
     <span class='ocr_line' id='line_1_30' title="bbox 567 3110 2332 3184; baseline 0.003 -18"><span class='ocrx_word' id='word_1_232' title='bbox 567 3113 651 3184; x_wconf 80' lang='grc'><strong>**)</strong></span> <span class='ocrx_word' id='word_1_233' title='bbox 689 3113 906 3167; x_wconf 85' lang='lat' dir='ltr'><strong>Eadem</strong></span> <span class='ocrx_word' id='word_1_234' title='bbox 930 3110 1172 3167; x_wconf 80' lang='lat' dir='ltr'><strong>mutatio</strong></span> <span class='ocrx_word' id='word_1_235' title='bbox 1209 3112 1272 3167; x_wconf 88' lang='lat' dir='ltr'><strong>in</strong></span> <span class='ocrx_word' id='word_1_236' title='bbox 1309 3111 1437 3167; x_wconf 78' lang='lat' dir='ltr'><strong>aliis</strong></span> <span class='ocrx_word' id='word_1_237' title='bbox 1475 3129 1696 3182; x_wconf 90' lang='lat' dir='ltr'><strong>quoque</strong></span> <span class='ocrx_word' id='word_1_238' title='bbox 1725 3111 2104 3169; x_wconf 84' lang='lat' dir='ltr'><strong>locutionibus</strong></span> <span class='ocrx_word' id='word_1_239' title='bbox 2133 3116 2332 3171; x_wconf 84' lang='lat' dir='ltr'><strong>crebra</strong></span> 
     </span>
     <span class='ocr_line' id='line_1_31' title="bbox 406 3187 2328 3266; baseline 0.001 -16"><span class='ocrx_word' id='word_1_240' title='bbox 406 3196 512 3262; x_wconf 83' lang='lat' dir='ltr'><strong>est,</strong></span> <span class='ocrx_word' id='word_1_241' title='bbox 547 3193 727 3249; x_wconf 80' lang='lat' dir='ltr'><strong>veluti</strong></span> <span class='ocrx_word' id='word_1_242' title='bbox 763 3187 1182 3263; x_wconf 78' lang='grc' dir='ltr'><strong><em>παρατηρήσεις</em></strong></span> <span class='ocrx_word' id='word_1_243' title='bbox 1217 3194 1511 3248; x_wconf 77' lang='grc' dir='ltr'><strong><em>ποιεῖσθαι</em></strong></span> <span class='ocrx_word' id='word_1_244' title='bbox 1540 3199 1589 3259; x_wconf 91' lang='grc'><strong>2,</strong></span> <span class='ocrx_word' id='word_1_245' title='bbox 1620 3199 1669 3264; x_wconf 88' lang='grc'><strong>9,</strong></span> <span class='ocrx_word' id='word_1_246' title='bbox 1698 3198 1758 3259; x_wconf 86' lang='grc'><strong>4,</strong></span> <span class='ocrx_word' id='word_1_247' title='bbox 1797 3199 1848 3261; x_wconf 88' lang='grc'><strong>2,</strong></span> <span class='ocrx_word' id='word_1_248' title='bbox 1877 3199 1963 3261; x_wconf 91' lang='grc'><strong>30,</strong></span> <span class='ocrx_word' id='word_1_249' title='bbox 1992 3200 2051 3263; x_wconf 90' lang='grc'><strong>2,</strong></span> <span class='ocrx_word' id='word_1_250' title='bbox 2090 3201 2141 3265; x_wconf 89' lang='grc'><strong>2,</strong></span> <span class='ocrx_word' id='word_1_251' title='bbox 2162 3201 2248 3266; x_wconf 89' lang='grc'><strong>31,</strong></span> <span class='ocrx_word' id='word_1_252' title='bbox 2270 3202 2328 3265; x_wconf 90' lang='grc'><strong>9,</strong></span> 
     </span>
     <span class='ocr_line' id='line_1_32' title="bbox 407 3271 2330 3346; baseline 0.003 -19"><span class='ocrx_word' id='word_1_253' title='bbox 407 3280 457 3341; x_wconf 84' lang='grc'><strong>3,</strong></span> <span class='ocrx_word' id='word_1_254' title='bbox 488 3279 573 3341; x_wconf 85' lang='grc'><strong>60,</strong></span> <span class='ocrx_word' id='word_1_255' title='bbox 604 3279 662 3339; x_wconf 86' lang='grc'><strong>3,</strong></span> <span class='ocrx_word' id='word_1_256' title='bbox 702 3272 804 3327; x_wconf 86' lang='lat' dir='ltr'><strong>sed</strong></span> <span class='ocrx_word' id='word_1_257' title='bbox 842 3279 893 3342; x_wconf 94' lang='lat'><strong>1,</strong></span> <span class='ocrx_word' id='word_1_258' title='bbox 922 3277 1009 3339; x_wconf 84' lang='lat'><strong>28,</strong></span> <span class='ocrx_word' id='word_1_259' title='bbox 1042 3278 1070 3325; x_wconf 94' lang='lat'>1</span> <span class='ocrx_word' id='word_1_260' title='bbox 1110 3292 1167 3327; x_wconf 89' lang='grc' dir='ltr'><strong>π.</strong></span> <span class='ocrx_word' id='word_1_261' title='bbox 1197 3278 1384 3327; x_wconf 83' lang='grc' dir='ltr'><strong><em>ποιεῖν</em></strong></span> <span class='ocrx_word' id='word_1_262' title='bbox 1421 3272 1482 3326; x_wconf 89' lang='lat' dir='ltr'><strong>in</strong></span> <span class='ocrx_word' id='word_1_263' title='bbox 1516 3271 1679 3328; x_wconf 89' lang='lat' dir='ltr'><strong>libris</strong></span> <span class='ocrx_word' id='word_1_264' title='bbox 1717 3274 1771 3328; x_wconf 93' lang='lat' dir='ltr'><strong>II</strong></span> <span class='ocrx_word' id='word_1_265' title='bbox 1799 3272 2024 3344; x_wconf 81' lang='lat' dir='ltr'><strong>classis3</strong></span> <span class='ocrx_word' id='word_1_266' title='bbox 2061 3276 2131 3334; x_wconf 85' lang='lat' dir='ltr'><strong>ef.</strong></span> <span class='ocrx_word' id='word_1_267' title='bbox 2164 3282 2212 3345; x_wconf 92' lang='lat'><strong>1,</strong></span> <span class='ocrx_word' id='word_1_268' title='bbox 2244 3282 2330 3346; x_wconf 85' lang='grc'><strong>67,</strong></span> 
     </span>
     <span class='ocr_line' id='line_1_33' title="bbox 410 3357 1305 3423; baseline 0.001 -17"><span class='ocrx_word' id='word_1_269' title='bbox 410 3358 502 3419; x_wconf 86' lang='grc'><strong>10,</strong></span> <span class='ocrx_word' id='word_1_270' title='bbox 539 3358 591 3421; x_wconf 83' lang='grc'><strong>4,</strong></span> <span class='ocrx_word' id='word_1_271' title='bbox 621 3360 672 3422; x_wconf 87' lang='grc'><strong>2,</strong></span> <span class='ocrx_word' id='word_1_272' title='bbox 699 3361 759 3422; x_wconf 90' lang='grc'><strong>3,</strong></span> <span class='ocrx_word' id='word_1_273' title='bbox 798 3360 848 3422; x_wconf 87' lang='lat'><strong>4,</strong></span> <span class='ocrx_word' id='word_1_274' title='bbox 879 3358 929 3422; x_wconf 83' lang='grc' dir='ltr'><strong>ὅ,</strong></span> <span class='ocrx_word' id='word_1_275' title='bbox 958 3357 1018 3420; x_wconf 86' lang='grc'><strong>4,</strong></span> <span class='ocrx_word' id='word_1_276' title='bbox 1056 3359 1108 3420; x_wconf 86' lang='grc'><strong>4,</strong></span> <span class='ocrx_word' id='word_1_277' title='bbox 1141 3358 1225 3423; x_wconf 88' lang='grc'><strong>78,</strong></span> <span class='ocrx_word' id='word_1_278' title='bbox 1254 3359 1305 3407; x_wconf 89' lang='lat'><strong>4.</strong></span> 
     </span>
     <span class='ocr_line' id='line_1_34' title="bbox 549 3431 1471 3503; baseline 0.001 -16"><span class='ocrx_word' id='word_1_279' title='bbox 549 3431 662 3500; x_wconf 77' lang='grc'>***)</span> <span class='ocrx_word' id='word_1_280' title='bbox 700 3432 1045 3503; x_wconf 78' lang='grc' dir='ltr'><strong><em>θραύσματα</em></strong></span> <span class='ocrx_word' id='word_1_281' title='bbox 1083 3434 1186 3488; x_wconf 81' lang='lat' dir='ltr'><strong>DF</strong></span> <span class='ocrx_word' id='word_1_282' title='bbox 1227 3440 1276 3502; x_wconf 88' lang='lat'><strong>3,</strong></span> <span class='ocrx_word' id='word_1_283' title='bbox 1312 3439 1393 3501; x_wconf 79' lang='lat'><strong>12,</strong></span> <span class='ocrx_word' id='word_1_284' title='bbox 1424 3440 1471 3489; x_wconf 90' lang='grc'><strong>6.</strong></span> 
     </span>
    </p>
   </div>
  </div>
 </body>
</html>
