2569 4061
6 549 13 588 ι

4 639 12 698 ὲ

939 337 1017 391 IV
1055 344 1139 393 61.
1179 343 1262 392 62.
1980 336 2114 403 495

177 498 298 566 καὶ
377 501 488 565 διὰ
559 502 684 584 τὴν
755 499 975 583 λύπην
1057 497 1589 583 ἐπιλαθομένους
1668 509 1783 583 τῆς
1855 497 2122 584 Αἰγέως

178 609 656 693 παραγγελίας,
703 616 843 683 τοῖς
879 604 1158 690 μέλασιν
1197 602 1434 682 ἵστίοις
1468 610 1824 672 καταπλεῖν
1861 609 1955 684 εἰς
1990 608 2115 691 τὴν

6 767 11 800 ÷
46 734 178 785 306
191 712 520 798 Ἀττικήν.
584 710 795 796 Αἰγέα
833 709 908 778 δὲ
943 712 1371 797 θεασάμενον
1387 713 1526 777 ’τὸν
1560 713 1966 798 κατάπλουν,
2000 713 2111 796 καὶ
2150 737 2181 785 ‘1

185 819 477 899 δόξαντα
522 818 922 904 τεθνηκέναι
966 821 1085 885 τὸν
1130 820 1308 902 υἱόν,
1355 818 1650 906 ἡρωικὴν
1696 819 1829 903 ἅμα
1873 818 2114 905 πρᾶξιν

6 875 9 908 τ
123 943 154 984 5
184 925 304 992 κᾱὶ
377 927 738 1014 συμφορὰν
804 924 1341 991 ἐπιτελέσασθαι·
1426 925 1764 1009 ἀναβάντα
1828 926 1955 1012 γὰρ
2020 927 2117 1003 εἰς

186 1034 316 1116 τὴν
371 1032 769 1119 ἀκρόπολιν,
824 1030 937 1098 καὶ
993 1033 1103 1097 διὰ
1148 1032 1272 1115 τὴν
1319 1031 1699 1119 ὑπερβολὴν
1742 1040 1858 1115 τῆς
1902 1032 2115 1115 λύπης

185 1142 664 1224 προσκόψαντα
709 1146 800 1228 τῷ
850 1142 989 1223 ζῆν,
1035 1137 1274 1204 ἑαυτὸν
1321 1141 1863 1225 κατακρημνίσαι.
1953 1139 2114 1223 μετὰ
2152 1158 2185 1207 8

187 1243 264 1311 δὲ
304 1248 446 1330 τὴν
492 1243 751 1329 Αἰγέως
805 1246 1118 1328 τελευτὴν
1164 1248 1423 1331 Θησεὺς
1478 1244 1947 1330 διαδεξάμενος
1991 1247 2115 1329 τὴν

188 1355 539 1436 βασιλείαν
595 1347 757 1437 ἦρχε
814 1360 937 1417 τοῦ
999 1355 1308 1436 πλήθους
1371 1354 1665 1437 νομίμως
1728 1351 1839 1418 καὶ
1901 1355 2115 1419 πολλὰ

95 1476 158 1516 10
188 1460 358 1546 πρὸς
399 1456 679 1542 αὔξησιν
713 1467 830 1541 τῆς
864 1458 1182 1542 πατρίδος
1218 1456 1514 1543 ἔπραξεν.
1590 1458 2115 1543 ἐπιφανέστατον

192 1561 267 1629 δὲ
315 1562 759 1648 συνετελέσθη
808 1565 881 1629 τὸ
928 1566 1085 1641 τοὺς
1123 1565 1399 1648 δήμους,
1447 1566 1644 1641 ὄντας
1680 1568 1957 1650 μικροὺς
1992 1562 2115 1649 μὲν

188 1681 330 1748 τοῖς
375 1669 708 1755 μεγέθεσι,
756 1673 1048 1747 πολλοὺς
1094 1665 1166 1735 δὲ
1202 1671 1322 1735 τὸν
1359 1669 1674 1755 ἀριθμόν,
1723 1682 2115 1755 μεταγαγεῖν

189 1779 285 1855 εἰς
358 1779 474 1855 τὰς
539 1775 853 1861 Ἀθήνας·
927 1777 1057 1842 ἀπὸ
1129 1778 1256 1863 γὰρ
1335 1777 1591 1842 τούτων
1653 1787 1789 1842 τῶν
1852 1779 2114 1863 χρόνων
2151 1798 2183 1846 9

181 1882 531 1968 Ἀθηναῖοι
596 1885 707 1949 διὰ
770 1884 846 1948 τὸ
911 1883 1116 1970 βάρος
1177 1892 1295 1966 τῆς
1364 1886 1618 1961 πόλεως
1690 1886 2115 1969 φρονήματος
2241 1875 2244 1878 ’

108 2004 163 2046 15
193 1990 672 2078 ἐνεπίμπλαντο
755 1988 869 2057 καὶ
946 1999 1063 2075 τῆς
1142 2000 1278 2056 τῶν
1349 1986 1690 2075 Ἑλλήνων
1760 1990 2114 2076 ἡγεμονίας

195 2095 606 2183 ὠρέχθησαν.
697 2097 884 2182 ἡμεῖς
930 2093 1005 2162 δὲ
1050 2094 1202 2184 περὶ
1246 2098 1508 2163 τούτων
1553 2096 1935 2184 ἀρκούντως
1981 2098 2114 2162 διε-

195 2206 560 2285 ληλυθότες
602 2205 684 2269 τὰ
722 2205 1079 2288 λειπόμενα
1114 2215 1249 2269 τῶν
1283 2202 1436 2289 περὶ
1477 2201 1698 2289 Θησέα
1732 2202 2114 2287 γενομένων

195 2307 681 2394 ἀναγράψομεν.

373 2418 766 2482 Δευκαλίων
795 2416 832 2482 ὁ
859 2418 1312 2503 πρεσβύτατος
1347 2427 1485 2482 τῶν
1510 2419 1791 2494 Μίνωος
1826 2419 2106 2502 παίδων,
2129 2419 2215 2484 62

120 2535 173 2576 20
201 2520 627 2586 δυναστεύων
664 2531 779 2606 τῆς
805 2525 1071 2608 Κρήτης
1106 2521 1219 2588 καὶ
1245 2524 1694 2608 ποιησάμενος
1718 2525 1884 2611 πρὸς
1913 2519 2111 2607 Ἀθη-

196 2628 428 2705 ναίους
492 2629 899 2713 συμμαχίαν,
973 2627 1303 2719 συνῴκισε
1368 2631 1492 2714 τὴν
1557 2631 1737 2696 ἰδίαν
1812 2629 2113 2715 ἀδελφὴν

201 2735 505 2820 Φαίδραν
543 2738 762 2819 Θησεῖ.
838 2737 999 2819 μετὰ
1036 2732 1110 2801 δὲ
1147 2737 1264 2801 τὸν
1309 2737 1527 2822 γάμον
1563 2733 1955 2804 Ἱππόλυτον
1991 2733 2113 2822 μὲν

194 2842 308 2906 τὸν
355 2840 426 2905 ἐκ
470 2848 586 2923 τῆς
625 2837 1049 2925 Ἀμαζονίδος
1094 2843 1459 2927 γενόμενον
1501 2842 1656 2907 υίὸν
1691 2845 1982 2928 ἔπεμψεν
2019 2844 2114 2919 είς

205 2950 525 3032 Τροιζῆνα
583 2946 954 3034 τρέφεσθαι
1012 2949 1190 3033 παρὰ
1250 2959 1392 3026 τοῖς
1446 2954 1713 3034 Αἴθρας
1775 2948 2111 3031 ἀδελφοῖς,

6 3115 8 3123 ,
120 3067 170 3109 25
198 3050 265 3117 ἐκ
302 3048 374 3117 δὲ
418 3054 715 3139 Φαίδρας
743 3051 1116 3137 Ἀκάμαντα
1152 3052 1262 3119 καὶ
1300 3059 1733 3140 Δημοφῶντα
1781 3052 2109 3135 ἐγέννησε.

197 3160 428 3247 μικρὸν
467 3155 529 3225 δ’
561 3159 848 3247 ὕστερον
881 3155 1278 3225 Ἱππολύτου
1325 3160 1813 3237 ἐπανελθόντος
1858 3159 1953 3236 είς
1996 3159 2112 3235 τὰς
2148 3182 2180 3230 2

192 3260 471 3350 Ἀθήνας
522 3269 690 3353 πρὸς
741 3269 823 3332 τὰ
868 3269 1230 3352 μυστήρια,
1283 3269 1548 3355 Φαίδρα
1595 3268 1706 3333 διὰ
1750 3267 1825 3331 τὸ
1873 3266 2113 3343 κάλλος

199 3370 555 3459 ἐρασθεῖσα
601 3373 808 3439 αὐτοῦ
852 3375 1000 3437 τότε
1037 3367 1159 3457 μὲν
1197 3368 1612 3451 ἀπελθόντος
1648 3374 1744 3450 εἰς
1788 3374 2112 3458 Τροιζῆνα

373 3535 440 3584 10
486 3531 585 3595 τῆς
629 3547 736 3585 om.
777 3529 826 3583 D
1007 3535 1076 3584 22
1125 3528 1264 3600 μετὰ
1316 3529 1380 3586 δὲ
1428 3528 1557 3602 τὸν]
1595 3527 1736 3599 μετὰ
1774 3526 1872 3584 τὸν
1910 3529 2001 3595 D¹,
2050 3523 2114 3592 ὃς

201 3596 333 3667 μετὰ
370 3597 472 3655 τὸν
514 3600 613 3656 C'F
718 3607 787 3656 23
827 3597 889 3656 ἐκ
929 3618 1037 3657 om.
1074 3602 1142 3656 D.
1253 3607 1323 3657 28
1362 3599 1445 3664 εἰς
1485 3602 1767 3682 Τρριζῆνα
1805 3617 1913 3656 om.
1951 3599 2020 3653 II.
