2569 4061
350 200 507 259 XXX
784 208 799 217 ⁰
1088 200 1521 257 PRAEFATIO.

352 374 416 432 et
458 367 848 448 ταύτομάτου.
917 370 1003 429 Et
1044 366 1109 429 τὸ
1155 366 1299 429 αὐτὸ
1351 372 1452 443 11,
1501 370 1603 444 63,
1652 372 1720 446 6,
1770 372 1872 447 13,
1921 373 2024 445 97,
2062 373 2133 447 4,
2181 372 2285 452 20,

363 472 464 547 76,
514 471 569 541 2,
617 467 777 545 quod
827 470 883 542 1,
934 469 990 544 7,
1041 471 1074 527 1
1135 471 1198 527 et
1257 469 1359 543 14,
1409 469 1511 545 52,
1560 470 1619 543 2,
1674 466 1783 527 ubi
1835 467 1941 527 alii
1997 465 2063 527 τὸ
2110 464 2286 540 αὐτὸ,

356 567 456 641 14,
507 567 610 641 70,
656 568 727 640 4,
777 566 877 639 15,
928 566 1028 638 54,
1080 568 1144 641 7,
1182 560 1297 638 ’16,
1351 566 1453 640 26,
1502 567 1569 642 3,
1619 566 1720 640 18,
1772 566 1874 642 29,
1925 568 1989 642 7,
2038 567 2141 639 19,
2182 566 2286 638 14,

354 665 412 737 4,
458 664 565 722 ubi
601 663 711 727 alii
750 659 816 722 τὸ
863 659 1036 735 αὐτό,
1097 665 1200 736 20,
1252 664 1397 736 109,
1446 664 1505 738 5,
1560 664 1723 722 reete
1769 663 2168 738 contractum,
2214 665 2290 722 ut·

351 755 534 818 ταύτὰ
586 763 684 834 13,
727 761 831 836 59,
872 761 938 837 8,
991 763 1095 835 17,
1127 762 1228 834 72,
1260 762 1319 834 6,
1363 759 1677 836 redarguit
1721 761 1881 820 male
1928 759 2286 820 distractum

352 851 423 913 τὰ
468 851 621 915 αὐτὰ
669 858 772 931 13,
812 858 917 932 26,
961 860 1024 932 1,
1077 858 1177 928 13,
1220 859 1323 933 93,
1360 858 1428 932 5,
1475 857 1581 935 34,
1614 860 1725 934 19,
1774 858 1877 931 38,
1908 859 1967 933 2,
1998 858 2055 930 2,
2101 860 2288 934 atque

354 952 537 1012 etiam
583 959 688 1013 τοῦ
735 949 922 1012 αὐτοῦ
966 954 1067 1026 13,
1110 953 1255 1026 109,
1294 955 1354 1027 3,
1402 953 1875 1013 contrahendum
1905 952 2165 1031 videtur,
2211 955 2290 1012 ut

356 1054 414 1124 2,
454 1053 555 1124 26,
597 1053 634 1110 3
684 1052 778 1109 est
832 1047 899 1108 ἐν
953 1046 1161 1134 ταύτῷ.
1235 1049 1319 1109 Et
1362 1057 1469 1110 τοῦ
1516 1046 1735 1129 ἀνδρὸς
1777 1052 1876 1125 18,
1917 1051 2021 1126 23,
2060 1053 2127 1128 3,
2182 1052 2288 1127 26,

359 1151 468 1225 16,
519 1149 618 1221 26,
670 1149 773 1218 24,
826 1149 1042 1221 1,.31,
1094 1149 1194 1221 19,
1245 1150 1316 1225 7,
1371 1151 1432 1207 et
1487 1148 1552 1208 in
1608 1148 1883 1224 pluribus
1944 1148 2044 1225 13,
2093 1150 2196 1225 22,
2244 1150 2288 1207 4

354 1248 415 1305 et
459 1245 522 1302 in
567 1262 686 1303 uno
737 1245 837 1315 13,
886 1244 990 1316 84,
1037 1246 1113 1320 3,
1165 1247 1265 1320 17,
1315 1246 1419 1321 29,
1457 1248 1525 1322 4,
1571 1245 1733 1322 quod
1776 1243 1943 1305 reete
1989 1245 2286 1321 seriptum

352 1337 604 1420 τάνδρὸς
653 1345 719 1420 1,
768 1341 881 1416 88,
927 1342 995 1416 4,
1061 1341 1129 1412 5,
1180 1342 1290 1418 70,
1340 1344 1405 1418 2,
1474 1346 1577 1418 11,
1624 1345 1729 1416 42,
1779 1344 1845 1419 5,
1916 1345 2016 1418 11,
2065 1345 2168 1419 57,
2218 1345 2289 1418 6,

359 1441 459 1513 13,
510 1441 611 1516 75,
659 1441 728 1515 5,
778 1440 880 1515 13,
928 1439 1032 1511 34,
1080 1439 1148 1513 3,
1198 1440 1300 1514 14,
1350 1441 1407 1512 5,
1458 1443 1522 1517 6,
1575 1442 1675 1517 14,
1724 1442 1871 1517 112,
1920 1441 1986 1520 3,
2037 1441 2139 1516 16,
2180 1441 2287 1514 11,

357 1542 422 1615 2,
474 1539 575 1613 17,
624 1538 726 1610 29,
775 1538 840 1612 4,
893 1539 993 1611 17,
1045 1538 1190 1612 161,
1241 1538 1306 1612 6,
1358 1539 1460 1616 19,
1508 1540 1567 1612 2,
1609 1542 1674 1615 7,
1723 1540 1825 1612 20,
1870 1540 2013 1614 106,
2062 1539 2131 1614 3,
2181 1539 2283 1609 23,

360 1637 461 1713 15,
509 1637 577 1712 5,
627 1637 726 1708 24,
779 1636 881 1708 12,
932 1637 997 1710 1,
1048 1637 1150 1706 26,
1200 1636 1304 1710 24,
1352 1637 1418 1711 2,
1469 1637 1583 1707 31,
1635 1638 1738 1711 27,
1785 1637 1852 1711 3,
1910 1636 2014 1713 34,
2061 1636 2162 1708 33,
2215 1638 2286 1710 7,

357 1736 460 1811 37,
512 1736 612 1813 13,
663 1736 721 1809 2,
765 1735 837 1790 ut
879 1727 1087 1807 τάνδρὶ
1134 1732 1193 1806 4,
1242 1733 1345 1808 26,
1393 1734 1462 1807 4,
1514 1735 1615 1805 19,
1666 1735 1767 1805 34,
1819 1734 1886 1808 6,
1927 1734 2030 1806 20,
2069 1733 2174 1804 93,
2215 1733 2291 1805 4,

358 1814 692 1909 31,19,17,
741 1831 844 1904 32,
878 1828 976 1903 10,
1008 1829 1074 1903 6,
1125 1828 1226 1904 32,
1261 1829 1362 1902 11,
1396 1829 1459 1884 1:
1504 1830 1579 1886 ut
1625 1827 1809 1886 etiam
1854 1832 1962 1886 τοῦ
1999 1822 2288 1905 ἀκριβοῦς

361 1930 462 1999 13,
510 1928 613 2000 90,
664 1928 700 1984 7
749 1922 1221 1984 contrahendum
1276 1923 1584 2003 videatur,
1646 1927 1718 1983 ut
1765 1942 1950 1999 supra.
2002 1919 2290 2001 τάκριβές.

534 2023 690 2083 Item
744 2018 808 2082 τὸ
855 2018 1128 2082 ἐναντίον
1182 2020 1344 2097 apud
1387 2019 1674 2081 Photium
1721 2022 1825 2098 32,
1877 2022 1978 2099 12,
2027 2023 2087 2100 3,
2142 2023 2292 2084 alibi

359 2141 596 2199 semper
638 2117 990 2183 τούναντίον
1036 2120 1347 2198 seriptum.
1419 2119 1503 2180 Et
1537 2117 1610 2179 τὰ
1655 2117 1895 2180 ἐναντία
1946 2123 2045 2198 16,
2086 2123 2188 2200 32,
2231 2125 2291 2198 2,

359 2240 545 2298 quum
603 2217 884 2280 τάναντία
937 2220 1018 2278 sit
1074 2221 1132 2294 3,
1187 2221 1292 2292 40,
1344 2220 1409 2294 9,
1479 2221 1580 2293 14,
1628 2219 1731 2291 87,
1783 2222 1847 2294 1,
1919 2220 2019 2294 14,
2068 2221 2169 2292 90,
2220 2221 2290 2296 5,

363 2320 472 2393 16,
522 2320 624 2392 27,
671 2320 738 2394 5,
802 2313 1069 2387 τᾶκεῖνος
1125 2318 1184 2390 3,
1234 2317 1335 2391 17,
1386 2316 1451 2391 5,
1517 2317 1576 2388 4,
1629 2315 1731 2390 84,
1778 2316 1854 2390 4,
1926 2318 2027 2391 11,
2068 2317 2170 2393 56,
2219 2318 2290 2392 8,

364 2416 464 2489 17,
513 2415 615 2490 36,
664 2416 730 2490 5,
800 2416 899 2489 13,
949 2414 1051 2487 66,
1103 2414 1167 2488 1,
1230 2408 1534 2490 τάπίχειρα
1594 2413 1697 2485 29,
1748 2413 1804 2488 6,
1864 2413 1921 2471 3.
2019 2408 2291 2492 Τοῦργον

360 2529 545 2588 quum
591 2528 663 2568 ex
707 2509 878 2569 libris
927 2509 1168 2586 opssimis
1213 2526 1324 2584 pro
1380 2504 1444 2567 τὸ
1491 2504 1666 2587 ἔργον
1714 2508 1795 2567 sit
1839 2503 2190 2569 restitutum
2234 2513 2296 2586 1,

364 2610 464 2684 61,
504 2610 563 2683 4,
602 2606 784 2666 etiam
824 2610 880 2683 1,
922 2608 1022 2683 64,
1064 2609 1100 2667 7
1149 2606 1309 2665 foret
1351 2603 1812 2683 restituendum,
1859 2605 1981 2665 nisi
2014 2605 2102 2664 ibi
2137 2605 2291 2665 liber

362 2706 624 2782 optimus
678 2705 996 2781 praeberet
1048 2701 1113 2764 τὸ
1168 2710 1292 2762 πᾶν
1346 2698 1548 2782 ἔργον,
1605 2702 1764 2779 quod
1821 2705 1915 2763 est
1973 2707 2029 2780 1,
2080 2706 2181 2781 63,
2231 2708 2294 2781 9,

361 2806 432 2863 ut
491 2805 652 2862 certe
713 2805 808 2861 est
872 2800 1315 2862 restituendum
1375 2803 1431 2875 1,
1472 2802 1574 2877 64,
1615 2801 1652 2859 8
1729 2800 1968 2861 sublato
2026 2800 2290 2861 fortasse

360 2908 567 2979 τοῦτο,
623 2904 685 2960 et
741 2902 800 2979 3,
849 2901 952 2978 23,
1002 2904 1068 2977 1,
1121 2898 1229 2958 ubi
1275 2916 1481 2959 omnes
1538 2895 1603 2958 τὸ
1660 2895 1851 2979 ἔργον.
1942 2897 2027 2957 Et
2069 2896 2292 2969 καλοὺς

362 2996 462 3060 καὶ
516 2994 789 3078 ἀγαθοὺς
836 3000 938 3072 33,
982 3000 1092 3074 14,
1136 2999 1199 3075 1,
1245 2997 1408 3073 quod
1452 2996 1674 3056 mirum
1729 2997 1783 3056 31
1834 2995 2141 3070 scripserit
2185 2996 2291 3072 qui

363 3097 516 3156 dixit
568 3091 982 3174 καλοκάγαθία
1039 3097 1094 3169 1,
1144 3096 1202 3169 2,
1252 3095 1288 3152 2
1350 3097 1412 3154 et
1472 3095 1633 3155 alibi.
1734 3094 1893 3152 Nam
1956 3091 2139 3152 etiam
2198 3111 2292 3152 re-

365 3194 655 3254 centiores
685 3193 749 3251 hi
777 3191 1117 3269 script-eree,
1144 3195 1215 3251 ut
1241 3189 1570 3266 Dionysius
1606 3188 1682 3249 A.
1710 3189 1778 3248 R.
1813 3190 1873 3264 3,
1905 3189 2005 3262 17,
2049 3208 2108 3265 p.
2139 3191 2293 3267 453,

370 3294 423 3364 7,
469 3291 574 3366 qui
618 3289 842 3350 ibidem
886 3309 943 3365 p.
982 3290 1132 3368 451,
1174 3291 1275 3364 12,
1331 3287 1527 3346 6163111
1570 3286 1756 3344 habet
1799 3281 2136 3363 τᾶλαχίστα,
2184 3287 2287 3347 ob·

366 3389 684 3446 servarunt
727 3390 1112 3463 praeceptum
1156 3384 1385 3444 Photii:
1440 3380 1638 3454 Καλὸς
1683 3376 1737 3441 κ’
1790 3378 2023 3463 ἀγαθὸς
2068 3380 2292 3465 λέγεται

366 3480 513 3541 κατὰ
571 3480 974 3560 σνναλοιφήν,
1027 3477 1158 3560 οὐχὶ
1219 3478 1398 3552 καλὸς
1452 3477 1552 3540 καὶ
1609 3476 1857 3560 ἀγαθός.
1947 3479 2070 3540 Ubi
2128 3480 2292 3559 quod
