2569 4061
402 149 535 206 VIII
1148 148 1579 207 PRAEFATIO.

408 336 482 379 ex
525 318 640 379 hac
684 317 1003 379 collatione
1039 317 1317 395 intellegi
1351 336 1472 379 non
1506 318 1724 394 potuit,
1766 335 1913 381 num
1948 323 2087 396 post
2120 338 2334 383 vocem

407 410 683 492 κατέσχεν
727 415 912 477 codex
955 414 1007 473 B
1052 414 1290 490 reliqua
1336 415 1586 477 adderet
1628 434 1830 477 necne.
1922 416 2020 477 Ab
2065 417 2335 481 Antonio

409 511 703 591 Cappelli,
734 512 1134 575 bibliothecae
1162 512 1523 575 Mutinensis
1550 512 1854 588 praefecto
1881 515 2334 592 humanissime,

407 629 517 687 per
559 611 798 671 litteras
844 611 1064 672 certior
1109 608 1304 670 factus
1352 628 1488 668 sum
1536 610 1719 670 etiam
1764 610 1981 672 codicis
2026 611 2098 689 B,
2142 613 2213 672 ut
2258 630 2334 673 ex

408 708 541 768 toto
578 706 719 767 libri
753 726 977 786 genere
1012 725 1082 767 ac
1119 709 1286 769 statu
1322 725 1578 783 pronum
1607 711 1740 768 erat
1766 708 2035 769 conicere
2065 703 2336 789 (Schnei-

409 803 516 865 der
559 825 615 882 p.
650 797 782 886 16),
826 805 1106 865 ultimam
1149 823 1360 867 vocem
1405 823 1537 868 esse
1582 801 1871 884 κατέσχεν.

591 903 878 974 Quamvis
936 921 1117 979 saepe
1171 903 1245 963 de
1303 904 1662 964 lectionibus
1705 922 1827 963 non
1872 905 2070 965 solum
2112 903 2337 964 codicis

409 999 459 1058 B
520 998 625 1059 sed
681 1001 864 1059 etiam
909 993 1041 1080 A*)
1113 1000 1417 1062 adnotatis
1483 1020 1521 1061 a
1573 999 1976 1077 Wesselingio
2040 1000 2338 1061 exsistant

409 1097 814 1157 dubitationes
830 1143 846 1172 ‚
892 1100 988 1157 tot
1031 1100 1236 1158 tamen
1279 1101 1515 1159 restant
1558 1097 1700 1174 loci,
1747 1096 1965 1173 quibus
2010 1100 2334 1173 utrumque

409 1193 626 1254 horum
673 1195 942 1255 codicum
988 1213 1059 1254 ex
1092 1195 1148 1254 D
1188 1194 1559 1271 descriptum
1604 1212 1735 1255 esse
1781 1196 2216 1272 comprobetur,
2262 1197 2336 1253 ut

409 1293 587 1369 pauci
641 1292 818 1352 electi
871 1292 949 1351 ad
1002 1311 1132 1352 rem
1189 1292 1616 1355 illustrandam
1672 1290 1945 1353 sufficere
1998 1292 2334 1353 videantur.

412 1388 504 1449 Ac
551 1393 886 1465 spectemus
931 1389 1100 1464 prius
1148 1389 1221 1449 de
1268 1389 1470 1451 codice
1505 1388 1562 1449 A
1611 1389 1756 1465 quid
1802 1388 1883 1449 sit
1925 1388 2337 1448 iudicandum:

466 1512 497 1571 I
544 1514 767 1588 39,10
810 1519 1053 1574 τοσοῦτο
1082 1517 1319 1591 πλῆθος
1426 1533 1491 1573 το
1529 1507 1828 1593 (foramen
1868 1512 1933 1572 in
1958 1502 2336 1587 membrana)

1514 1613 1752 1686 πληθος
1780 1609 1855 1683 D,
1900 1605 1965 1667 τὸ
2001 1610 2239 1684 πλῆθος
2278 1607 2337 1666 Α

435 1706 500 1766 II
566 1708 668 1782 26,
700 1710 737 1767 6
784 1705 886 1766 καὶ
937 1706 1040 1767 τόν
1094 1728 1154 1766 τε
1198 1710 1320 1765 Γα-

561 1801 848 1880 λαιμένην
911 1801 1149 1863 ἀνεῖλον
1219 1798 1322 1860 καὶ

562 1906 680 1958 τῶν
695 1895 1169 1975 ἀντιταξαμένων
1181 1895 1322 1968 τοὺς

563 1991 672 2074 μὲν
717 1993 782 2057 ἔν
827 2003 896 2079 τῇ
943 2003 1108 2079 φυγῇ
1142 1989 1322 2055 κατέ-

564 2094 801 2170 σφαξαν
838 2137 853 2154 .
883 2137 898 2153 .
927 2142 940 2154 .

409 2192 505 2251 III
570 2194 674 2269 47,
705 2195 742 2252 6
790 2190 1117 2271 τορεύματα

420 2289 510 2348 IV
578 2293 678 2363 51,
712 2293 749 2350 3
811 2287 956 2348 ὥστε
1016 2294 1324 2349 πιστεῦσαι

566 2383 716 2445 διότι
769 2385 1048 2465 πάρεστιν
1092 2381 1132 2462 ἡ
1178 2382 1324 2456 θεὸς

565 2476 892 2559 εὐδαίμονα
988 2480 1325 2560 ποιήσουσα

563 2576 669 2638 τὸν
713 2571 882 2641 οἶκον

1425 1703 1528 1765 καὶ
1571 1704 1674 1764 τόν
1709 1726 1769 1764 τε
1805 1698 2183 1780 Γαλαιμένην
2229 1701 2339 1763 ἄν·

1517 1796 1912 1876 τιταξαμένων
1959 1842 2206 1859 .....
2251 1800 2308 1859 D
2392 1835 2401 1844 ·

1428 1895 1530 1957 καὶ
1591 1904 1709 1956 τῶν
1772 1893 1906 1974 περὶ
1959 1893 2340 1996 Γαλαιμένην

1518 1989 1994 2072 ἀντιταξαμένων
2030 2038 2188 2056 .....
2226 1995 2285 2055 A

1430 2212 1645 2270 τορευα
1662 2205 1677 2219 ·
1697 2212 1770 2249 τα
1813 2190 1924 2249 AD

1431 2287 1574 2348 ὥστε
1618 2293 1923 2346 πιστεῦσαι
1973 2286 2129 2364 μόνα
2163 2287 2339 2366 ποιή-

1524 2399 1714 2445 σουσα
1757 2381 1862 2444 τὸν
1907 2376 2075 2446 οἶκον
2120 2386 2174 2444 D

1432 2481 1577 2543 ὥστε
1623 2489 1929 2543 πιστεῦσαι
1975 2480 2168 2561 μόνην
2206 2504 2340 2544 ποι-

1522 2577 1792 2656 ήσουσαν
1835 2578 1940 2641 τὸν
1986 2571 2154 2640 οἶκον
2198 2582 2257 2641 Α

596 2713 873 2791 Triginta
910 2714 1166 2789 amplius
1203 2712 1353 2773 locis
1391 2713 1633 2772 eaedem
1670 2714 1919 2772 lacunae
1953 2713 2343 2774 inveniuntur

414 2811 480 2870 in
525 2811 582 2872 A
642 2814 822 2887 atque
878 2809 943 2869 in
995 2809 1078 2887 D3
1137 2811 1355 2887 quibus
1385 2810 1594 2870 etiam
1646 2810 1783 2886 plus
1837 2810 2045 2871 valent
2097 2810 2155 2870 ei
2206 2811 2340 2886 loci,

559 3032 613 3103 *)
648 3030 839 3088 Etiam
896 3030 1108 3087 codicis
1155 3032 1207 3086 A
1262 3030 1650 3100 collationem,
1708 3047 1877 3099 quam
1930 3030 2342 3102 Wesselingius

417 3111 662 3180 exhibet,
699 3109 896 3165 multis
924 3110 1186 3166 laborare
1215 3109 1417 3167 erratis
1444 3125 1624 3179 nuper
1652 3108 1847 3165 docuit
1871 3108 2133 3165 Alfredus
2161 3109 2340 3166 Jacob

416 3192 727 3263 (Melanges
765 3190 953 3246 Graux
992 3195 1132 3246 1884
1168 3209 1223 3260 p.
1252 3190 1400 3258 525).

1476 3188 1736 3244 Ceterum
1790 3189 1897 3244 hac
1943 3205 2090 3243 nova
2127 3188 2341 3247 codicis

418 3273 806 3342 exploratione
852 3270 914 3326 id
958 3268 1201 3325 maxime
1254 3270 1519 3324 effectum
1572 3270 1686 3338 est,
1735 3269 1802 3322 ut
1850 3284 1961 3337 quo
2012 3267 2342 3340 diligentius

417 3351 596 3407 codex
631 3354 683 3406 A
719 3350 1060 3419 conferatur,
1100 3364 1166 3404 eo
1202 3347 1474 3405 maiorem
1511 3346 1631 3403 eius
1668 3346 2099 3404 similitudinem
2135 3365 2262 3403 cum
2289 3351 2341 3406 D

415 3444 541 3485 esse
577 3432 867 3499 appareat.
