2569 4061
392 264 527 330 432
1062 261 1371 319 DIODORI
1408 261 1641 318 SICULI

394 429 733 509 Σικελίαν,
772 424 1056 491 ἐποιεῖτο
1093 426 1218 510 τὴν
1252 427 1532 509 πορείαν
1569 424 1697 491 ἀπὸ
1736 433 1851 508 τῆς
1887 426 2337 509 Πελωριάδος
2555 418 2558 503 4

400 532 509 599 ἐπὶ
573 535 692 599 τὸν
738 530 1010 618 ’Ἐρυκω
1103 530 1464 610 διεξιόντος
1528 528 1589 596 δ’
1664 531 1872 597 αὐτοῦ
1933 530 2057 614 τὴν
2115 532 2338 618 παρά-

397 644 546 704 λιον
591 646 708 722 τῆς
752 640 997 722 νήσου,
1044 642 1508 722 μυθολογοῦσι
1561 638 1678 714 τὰς
1722 636 2018 721 Νύμφας
2064 636 2337 704 ἀνεῖναι

395 746 616 830 θερμὰ
671 744 921 831 λουτρά
973 745 1139 829 πρὸς
1195 743 1318 827 τὴν
1375 740 1755 807 ἀνάπαυσιν
1808 749 1924 825 τῆς
1977 743 2143 807 κατὰ
2197 745 2334 827 τὴν

402 849 797 939 ὁδοιπορίαν
858 849 1036 938 αὐτῷ
1093 846 1457 933 γενομένης
1511 851 1976 924 κακοπαθείας.
2065 850 2335 915 τούτων
2365 871 2395 911 5

399 955 461 1022 δ’
516 960 730 1023 ὄντων
777 959 1052 1039 διττῶν,
1097 956 1179 1020 τὰ
1224 951 1348 1040 μὲν
1383 951 1696 1042 Ἱμεραῖα,
1741 955 1823 1019 τὰ
1869 948 1932 1019 δ’
1979 951 2333 1038 Ἐγεσταῖα

398 1065 983 1151 προσαγορεύεται,
1028 1062 1157 1145 τὴν,
1200 1060 1571 1146 ὀνομασίαν
1616 1062 1851 1144 ἔχοντα
1895 1061 2146 1146 ταύτην
2192 1061 2327 1126 ἀπὸ

328 1191 360 1240 2
396 1180 533 1234 τῶν
577 1170 816 1234 τόπων.
908 1175 1029 1232 τοῦ
1076 1164 1138 1231 δ’
1183 1164 1593 1253 “Ηρακλεόυς
1646 1166 2136 1251 πλησιάσαντος
2184 1178 2330 1245 τοῖς

396 1275 561 1340 κατὰ
605 1277 724 1339 τὸν
751 1271 1004 1361 ’Ἑρυκα
1048 1275 1295 1359 τόποις,
1339 1272 1825 1360 προεκαλέσατο
1884 1274 2092 1339 αὐτὸν
2119 1272 2324 1358 ’Ἐρυξ

398 1380 493 1454 εἰς
536 1379 777 1463 πάλην,
823 1379 970 1456 υίὸς
1017 1375 1192 1464 [μὲν]
1233 1379 1331 1445 ὢν
1363 1374 1757 1466 Ἀφροδίτης
1790 1377 1903 1445 καὶ
1939 1381 2161 1446 Βούτα
2197 1387 2321 1444 τοῦ
2352 1399 2412 1438 ιο

396 1486 556 1559 τότε,
597 1486 1072 1568 βασιλεύοντος
1131 1497 1268 1551 τῶν
1330 1488 1571 1550 τόπων.
1661 1483 2026 1569 γενομένης
2081 1481 2153 1551 δὲ
2206 1493 2326 1569 τῆς

399 1592 780 1675 φιλοτιμίας
843 1592 1005 1674 μετὰ
1066 1594 1469 1676 προστίμου,
1524 1588 1635 1656 καὶ
1697 1598 1818 1657 τοῦ
1882 1586 2007 1674 μὲν
2043 1586 2323 1677 ’Ἐρυκος

401 1697 709 1774 διδόντος
754 1699 876 1783 τὴν
920 1698 1175 1782 χώραν,
1230 1706 1355 1763 τοῦ
1413 1696 1473 1763 δ’
1518 1695 1928 1784 (Ηρακλέους
1970 1699 2088 1775 τὰς
2139 1701 2429 1782 βοῦς,269

401 1805 478 1870 τὸ
561 1800 683 1888 μὲν
762 1814 1030 1891 πρῶτον
1113 1804 1511 1888 ἀγανακτεῢν
1593 1807 1712 1870 τὸν
1787 1802 2068 1889 ’Ἐρυκα,
2154 1804 2326 1869 διότι

399 1912 573 1975 πολὺ
629 1912 967 1975 λείπονται
1020 1918 1138 1993 τῆς
1192 1909 1378 1990 ἀξίας
1433 1911 1508 1975 αἰ
1561 1913 1744 1994 βόες,
1803 1908 2324 1995 συγκρινομένης
2356 1927 2411 1968 15

398 2025 515 2100 τῆς
559 2017 776 2104 χώρας
831 2017 997 2102 πρὸς
1051 2016 1277 2094 αὐτάς·
1345 2019 1512 2104 πρὸς
1563 2025 1770 2083 ταῦτα
1827 2012 1903 2083 δὲ
1956 2023 2076 2082 τοῦ
2119 2010 2328 2102 Ἡρα-

399 2121 635 2199 κλέους
696 2121 1241 2208 ἀποφαινομένου
1300 2125 1503 2208 διότι,
1560 2125 1802 2201 ταύτας
1862 2122 1947 2189 ἂν
2000 2123 2325 2209 ἀποβάλῃ,

402 2231 783 2316 στερήσεται
840 2238 957 2313 τῆς
1009 2229 1413 2315 ἀθανασίας,
1469 2230 1838 2315 εὐδοκήσας
1902 2231 1939 2295 ὁ
1979 2228 2183 2315 ’Έρυξ
2246 2238 2325 2316 τῇ

403 2338 711 2423 συνθήκῃ
758 2334 866 2402 καὶ
911 2338 1238 2415 παλαίσας
1284 2336 1565 2422 ἐλείφθη
1604 2335 1713 2402 καὶ
1749 2337 1873 2420 τὴν
1909 2337 2137 2424 χώραν
2175 2333 2324 2401 ἀπέ-

333 2463 365 2511 3
405 2445 624 2525 βαλεν.
687 2442 723 2508 ὁ
764 2441 824 2507 δ’
861 2440 1193 2531 ’ῌρακλῆς
1238 2445 1363 2528 τὴν
1398 2440 1520 2528 μὲν
1556 2445 1781 2532 χώραν
1817 2440 2149 2529 παρέθετο
2188 2452 2327 2519 τοῖς
2355 2460 2411 2501 20

403 2546 765 2632 ἐγχωρίοις,
806 2551 1239 2634 συγχωρήσας
1287 2550 1514 2627 αὐτοῖς
1561 2551 1923 2635 λαμβάνειν
1968 2552 2127 2626 τοὺς
2171 2572 2328 2633 καρ-

401 2651 598 2734 πούς,
645 2649 835 2737 μέχρι
891 2654 977 2716 ἄν
1029 2676 1130 2730 τις
1183 2665 1320 2718 τῶν
1367 2654 1663 2738 ἐκγόνων
1708 2655 1916 2722 αὐτοῦ
1961 2656 2327 2742 παραγενό-

403 2779 602 2841 μενος
648 2757 1006 2842 ἀπαιτήσῃ·
1073 2759 1234 2845 ὅπερ
1291 2758 1404 2825 καὶ
1450 2761 1698 2846 συνέβη
1743 2759 2080 2846 γενέσθαι.
2169 2765 2328 2825 πολ-

404 2866 549 2939 λαῖς
594 2863 720 2947 γὰρ
767 2862 1049 2951 ὕστερον
1084 2875 1343 2949 γενεαῖς
1378 2869 1685 2955 Δωριεὺς
1725 2867 1761 2933 ὁ
1802 2868 2328 2951 Λακεδαιμόνιος

403 2973 812 3054 καταντήσας
859 2972 953 3048 εἰς
1007 2972 1130 3055 τὴν
1175 2976 1495 3039 Σικελίαν
1548 2970 1658 3039 καὶ
1710 2974 1835 3058 τὴν
1889 2974 2114 3061 χώραν
2170 2972 2325 3037 ἀπο·
2354 2991 2413 3032 25

406 3079 631 3163 λαβὼν
666 3080 877 3144 ἔκτισε
914 3081 1112 3143 πόλιν
1137 3076 1557 3165 “Ηράκλειαν.
1604 3082 1767 3164 ταχὺ
1806 3076 1868 3144 δ’
1905 3079 2109 3162 αὐτῆς
2137 3076 2321 3156 αὐξο-

330 3215 333 3220 ·
405 3183 626 3269 μένης,
675 3185 746 3249 οἱ
778 3186 1231 3271 Καρχηδόνιοι
1268 3187 1734 3269 φθονήσαντες
1780 3186 1914 3270 ἅμα
1959 3183 2068 3250 καὶ
2117 3188 2323 3269 φοβη-

585 3396 613 3444 1
654 3392 756 3459 τῆς
793 3409 901 3448 om.
940 3394 1094 3463 vulg.
1225 3400 1258 3448 5
1295 3390 1606 3463 γενομένης
1643 3388 1797 3466 αὐτῷ
1835 3394 1990 3464 vulg.
2120 3401 2186 3449 10
2223 3390 2323 3464 μὲν

403 3457 514 3513 del.
553 3460 777 3515 Bekker
924 3468 990 3517 14
1026 3461 1159 3589 phe]
1197 3463 1306 3550 μὲν
1343 3454 1449 3517 οὖν
1485 3462 1534 3515 D
1691 3468 1757 3517 17
1804 3458 1880 3520 ἄν
1930 3464 2141 3528 ταύτας
2175 3466 2323 3536 vulg.

404 3529 471 3576 23
508 3529 607 3579 καὶ
644 3545 753 3583 om.
791 3531 841 3582 D
987 3537 1056 3585 25
1095 3553 1120 3587 ε
1151 3554 1177 3596 ς
1212 3533 1344 3604 την]
1384 3531 1465 3595 εἰς
1502 3533 1574 3589 F.
