2569 4061
376 299 509 366 468
1045 297 1355 356 DIODORl
1392 297 1625 355 SICULI

306 484 340 535 5
377 465 497 529 τὸν
557 469 679 527 τοῦ
736 463 851 545 ζῆν
906 463 1172 546 χρόνον.
1264 463 1427 545 μετὰ
1482 457 1557 527 δὲ
1610 468 1816 526 ταῦτα
1872 462 2030 537 τοὺς
2078 458 2321 548 Ἀργο-

377 569 622 644 ναύτας
668 566 1115 646 ἀπολιπόντας
1159 568 1463 652 φυλακὰς
1507 577 1625 652 τῆς
1668 568 1857 650 νεώς,
1903 568 2145 644 νυκτὸς
2198 567 2322 655 ὁρ-

378 684 582 760 μῆσαι
627 676 790 758 μετὰ
828 684 946 759 τῆς
982 675 1288 758 Μηδείας
1324 671 1432 739 ἐπὶ
1467 676 1543 740 τὸ
1581 677 2048 760 χρυσόμαλλον
2086 672 2318 759 δέρος·

378 779 530 867 περὶ
578 775 661 847 οὗ
705 782 786 846 τὰ
833 783 998 846 κατὰ
1043 778 1242 868 μέρος
1278 781 1528 847 οἰκεῖον
1574 779 1659 846 ἂν
1697 787 1798 864 εἴη
1840 782 2159 865 διελθεῖν,
2197 781 2321 846 ἵνα

383 884 595 974 μηδὲν
629 898 764 953 τῶν
804 885 1192 972 ἀνηκόντων
1228 889 1324 963 εἰς
1348 887 1484 970 ’τὴν
1518 883 1967 971 ὑποκειμένην
2005 885 2318 971 ἱστορίαν
2347 912 2379 953 5

325 1021 353 1050 ο
382 993 718 1080 ἀγνοῆται.

271 1108 358 1171 47
566 1100 819 1189 Φρίξον
873 1101 994 1165 τὸν
1042 1097 1458 1184 Ἀθάμαντος
1510 1105 1973 1184 μυθολογοῦσι
2031 1101 2142 1164 διὰ
2192 1102 2318 1179 τὰς

385 1209 514 1274 ἀπὸ
559 1217 675 1292 τῆς
719 1214 1043 1291 μητρυιᾶς
1087 1203 1444 1289 ἐπιβουλὰς
1485 1206 1906 1290 ἀναλαβόντα
1949 1207 2074 1290 τὴν
2118 1205 2316 1272 ἀδελ-

385 1314 523 1398 φὴν
552 1311 799 1395 Ἕλλην
845 1321 1090 1395 φυγεῖν
1136 1311 1207 1377 ἐκ
1251 1322 1370 1397 τῆς
1405 1310 1740 1389 Ἑλλάδος.
1804 1312 2313 1399 περαιουμένων

383 1416 444 1484 δ’
499 1417 720 1483 αὐτῶν
767 1419 933 1484 κατά
976 1440 1127 1484 τινα
1170 1425 1357 1485 θεῶν
1409 1423 1737 1505 πρόνοιαν
1790 1419 1862 1485 ἐκ
1916 1430 2032 1504 τῆς
2075 1421 2315 1507 Εὐρώ-
2344 1444 2401 1483 ιο

384 1545 512 1608 πης
557 1525 652 1601 εἰς
696 1526 820 1608 τὴν
850 1519 1077 1590 Ἀσίαν
1124 1523 1231 1591 ἐπὶ
1265 1535 1462 1611 κριοῦ
1497 1527 1988 1612 χρυσομάλλου,
2026 1529 2150 1612 τὴν
2187 1524 2313 1613 μὲν

383 1628 732 1718 παρθένον
769 1631 1128 1698 ἀποπεσεῖν
1164 1625 1261 1711 εἰς
1294 1634 1419 1716 τὴν
1462 1633 1826 1717 θάλατταν,
1862 1633 1950 1717 ἣν
1992 1629 2103 1700 ἀπ’
2146 1634 2313 1701 ἐκεί-

384 1762 507 1823 νης
542 1736 1034 1822 Ἑλλήσποντον
1080 1738 1573 1823 ὀνομασθῆναι,
1619 1741 1740 1805 τὸν
1791 1736 1866 1805 δὲ
1919 1740 2169 1826 Φρίξον
2215 1743 2316 1820 εἰς

384 1845 504 1909 τὸν
552 1846 822 1910 Πόντον
870 1843 1290 1930 πορευθέντα
1334 1851 1748 1929 καταχθῆναι
1791 1842 1915 1931 μὲν
1967 1848 2129 1932 πρὸς
2180 1848 2312 1929 τὴν

385 1952 705 2036 Κολχίδα,
741 1950 907 2014 κατὰ
945 1948 1026 2014 δέ
1056 1973 1120 2013 τι
1154 1951 1389 2034 λόγιον
1424 1951 1733 2016 θύσαντα
1768 1952 1888 2016 τὸν
1923 1952 2106 2039 κριὸν
2141 1949 2304 2015 ἀνα-
2338 1973 2398 2013 15

314 2083 347 2131 2
383 2063 610 2123 θεῖναι
653 2059 729 2123 τὸ
778 2054 970 2142 δέρος
1015 2057 1110 2133 εἰς
1163 2057 1237 2122 τὸ
1286 2066 1409 2124 τοῦ
1435 2057 1670 2146 ’Ἀρεος
1726 2059 1927 2146 ἱερόν.
2020 2059 2177 2144 μετὰ
2233 2055 2312 2124 δὲ

383 2173 589 2228 ταῦτα
633 2165 1109 2247 βασιλεύοντος
1161 2173 1278 2248 τῆς
1324 2166 1653 2250 Κολχίδος
1698 2167 1957 2250 Αἰήτου
2011 2167 2313 2252 χρησμὸν

385 2268 687 2334 ἐκπεσεῖν
735 2271 839 2336 ὅτι
886 2272 1033 2336 τότε
1077 2270 1513 2357 καταστρέψει
1558 2273 1678 2337 τὸν
1721 2275 1875 2355 βίον
1925 2273 2087 2338 ὅταν
2132 2272 2313 2352 ξένοι

384 2379 952 2455 καταπλεύσαντες
997 2379 1072 2443 τὸ
1119 2380 1586 2465 χρυσόμαλλον
1643 2376 1836 2463 δέρος
1881 2378 2312 2463 ἀπενέγκωσι.

386 2487 500 2550 διὰ
546 2485 628 2567 δὴ
676 2486 920 2561 ταύτας
964 2485 1080 2561 τὰς
1126 2485 1340 2561 αἰτίας
1374 2483 1487 2550 καὶ
1527 2485 1691 2566 [διὰ]
1740 2485 1863 2568 τὴν
1909 2486 2092 2550 ἰδίαν
2140 2485 2313 2570 ὠμό-
2342 2506 2396 2546 20

383 2613 548 2672 τητα
582 2588 961 2667 καταδεῖξαι
995 2591 1196 2655 θύειν
1239 2594 1398 2667 τοὺς
1435 2589 1687 2675 ξένους,
1724 2592 1837 2656 ἵνα
1878 2592 2314 2677 διαδοθείσης

384 2704 499 2777 τῆς
572 2696 797 2778 φήμης
867 2697 962 2770 εἰς
1033 2696 1294 2760 ἅπαντα
1363 2698 1573 2762 τόπον
1633 2695 1786 2785 περὶ
1848 2708 1964 2782 τῆς
2028 2701 2311 2784 Κόλχων

386 2800 773 2884 ἀγριότητος
819 2797 1050 2883 μηδεὶς
1094 2811 1230 2866 τῶν
1265 2799 1475 2879 ξένων
1512 2803 1819 2889 ἐπιβῆναι
1862 2809 2159 2892 τολμήσῃ
2194 2815 2315 2890 τῆς

386 2906 621 2993 χώρας.
712 2909 1096 2994 περιβαλεῖν
1161 2904 1236 2973 δὲ
1299 2907 1409 2976 καὶ
1471 2920 1563 2999 τῷ
1622 2908 1877 2996 τεμένει
1928 2923 2143 2997 τεῖχος
2200 2911 2315 2979 καὶ

391 3016 692 3100 φύλακας
737 3017 1027 3092 πολλοὺς
1073 3014 1417 3101 ἐπιστῆσαι
1469 3028 1604 3082 τῶν
1659 3016 1733 3082 ἐκ
1786 3027 1901 3102 τῆς
1954 3023 2313 3107 Ταυρικῆς·
2342 3037 2397 3079 25

391 3117 507 3206 ἀφ’
562 3116 656 3187 ὧν
699 3119 809 3188 καὶ
855 3123 1245 3208 τερατώδεις
1290 3125 1469 3209 παρὰ
1512 3135 1652 3202 τοῖς
1680 3122 1955 3208 ’Ἑλλησι
2010 3131 2313 3210 πλασθῆ-

316 3248 348 3295 3
386 3250 500 3291 ναι
537 3229 818 3310 μύθους.
867 3230 1351 3313 διαβεβοῆσθαι
1386 3231 1514 3316 γὰρ
1544 3231 1645 3296 ὅτι
1681 3234 2042 3318 πυρίπνοοι
2073 3242 2312 3320 ταῦροι

529 3421 564 3468 4
600 3415 671 3469 τὰ
710 3417 985 3485 Hertlein,
1024 3434 1132 3473 om.
1171 3420 1237 3486 D,
1275 3416 1340 3473 τὸ
1382 3422 1532 3490 vulg.
1627 3426 1659 3474 5
1698 3420 1802 3492 εἰς]
1847 3420 1941 3477 ἐπὶ
1977 3423 2028 3476 D
2122 3431 2154 3479 8
2193 3419 2305 3478 ὑπὸ

382 3480 550 3535 Dind.
665 3493 731 3539 14
768 3491 1192 3557 κατενεχθῆναι
1227 3489 1281 3541 II
1403 3496 1467 3544 17
1506 3489 1862 3560 βασιλεύοντι
1896 3524 1955 3534 -
1988 3491 2164 3565 Αἰήτῃ
2206 3493 2315 3549 OF

387 3554 456 3600 20
492 3551 614 3620 καὶ]
653 3555 750 3606 καὶ
789 3553 887 3607 διὰ
925 3557 1077 3626 vulg.
1188 3564 1255 3613 22
1296 3553 1525 3615 ἅπαντα
1560 3558 1661 3615 τὸν
1698 3559 1876 3617 τόπον
1916 3565 1982 3618 D.
