2569 4061
389 184 486 239 xi.
583 195 594 207 ·
748 169 824 191 ·’
1133 182 1567 240 PRAEFATIO.

390 351 703 429 Dionysio,
758 351 940 412 Dioni
985 350 1214 425 Cassi0,
1259 352 1514 428 aliisque
1559 351 1732 412 illato
1779 351 1903 411 dixi
1946 350 2023 411 ad
2070 351 2321 426 Stepha-

389 468 554 509 num.
645 449 856 527 Neque
911 449 1069 526 quod
1119 453 1222 527 11,
1270 449 1374 525 18,
1423 449 1459 507 2
1511 450 1631 507 est:
1682 439 1862 508 Οὗτοι
1906 445 2020 528 γὰρ
2064 445 2319 509 ἐδόκουν

390 543 490 605 καὶ
539 545 1153 625 φιλοτιμηθήσεσθαι,
1200 546 1527 621 scripserat
1571 546 1896 620 Diodorus„
1944 544 2048 606 sed
2093 549 2319 622 φιλοτι-

391 640 717 720 μήσεσθαι,
786 648 847 704 et
893 644 1098 725 Plato,
1153 643 1588 703 Demosthenes
1638 646 1700 702 et
1760 643 1864 702 alii
1911 662 2140 718 omnes,
2200 663 2319 721 quo

390 740 524 818 ipso
572 742 755 801 etiam
800 740 1243 821 τιμηθήσεσθαι
1289 742 1390 818 15,
1422 741 1524 817 74,
1557 741 1622 816 13
1674 742 1775 814 16,
1809 743 1907 818 75,
1938 742 1996 818 4,
2045 740 2320 820 quamyis

392 839 638 915 passiva
682 840 1116 918 significatione
1168 837 1434 915 positum
1488 840 1832 913 suspectum
1876 837 2169 913 redditur,
2213 856 2319 914 pa·

392 935 545 996 riter
589 940 771 1013 atque
821 939 924 1013 20,
964 939 1022 1011 3,
1063 940 1133 1015 3;
1183 936 1287 1013 27,
1321 938 1422 1012 18,
1462 937 1499 994 3
1547 929 1995 1012 ἡττηθήσεσθαι
2041 939 2101 995 et
2145 930 2320 1013 ἡττή-

392 1030 757 1111 θησόμενον.
848 1035 1006 1093 Nam
1050 1035 1112 1093 in
1141 1035 1416 1109 ,utroque
1461 1033 1646 1094 verbo
1703 1032 1788 1093 sic
1831 1051 2077 1109 peccare
2125 1034 2324 1093 solent

392 1129 657 1205 librarii,
702 1133 772 1189 ut
819 1131 892 1191 de
937 1131 1123 1207 priori
1177 1130 1386 1190 multis
1448 1130 1684 1191 ostendi
1731 1132 2018 1207 exemplis
2065 1131 2143 1192 ad
2190 1131 2320 1191 Ste-

393 1226 691 1304 phanum,
755 1228 829 1287 de
892 1230 1110 1304 altero,
1177 1229 1417 1290 etiamsi
1488 1228 1637 1289 dixit
1681 1227 2027 1305 Euripides,
2089 1228 2321 1307 Lysiae,

395 1344 576 1403 quem
618 1345 676 1402 p.
717 1327 862 1402 161,
904 1328 941 1386 3
989 1320 1428 1404 ἡττηθήσονται
1472 1319 1590 1386 τῶν
1636 1333 1869 1404 κακῶν,
1925 1325 2031 1386 sed
2073 1345 2132 1401 p.
2175 1327 2319 1396 180,

394 1575 450 1627 p.
487 1560 621 1627 445,
671 1562 736 1611 12
783 1553 1121 1628 ἄγαγῆσαι),
1173 1560 1240 1612 ut
1296 1558 1446 1627 quod
1491 1556 1567 1612 ib.
1615 1575 1671 1627 p.
1709 1562 1832 1626 354,
1870 1562 1941 1611 35
1987 1558 2047 1611 et
2083 1562 2215 1625 358,
2252 1562 2320 1611 32

397 1639 486 1693 est
512 1635 801 1711 διδῴησαν
839 1641 898 1693 et
924 1639 1162 1713 δοίησαν
1200 1655 1384 1708 neque
1410 1636 1651 1706 Polybio
1690 1653 1872 1705 neque
1899 1635 2147 1692 Diodoro
2176 1637 2323 1692 hanc

396 1716 637 1787 optativi
692 1718 933 1773 formam
985 1719 1167 1789 possit
1219 1717 1537 1783 vindicare,
1591 1730 1759 1783 quam
1812 1731 1918 1784 ego
1973 1732 2086 1770 non
2141 1716 2324 1771 solum

396 1797 511 1852 illis
561 1796 742 1852 exemi
787 1797 963 1866 praef.
1012 1799 1085 1853 ad
1130 1798 1329 1867 Polyb.
1381 1795 1492 1850 vol.
1534 1800 1584 1862 1,
1622 1812 1676 1863 p.
1706 1792 1829 1847 LIII
1866 1797 1926 1850 et
1960 1812 2014 1863 p.
2043 1793 2175 1863 XII,
2223 1800 2328 1851 aut

398 1875 626 1945 Atticis,
663 1879 729 1930 ut
764 1876 1141 1946 Xenophonti,
1179 1877 1250 1932 de
1287 1892 1399 1944 quo
1436 1873 1552 1928 dixi
1598 1874 1671 1928 ad
1709 1871 2017 1929 Comment.
2059 1879 2110 1945 1,
2148 1880 2198 1944 4,
2240 1882 2326 1943 19,

398 1972 453 2024 p.
500 1960 572 2008 44
626 1956 713 2013 ed.
772 1956 971 2024 Oxou„
1035 1954 1271 2023 aliisque
1326 1955 1397 2009 de
1463 1953 1665 2023 quibus
1731 1953 1804 2008 ad
1869 1952 2216 2023 Stephanum
2271 1974 2322 2012 v.

396 2029 620 2106 Ἀφίημι
655 2054 710 2106 p.
739 2041 898 2103 2662,
934 2036 999 2103 Β,
1047 2037 1147 2090 sed
1182 2052 1254 2091 ne
1291 2034 1536 2091 Homero
1574 2034 1805 2103 qmdem
1840 2033 2188 2092 vindicatam
2224 2053 2324 2106 pu-

401 2114 556 2184 tab0,
585 2114 765 2171 donec
795 2114 1022 2170 certiori
1048 2114 1436 2171 confirmatam
1462 2116 1654 2171 videro
1688 2114 1944 2185 exemplo
1974 2133 2145 2184 quam
2173 2115 2325 2185 quod

399 2212 574 2250 unum
599 2210 746 2249 nunc
785 2195 874 2247 est
899 2193 1051 2262 apud
1078 2194 1241 2250 illum
1277 2194 1344 2251 Il.
1375 2199 1434 2264 P,
1464 2200 1594 2250 733.
1627 2189 1752 2250 Ἀλλ’
1792 2189 1889 2250 ὅτε
1927 2194 1999 2294 δή
2039 2192 2088 2267 ῥ’
2120 2197 2324 2251 Αἴαντε

401 2272 891 2344 μεταστρεφθέντε
933 2269 1052 2327 κατ’
1085 2271 1297 2338 αὐτους
1324 2278 1614 2361 σταίησαν,
1652 2279 1766 2329 τῶν
1796 2273 1860 2330 δὲ
1891 2274 2135 2343 τράπετο
2163 2275 2327 2346 χροός.

399 2355 547 2408 Nam
582 2350 767 2407 facilis
804 2354 892 2405 est
918 2353 1189 2407 correctio
1227 2332 1438 2424 σταῖεν,
1475 2354 1588 2408 τῶν
1626 2350 1679 2409 δ’
1718 2346 1858 2409 αὖτε
1894 2354 2138 2425 τράπετο
2166 2355 2327 2427 χρώς,

399 2448 504 2488 nec
548 2431 731 2501 magis
779 2430 1038 2486 codicum
1089 2449 1390 2489 consensus
1436 2432 1631 2489 multis
1681 2433 1994 2503 antiquitus
2040 2434 2197 2492 vitiis
2241 2436 2325 2491 in-

405 2512 762 2581 quinatorum
806 2509 958 2565 tueri
1000 2513 1213 2580 poterit
1258 2513 1412 2583 quod
1456 2529 1571 2568 non
1615 2514 1693 2570 sit
1736 2515 2072 2571 Homericae
2120 2516 2328 2572 aetatis

405 2607 576 2661 quam
602 2606 833 2663 prorsus
860 2591 1166 2647 barbarum
1193 2593 1538 2667 ξυμβλήσεαι
1562 2611 1664 2665 pro
1703 2595 2017 2669 ξυμβλήεαι
2044 2595 2105 2650 in
2133 2613 2325 2652 omnes

401 2672 655 2741 illatum,
718 2671 869 2741 quod
924 2672 1138 2728 correxi
1192 2673 1267 2728 ad
1324 2672 1670 2744 Stephanum
1714 2695 1766 2730 v.
1814 2675 2009 2732 Βάλλα»
2049 2695 2103 2746 p.
2134 2682 2220 2744 90,
2257 2675 2325 2730 D.

402 2753 543 2809 Cum
577 2751 679 2808 illo
718 2753 909 2807 autem
945 2751 1318 2823 AntiochinO,
1357 2755 1458 2810 sed
1492 2753 1860 2811 nihilominus
1894 2773 2008 2812 non
2044 2755 2325 2812 Diodoreo

404 2831 919 2903 ἐναντιωθήσομαι,
957 2832 1208 2889 conferre
1244 2833 1383 2890 licet
1420 2851 1590 2903 quam
1633 2838 1699 2890 ut
1726 2835 2177 2907 Macedonicam,
2212 2851 2330 2891 non

401 2912 744 2969 Diodoream
788 2913 1002 2981 notavi,
1039 2912 1497 2985 terminationem
1532 2914 1861 2986 imperativi
1898 2935 2051 2970 ωσαν
2086 2933 2190 2985 pro
2230 2935 2329 2986 ων,

405 2991 738 3063 saepissime
787 2991 958 3047 etiam
993 2992 1203 3049 Atticis
1248 2993 1498 3064 illatam,
1545 2997 1611 3049 ut
1658 2995 1775 3049 dixi
1811 2994 1986 3066 praef.
2037 2996 2110 3048 ad
2144 2994 2327 3051 Xeno·

401 3072 632 3146 phontis
669 3069 817 3126 Hist.
856 3070 949 3128 Gr.
997 3074 1083 3127 ed.
1119 3071 1270 3145 Lips.
1318 3074 1547 3129 tertiam
1583 3093 1641 3144 p.
1668 3073 1877 3141 XVIII,
1928 3075 2027 3128 sed
2072 3076 2138 3128 ut
2182 3090 2329 3141 quae

404 3152 718 3209 certissima
755 3150 874 3207 eius
912 3152 1094 3207 videri
1128 3153 1351 3222 possint
1387 3154 1672 3223 exempla,
1719 3147 1927 3208 eadem'
1955 3154 2048 3208 vel
2083 3154 2329 3209 maxime

403 3231 634 3304 fallant,
671 3233 736 3286 ut
771 3232 1057 3304 Euripidis
1095 3232 1213 3289 Ion.
1254 3239 1422 3302 1231:
1464 3231 1656 3295 Θύσας
1693 3230 1757 3287 δὲ
1796 3229 2053 3302 γενέταις
2085 3236 2328 3304 θεοῖσιν,

404 3305 475 3380 ἢν
515 3308 735 3382 μακρὸν
761 3312 968 3382 χρόνον
996 3311 1166 3387 μένω,
1204 3314 1449 3382 παροῦσι
1486 3312 1678 3374 δαῖτες
1715 3309 1962 3367 ἔστωσαν
1991 3315 2192 3384 φίλοις,
2229 3315 2329 3371 ubi

404 3406 584 3458 nuper
629 3390 855 3446 restitui
909 3393 1059 3463 quod
1107 3393 1277 3447 etiam
1333 3389 1617 3447 sententia
1660 3392 1870 3462 poscit,
1925 3393 2127 3459 δαῖτας
2174 3390 2331 3451 ἑστία

407 3468 615 3536 macte:
652 3468 896 3526 Dindorf
916 3471 968 3526 V
995 3490 1049 3542 p.
1077 3470 1173 3527 XI.
