2569 4061
1114 291 1190 346 IV
1221 298 1306 347 48.
2040 295 2165 359 471

254 476 370 519 τον
406 455 537 519 τὸν
552 452 964 540 Εὐρυσθέως
1002 453 1299 538 ἀδελφὸν
1336 464 1456 520 τοῦ
1493 459 1651 533 τοὺς
1689 457 1944 534 ἄθλους
1970 454 2173 542 Ἡρα-

250 564 395 624 κλεῖ
443 561 960 647 προστάξαντος,
1027 562 1247 625 ἔπειτα
1310 572 1450 638 τοῖς
1504 562 1730 638 ἄλλοις
1783 570 1880 651 τῷ·
1927 565 2173 647 πλήθει

254 677 391 731 τῶν
433 665 1068 752 συναγωνιζομένων
1123 666 1572 753 περιχυθέντα
1630 666 1742 733 καὶ
1794 671 2171 756 βιαιότερον

254 771 630 858 ἐγκείμενον
683 774 815 839 ὑπὸ
872 774 1271 859 Μελεάγρου
1329 779 1770 858 φονευθῆναι.
1862 776 2032 840 ἔνθα
2087 778 2169 861 δὴ
2209 800 2241 847 5

192 895 221 937 5
252 882 568 959 πεσόντος
612 891 734 958 τοῦ
778 879 1101 964 βασιλέως
1145 878 1256 945 καὶ
1301 891 1437 944 τῶν
1464 876 1801 964 Ἑλλήνων
1847 879 2170 966 ἐπαρθένε

251 996 407 1069 τῶν,
455 995 779 1072 τραπῆναι
824 989 990 1072 πρὸς
1028 987 1256 1070 φυγὴν
1301 989 1459 1063 τοὺς
1495 989 1820 1071 Κόλχους,
1858 985 1965 1051 καὶ
2006 990 2171 1054 κατὰ

247 1095 368 1158 τὸν
433 1079 725 1177 διωγμὸν
786 1096 946 1169 τοὺς
1007 1095 1357 1169 πλείστους
1420 1093 1643 1158 αὐτῶν
1713 1093 2167 1179 ἀναιρεθῆναι.

245 1196 567 1280 γενέσθαι
623 1195 692 1263 δὲ
737 1196 849 1264 καὶ
894 1208 1029 1263 τῶν
1090 1197 1414 1284 ἀριστέων
1458 1203 1866 1284 τραυματίαν
1907 1196 2170 1265 Ἰάσονα

245 1302 359 1368 καὶ
403 1301 739 1389 Λαέρτην,
795 1306 890 1369 ἔτι
951 1302 1011 1369 δ’
1060 1298 1461 1389 Ἀταλάντην
1515 1305 1627 1371 καὶ
1680 1310 1838 1384 τοὺς
1885 1308 2168 1372 Θεσπιά-

160 1430 216 1469 10
249 1411 371 1487 δας
429 1409 1148 1496 προσαγορευομένους.
1239 1412 1519 1488 τούτους
1583 1409 1705 1497 μὲν
1769 1408 1896 1479 οὖν
1959 1427 2169 1497 φασιν

245 1515 377 1580 ὑπὸ
450 1524 566 1599 τῆς
628 1518 931 1599 Μηδείας
995 1516 1068 1582 ἐν
1130 1517 1386 1600 ὀλίγαις
1449 1516 1724 1603 ἡμέραις
1787 1519 1994 1602 ῥίζαις
2055 1518 2175 1586 καὶ.

243 1620 558 1702 βοτάναις
612 1619 748 1685 τισὶ
802 1628 1338 1708 θεραπευθῆναι,
1394 1626 1550 1699 τοὺς
1606 1619 1666 1687 δ’
1723 1621 2167 1709 Ἀργοναύτας

245 1725 818 1811 ἐπισιτισαμένους
862 1728 1236 1811 ἐκπλεῦσαι,
1283 1727 1395 1794 καὶ
1441 1727 1649 1813 μέσον
1693 1730 1822 1812 ’ἤδη
1870 1733 1944 1795 τὸ
1984 1734 2166 1796 Πον-

140 1907 153 1914 ,
239 1835 427 1899 τικὸν
471 1832 757 1918 πέλαγος
801 1836 1072 1920 ἔχοντας
1106 1846 1487 1921 περιπεσεῖν
1522 1846 1795 1920 χειμῶνι
1830 1841 2166 1922 παντελῶς

159 1959 211 2000 15
240 1938 661 2029 ἐπικινδύνῳ.
707 1951 829 2006 τοῦ
870 1940 929 2007 δ’
968 1940 1276 2027 Ὀρφέως,
1316 1943 1621 2027 καθάπερ
1656 1941 1769 2008 καὶ
1812 1941 2162 2029 πρότερον,
2201 1966 2233 2013 6

240 2047 432 2130 εὐχὰς
476 2046 932 2132 ποιησαμένου
975 2060 1114 2126 τοῖς
1152 2048 1571 2136 Σαμόθρᾳξι,
1614 2050 1803 2134 λῆξαι
1837 2046 1961 2134 μὲν
2005 2055 2164 2129 τοὺς

241 2151 554 2236 ἀνέμους,
603 2165 901 2240 φανῆναι
949 2152 1023 2220 δὲ
1068 2159 1353 2240 πλησίον
1398 2166 1513 2240 τῆς
1568 2158 1734 2233 νεὼς
1785 2160 1905 2223 τὸν
1958 2175 2162 2243 προσ-

240 2262 732 2343 αγορευόμενον
759 2262 1125 2328 θαλάττιον
1155 2266 1478 2328 Γλαῦκον.
1530 2268 1773 2330 τοῦτον
1803 2258 1862 2328 δ’
1897 2263 2004 2329 ἐπὶ
2035 2266 2158 2331 δύο

239 2364 480 2441 νύκτας
530 2365 643 2431 καὶ
698 2368 822 2433 δύο
882 2367 1127 2454 ἡμέρας
1181 2380 1475 2454 συνεχῶς
1528 2378 1607 2455 τῇ
1663 2368 1777 2453 νηὶ
1833 2372 2157 2454 συμπλεύ-

159 2490 212 2531 eo
240 2486 447 2534 σαντα
490 2483 833 2556 προειπεῖν
878 2455 1001 2559 μὲν
1033 2472 1354 2560 ἹΙρακλεῖ
1393 2473 1545 2559 περὶ
1589 2486 1724 2540 τῶν
1770 2476 2003 2541 ἄθλων
2047 2475 2157 2541 καὶ

132 2599 233 2649 292
252 2585 368 2660 τῆς
421 2576 820 2662 ἀθανασίας,
883 2591 1022 2658 τοῖς
1096 2577 1170 2646 δὲ
1240 2582 1718 2666 Τυνδαρίδαις,
1787 2582 1887 2647 ὅτι
1954 2600 2157 2667 προσ-

234 2686 809 2770 αγορευθήσονται
870 2683 997 2767 μὲν
1049 2689 1446 2772 Διόσκοροι,
1501 2697 1691 2771 τιμῆς
1744 2683 1806 2752 δ’
1878 2688 2154 2754 ἰσοθέου

231 2790 572 2869 τεύξονται
626 2793 805 2877 παρὰ
858 2802 1062 2858 πᾶσιν
1118 2792 1522 2878 ἀνθρώποις.
1612 2796 1914 2859 καθόλου
1972 2793 2033 2858 δ’
2087 2793 2152 2872 ἐξ
2192 2815 2222 2864 7

233 2896 556 2989 ὀνόματος
600 2899 1182 2983 προσφωνήσαντα
1225 2899 1477 2976 πάντας
1521 2902 1677 2976 τοὺς
1707 2896 2154 2984 Ἀργοναύτας

156 3020 206 3062 a
234 3004 441 3086 εἰπεῖν
506 3004 593 3079 ὡς
658 3004 769 3068 διὰ
832 3005 949 3080 τὰς
1002 2999 1290 3089 Ὀρφέως
1353 3005 1549 3090 εὐχὰς
1620 3011 1804 3069 θεῶν
1866 3008 2152 3091 προνοίᾳ

233 3105 465 3192 φανεὶς
529 3107 756 3185 αὐτοῖς
816 3113 1126 3194 σημαίνει
1188 3112 1271 3175 τὰ
1334 3111 1659 3195 μέλλοντα
1718 3111 2146 3193 γενήσεσθαι·

368 3342 398 3390 2
423 3331 557 3399 τοὺς
584 3332 787 3400 ἄλλους
810 3369 874 3378 -
893 3335 1310 3407 περιχυθέντας
1331 3367 1398 3377 -
1420 3332 1780 3407 ἐγκειμένους
1809 3335 1861 3390 ΙΙ
1955 3344 1987 3391 6
2017 3335 2148 3399 τοὺς

172 3463 178 3468 ,
227 3410 288 3464 K.
318 3404 462 3476 πρὸς
490 3405 683 3477 φυγὴν
712 3409 865 3478 vulg.
969 3415 999 3463 '1
1029 3405 1133 3463 τὸν
1161 3404 1413 3477 διωγμὸν
1468 3404 1573 3475 τὴν
1603 3402 1741 3461 ὁδὸν
1770 3406 1823 3461 11
1915 3412 1947 3462 8
1976 3426 2146 3477 τραυ-

226 3477 574 3621 ἔῗζῖιίιοὲςνῇἒ
703 3485 767 3534 11
817 3478 916 3534 καὶ
952 3476 1219 3552 βοτάναις
1255 3479 1363 3534 del.
1454 3479 1569 3533 ind.
1754 3483 1818 3532 12
1866 3477 1976 3533 τισὶ
2014 3480 2147 3534 ante
