2569 4061
1014 317 1094 371 111
1133 323 1219 373 49.
1251 323 1335 386 50.
1368 323 1452 373 51.
2054 318 2185 384 345

267 497 469 567 φεσιν
542 482 755 564 ὀλίγοι
829 477 951 565 μὲν
1014 478 1598 563 ἐπιγινώσκουσιν,
1673 481 1744 546 οἰ
1810 478 2048 547 πολλοὶ
2116 478 2176 544 δ’

270 589 669 670 ἀγνοοῦντες
730 597 1015 653 πατοῦσι
1076 584 1189 653 καὶ
1258 586 1606 662 κινδύνοις
1676 591 2187 673 περιπίπτουσιν

269 694 805 781 ἀπροσδοκήτοις.
908 693 1165 777 λέγεται
1240 690 1315 758 δὲ
1386 693 1667 769 τούτους
1744 695 1818 758 τὸ
1900 696 2186 761 παλαιὸν

270 800 672 878 ἐπελθόντας
714 797 873 867 ποτὲ
907 802 1162 884 πολλὴν
1205 809 1323 884 τῆς
1359 800 1709 882 Αἰγύπτου
1753 808 2024 882 ποιῆσαι
2060 802 2183 884 τὴν

216 924 242 964 ⁵
270 907 710 992 ὑποκειμένην
763 908 988 992 χώραν
1042 905 1372 988 ἀοίκητον.
1461 908 1714 988 γίνεται
1770 904 1850 970 δέ
1898 928 1963 969 τι
2019 912 2187 971 θαυ-
2224 929 2259 978 4

268 1015 510 1098 μάσιον
555 1016 713 1098 περί
745 1036 816 1078 τε
861 1013 1110 1096 ταύτην
1157 1012 1308 1095 [τὴν
1343 1012 1567 1097 χώραν
1603 1010 1742 1094 καὶ]
1789 1012 1912 1096 τὴν
1948 1010 2189 1096 χέρσον

266 1118 376 1187 καὶ
429 1122 554 1204 τὴν
608 1119 908 1185 ἐπέκεινα
961 1125 1078 1201 τῆς
1122 1119 1435 1204 Σύρτεως
1479 1120 1762 1203 Λιβύην.
1853 1115 2007 1204 περὶ
2062 1119 2188 1203 γάρ

268 1251 453 1304 τινας
479 1228 753 1311 καιροὺς
787 1223 898 1291 καὶ
943 1225 1223 1309 μάλιστα
1257 1226 1423 1291 κατὰ
1450 1226 1569 1302 τὰς
1601 1227 1921 1309 νηνεμίας
1949 1225 2191 1290 συστά-

271 1350 408 1410 σεις
453 1333 739 1418 ὁρῶνται
793 1332 957 1397 κατὰ
1001 1332 1121 1396 τὸν
1176 1330 1337 1416 ἀέρα
1382 1334 1721 1398 παντοίων
1778 1329 1961 1421 ζῴων
2010 1330 2190 1409 ἰδέας

191 1455 244 1496 10
270 1439 741 1524 έμφαίνουσαι’
806 1439 1062 1503 τούτων
1118 1432 1181 1502 δ’
1234 1439 1310 1503 αἱ
1362 1435 1483 1522 μὲν
1538 1439 1945 1524 ἠρεμοῦσιν,
1990 1440 2065 1504 αἰ
2118 1435 2192 1503 δὲ

162 1564 268 1614 219
289 1548 555 1628 κίνησιν
619 1544 1068 1627 λαμβάνουσι,
1122 1541 1231 1609 καὶ
1295 1540 1454 1609 ποτὲ
1519 1541 1641 1628 μὲν
1704 1544 2190 1631 ὑποφεύγουσι,

272 1646 432 1714 ποτὲ
488 1645 562 1714 δὲ
616 1650 967 1733 διώκουσι,
1024 1658 1232 1715 πᾶσαι
1290 1647 1364 1716 δὲ
1421 1651 1495 1715 τὸ
1551 1649 1835 1734 μέγεθος
1898 1652 2192 1717 ἄπλατον

274 1758 544 1840 ἔχουσαι
589 1756 988 1840 θαυμαστὴν
1030 1754 1436 1840 κατάπληξιν
1488 1755 1600 1821 καὶ
1645 1758 1938 1841 ταραχὴν
1984 1777 2192 1841 παρα-

274 1863 665 1942 σκευάζουσι
699 1874 840 1939 τοῖς
876 1862 1186 1950 ἀπείροις.
1252 1863 1328 1928 αἰ
1356 1864 1484 1949 γὰρ
1527 1863 2000 1931 ἐπιδιώκουσαι
2036 1866 2194 1940 τοὺς
2229 1884 2261 1932 5

192 1985 244 2026 15
272 1967 677 2056 ἀνθρώπους
739 1967 1009 2035 ἐπειδὰν
1074 1969 1527 2054 καταλάβωσι,
1570 1968 1999 2062 περιχέονται
2054 1979 2194 2047 τοῖς

275 2076 531 2159 σώμασι
558 2073 808 2160 ψυχραὶ
835 2074 946 2140 καὶ
982 2076 1380 2161 παλμώδεις,
1419 2077 1586 2142 ὥστε
1621 2081 1779 2154 τοὺς
1806 2072 1928 2160 μὲν
1966 2073 2196 2155 ξένους

275 2181 639 2266 ἀσυνήθεις
684 2182 882 2259 ὄντας
928 2183 1038 2247 διὰ
1081 2184 1156 2248 τὸ
1206 2180 1357 2259 δέος
1402 2182 1874 2267 ἐκπεπλῆχθαι,
1920 2185 2077 2259 τοὺς
2124 2180 2188 2247 δ’

274 2287 635 2374 ἐγχωρίους
687 2289 1005 2366 πολλάκις
1059 2292 1628 2376 συγκεκυρηκότας
1677 2300 1815 2365 τοῖς
1868 2290 2198 2366 τοιούτοις

274 2406 722 2480 καταφρονεῖν
758 2404 881 2460 τοῦ
919 2397 1421 2480 συμβαίνοντος.
1494 2395 1876 2480 παραδόξου
1924 2390 1984 2461 δ’
2020 2391 2193 2462 εἶναι
2212 2398 2295 2466 51

196 2516 250 2557 2⁰
280 2501 639 2579 δοκοῦντος
700 2510 822 2574 τοῦ
885 2502 1293 2587 πράγματος,
1325 2499 1433 2567 καὶ
1497 2502 1695 2590 μύθῳ
1760 2501 2194 2591 πεπλασμένῳ

275 2610 771 2691 παραπλησίου,
815 2611 1181 2694 πειρῶνταί
1226 2631 1403 2685 τινες
1448 2619 1582 2674 τῶν
1633 2619 1939 2690 φυσικῶν
1985 2610 2197 2687 αἰτίας

277 2712 674 2780 ἀποδιδόναι
714 2724 840 2782 τοῦ
885 2714 1245 2800 γινομένου
1291 2715 1613 2792 τοιαύτας.
1698 2714 1984 2799 ἀνέμους
2029 2713 2196 2800 φασὶ
2233 2740 2264 2788 2

276 2821 440 2885 κατὰ
491 2822 616 2904 τὴν
674 2822 899 2907 χώραν
953 2824 1108 2898 τοὺς
1171 2818 1293 2905 μὲν
1346 2823 1422 2887 τὸ
1479 2823 1772 2887 σύνολον
1835 2823 1924 2906 μὴ
1980 2833 2194 2904 πνεῖν,

275 2929 433 3003 τοὺς
470 2928 540 2992 δὲ
566 2933 903 3004 παντελῶς
940 2922 1112 2993 εἶναι
1140 2930 1472 3013 βληχροὺς
1506 2927 1618 2995 καὶ
1644 2929 1940 3012 κωφούς’
1990 2928 2197 3010 ὑπάρ-

197 3048 250 3091 25
277 3056 420 3117 χειν
476 3029 550 3098 δὲ
603 3032 714 3098 καὶ
766 3031 919 3118 περὶ
981 3035 1101 3100 τὸν
1158 3032 1319 3118 ἀέρα
1374 3035 1690 3113 πολλάκις
1747 3035 2028 3121 ἠρεμίαν
2085 3030 2196 3097 καὶ

276 3141 676 3225 θαυμαστὴν
721 3140 1075 3224 ἀκινησίαν
1123 3142 1234 3205 διὰ
1288 3142 1363 3206 τὸ
1411 3144 1571 3226 μήτε
1617 3142 1829 3217 νάπας
1874 3143 2035 3223 μήτε
2083 3154 2197 3203 συ-

2108 3246 2185 3282 ,μ

423 3372 459 3421 4
493 3367 727 3435 ποιῆσαι
766 3367 866 3437 τῆς
892 3366 1011 3437 Azy.
1049 3368 1201 3437 vulg.
1278 3374 1312 3423 6
1351 3363 1951 3493 χέρσοῖἐθχερσόνησον
1986 3364 2062 3429 D;
2100 3367 2202 3420 aut

278 3435 376 3490 καὶ
412 3432 517 3506 τὴν
546 3434 746 3508 χέρσον
783 3441 883 3494 aut
908 3437 1012 3508 τὴν
1039 3435 1229 3509 χώραν
1258 3438 1357 3493 καὶ
1385 3440 1493 3494 del.
1606 3436 1755 3504 leke3
1794 3435 2051 3503 eqmdem
2082 3454 2133 3490 v,
2167 3442 2197 3491 7

278 3507 376 3562 καὶ
415 3512 473 3563 et
507 3508 724 3581 Λιβύην
762 3510 951 3566 delere
986 3509 1181 3564 malim
1320 3516 1352 3564 8
1389 3505 1698 3578 ἀνηνεμίας
1734 3509 1782 3562 D
1932 3512 1995 3560 12
2029 3500 2199 3561 ἄπλε·

279 3597 379 3632 τον
415 3579 468 3633 Π
615 3586 679 3635 15
718 3578 1147 3653 καταλάβωνται
1184 3582 1236 3635 II
1411 3587 1475 3635 16
1514 3574 1831 3648 παχνώδεις
1867 3575 2090 3632 Reiske.
