2569 4061
387 210 516 275 154
1067 208 1378 266 DIODORI
1415 206 1652 265 SICULI

386 374 498 437 διὰ
532 380 648 455 τῆς
682 379 805 436 τοῦ
839 380 1083 458 νεκροῦ
1112 380 1316 456 τομῆς
1354 372 1448 449 είς
1483 373 1602 437 τὸν
1627 373 1905 458 θώρακα
1943 372 2055 439 καὶ
2091 375 2304 441 πάντα

384 477 630 563 ἐξαιρεῖ
677 476 878 564 χωρὶς
931 490 1203 563 νεφρῶν
1257 476 1368 543 καὶ
1421 479 1726 564 καρδίας,
1787 478 2008 566 ἕτερος
2064 478 2137 546 δὲ
2192 506 2306 547 κα-

385 586 612 668 θαίρει
656 594 791 649 τῶν
838 583 1186 667 ἐγκοιλίων
1232 583 1512 650 ἕκαστον
1557 586 1815 664 κλύζων
1871 592 2035 675 οἴνῳ
2084 611 2304 672 φοινι-

313 712 345 760 6
382 693 536 778 κείςο
584 688 694 755 καὶ
739 691 1134 776 θυμιάμασι.
1222 693 1526 756 καθόλου
1573 688 1649 757 δὲ
1693 701 1826 757 πᾶν
1871 695 1946 758 τὸ
1994 704 2182 778 σῶμα
2226 697 2301 760 τὸ

381 791 503 880 μὲν
538 809 805 882 πρῶτον
839 798 1070 884 κεδρίᾳ
1105 801 1223 863 καί
1260 815 1438 863 τισιν
1484 799 1712 874 ἄλλοις
1756 798 2125 884 ἐπιμελείας
2170 800 2302 878 άξι-
2358 817 2386 858 5

381 911 576 969 οῢσιν
632 901 739 988 ἐφ’
799 901 1047 991 ἡμέρας
1109 907 1380 982 πλείους
1432 915 1567 970 τῶν
1629 906 2013 991 τριάκοντα,
2080 909 2301 972 ἔπειτα

382 1010 644 1097 σμύρνῃ
715 1008 827 1074 καὶ
899 1011 1258 1098 κιναμώμῳ
1332 1008 1443 1076 καὶ
1523 1021 1664 1088 τοῖς
1741 1011 2140 1097 δυναμένοις
2212 1015 2300 1097 μὴ

381 1119 591 1199 μόνον
635 1118 1083 1202 πολυχρόνιον
1126 1120 1430 1203 τήρησιν,
1479 1117 1645 1183 ἀλλὰ
1690 1116 1801 1183 καὶ
1845 1118 1969 1202 τὴν
2016 1118 2301 1184 εὐωδίαν

378 1220 814 1307 παρέχεσθαι·
841 1224 1377 1310 θεραπεύσαντες
1406 1221 1481 1289 δὲ
1503 1226 1949 1310 παραδιδόασι
1974 1235 2115 1303 τοῖς
2143 1243 2304 1307 συγ-

378 1326 600 1411 γενέσι
644 1337 767 1394 τοῦ
811 1333 1346 1414 τετελευτηκότος
1396 1330 1606 1407 οὕτως
1660 1330 1939 1397 ἕκαστον
1992 1342 2127 1397 τῶν
2180 1340 2300 1397 τοῦ
2332 1349 2384 1389 1⁰

381 1436 682 1518 σώματος
728 1441 946 1520 μελῶν
984 1436 1295 1522 ἀκέραιον
1334 1436 1778 1523 τετηρημένον
1820 1439 1987 1504 ὥστε
2031 1435 2141 1502 καὶ
2184 1440 2301 1514 τὰς

380 1540 485 1606 ἐπὶ
529 1552 669 1620 τοῖς
723 1544 1085 1630 βλεφάροις
1136 1543 1247 1609 καὶ
1302 1554 1445 1621 ταῖς
1499 1543 1753 1631 ὀφρύσι
1803 1548 2031 1631 τρίχας
2078 1543 2300 1629 διαμέ-

378 1671 523 1713 νειν
569 1647 678 1713 καὶ
723 1650 847 1733 τὴν
894 1650 1056 1734 ὅλην
1101 1652 1437 1735 πρόσοψιν
1481 1659 1604 1715 τοῦ
1648 1649 1964 1736 ἶσώματος
2011 1650 2301 1736 ἀπαράλ-

378 1759 622 1820 λακτον
676 1751 848 1821 εἶναι
902 1754 1015 1821 καὶ
1070 1758 1188 1821 τὸν
1241 1765 1360 1842 τῆς
1416 1765 1681 1842 μορφῆς
1733 1757 1946 1822 τύπον
1990 1759 2299 1841 γνωρίζε-

310 1881 340 1929 ’1
381 1867 573 1926 σθαι·
630 1863 735 1926 διὸ
791 1861 900 1927 καὶ
954 1862 1191 1928 πολλοὶ
1247 1874 1382 1929 τῶν
1420 1864 1806 1946 Αἰγυπτίων
1861 1861 1935 1927 έν
1991 1863 2301 1946 οἰκήμασι
2333 1879 2383 1919 15

380 1968 766 2035 πολυτελέσι
813 1970 1260 2055 φυλάττοντες
1307 1971 1387 2035 τὰ
1433 1970 1702 2055 σώματα
1747 1977 1882 2034 τῶν
1922 1970 2299 2056 προγόνων,

260 2125 275 2140 .
378 2074 519 2141 κατ’
573 2078 732 2154 ὄψιν
789 2076 994 2163 ὁρῶσι
1052 2080 1209 2156 τοὺς
1261 2088 1521 2161 γενεαῖς
1565 2081 1842 2154 πολλαῖς
1885 2083 2002 2160 τῆς
2047 2073 2300 2141 ἑαυτῶν

378 2182 698 2265 γενέσεως
752 2187 1450 2271 προτετελευτηκότας,
1512 2184 1679 2250 ὥστε
1743 2182 2038 2249 ἑκάστων
2096 2183 2177 2248 τά
2230 2206 2299 2248 τε

379 2288 629 2374 μεγέθη
668 2289 779 2356 καὶ
822 2293 939 2368 τὰς
975 2293 1286 2377 περιοχὰς
1329 2301 1464 2355 τῶν
1502 2291 1847 2375 σωμάτων,
1895 2293 1990 2355 ἔτι
2033 2286 2106 2355 δὲ
2142 2291 2300 2364 τοὺς

376 2405 491 2478 τῆς
538 2397 751 2474 ὄψεως
786 2405 1200 2482 χαρακτῆρας
1238 2394 1621 2481 ὁρωμένους
1666 2394 2047 2480 παράδοξον
2084 2406 2292 2479 ψυχα-
2324 2413 2375 2453 20

377 2502 629 2589 γωγίαν
701 2502 1109 2588 παρέχεσθαι
1182 2501 1487 2585 καθάπερ
1558 2504 2095 2584 συμβεβιωκότας
2155 2512 2297 2577 τοῖς

270 2609 355 2674 92
373 2605 758 2690 θεωμένοις.
849 2618 970 2673 τοῦ
1026 2605 1099 2672 δὲ
1153 2607 1512 2690 μέλλοντος
1565 2605 1946 2671 θάπτεσθαι
1994 2606 2295 2689 σώματος

377 2714 448 2778 οἶ
478 2724 819 2795 συγγενεῖς
864 2713 1267 2798 προλέγουσι
1304 2714 1428 2796 τὴν
1466 2710 1718 2798 ἡμέραν
1753 2719 1870 2795 τῆς
1904 2719 2120 2796 ταφῆς
2155 2721 2295 2787 τοῖς

372 2842 441 2884 τε
490 2820 828 2896 δικασταῖς
863 2819 974 2885 καὶ
1017 2830 1157 2897 τοῖς
1195 2818 1611 2903 συγγενέσιν,
1660 2820 1756 2883 ἔτι
1804 2814 1878 2883 δὲ
1915 2819 2138 2902 φίλοις
2174 2825 2295 2882 τοῦ

373 2929 935 3011 τετελευτηκότος,
1000 2924 1110 2992 καὶ
1168 2929 1708 3012 διαβεβαιοῦνται
1766 2925 1867 2990 ὅτι
1924 2926 2295 3007 διαβαίνειν
2323 2941 2374 2982 25

375 3033 594 3119 μέλλει
629 3035 752 3118 τὴν
789 3036 1052 3118 λίμνην,
1104 3033 1408 3117 λέγοντες
1451 3033 1750 3116 τοῦνομα
1793 3040 1916 3097 τοῦ
1961 3034 2278 3115 μετηλλα-
2300 3052 2399 3101 103

515 3198 546 3246 2
586 3188 800 3260 ἐξαίρει
836 3190 1073 3259 οοᾱίοοε,
1111 3207 1248 3246 corr.
1287 3190 1451 3245 Dind.
1551 3196 1584 3244 3
1623 3184 1904 3260 ἐγκλύζων
1940 3189 1995 3242 11
2104 3193 2136 3241 6
2174 3207 2294 3275 τετ-

371 3259 692 3385 '“⁰“²’i3’²““
728 3263 797 3354 F*
846 3258 1431 3389 ²³11'‘⁰²3³²'a{‘'<‘›523⁰⁹vff111
1492 3258 1972 3387 '⁶22⁶‘323723233
2076 3279 2293 3385 ’5333‘

369 3351 825 3474 θῗέρούμέἲὲῗὲν
841 3403 975 3459 h’bri
1128 3409 1197 3459 25
1251 3348 1513 3473 zssyovvge'g
1557 3408 1690 3458 ante
1737 3351 1849 3458 ὅτίι
1888 3401 1950 3456 in
1977 3351 2292 3457 geodioibus’

371 3473 439 3520 26
476 3468 754 3544 τοῦνομα]
793 3476 892 3529 τοῦ
925 3475 1103 3545 νομοῦ
1143 3477 1188 3530 Ε
1264 3471 1697 3546 μετηλλαχότος]
1735 3468 2193 3542 τετελευτηκότος
2219 3469 2293 3527 Π.
