2569 4061
373 266 505 332 238
1039 262 1351 319 DIODORI
1390 259 1623 318 SICULI

373 426 435 494 δ’
482 425 619 494 ἐστὶ
663 423 863 511 μέρος
905 426 980 490 τὸ
1027 429 1359 510 βουλεῦον
1405 420 1527 509 μὲν
1562 422 1673 489 καὶ
1711 424 2122 508 συνεδρεῦον
2158 433 2309 500 τοῖς

374 531 543 619 ὑπὲρ
595 543 731 597 τῶν
774 543 1024 598 κοινῶν
1077 529 1625 616 βουλευομένοις,
1680 531 1929 614 πλήθει
1984 525 2106 614 μὲν
2153 528 2305 594 ἐλά-

372 655 633 723 χιστον,
689 638 993 726 εὐγενείᾳ
1047 634 1121 704 δὲ
1175 635 1288 704 καὶ
1334 640 1661 724 φρονήσει
1707 638 1991 721 μάλιστα
2035 641 2307 721 θαυμα-

374 748 675 831 ζόμενον·
733 746 805 812 ἐκ
856 746 1115 812 τούτων
1159 746 1290 831 γὰρ
1346 746 1418 810 οῗ
1466 767 1535 809 τε
1583 744 1954 829 σύμβουλοι
1998 753 2139 820 τοῖς
2183 745 2307 826 βα-

372 855 674 918 σιλεῦσίν
730 854 903 919 εἰσιν
958 853 1030 918 οἵ
1076 875 1146 917 τε
1205 848 1535 936 διοικηταὶ
1587 861 1723 916 τῶν
1774 860 2024 916 κοινῶν
2076 847 2186 915 καὶ
2234 852 2314 916 οἰ
2339 868 2368 908 5

374 958 679 1026 δικασταὶ
721 970 857 1025 τῶν
903 956 1581 1043 ἀμφισβητουμένων,
1641 955 1753 1021 καὶ
1796 959 2099 1022 καθόλου
2142 960 2309 1035 τοὺς

303 1086 334 1132 5
373 1067 701 1151 ἡγεμόνας
743 1063 856 1130 καὶ
899 1068 1058 1142 τοὺς
1102 1066 1430 1151 ἄρχοντας
1474 1063 1548 1129 ἐκ
1591 1064 1849 1129 τούτων
1894 1065 2137 1148 ἔχουσι.
2218 1066 2305 1129 τὰ

373 1170 496 1257 μὲν
542 1166 668 1237 οὖν
705 1169 869 1256 μέρη
907 1179 1022 1254 τῆς
1059 1169 1462 1257 διῃρημένης
1496 1172 1831 1247 πολιτείας
1865 1166 2023 1255 παρ’
2063 1167 2305 1247 Ἰνδοῖς

372 1279 613 1362 σχεδὸν
658 1274 839 1341 ταῦτ’
895 1279 1101 1342 ἔστιν·
1150 1277 1274 1342 οὐκ
1320 1276 1529 1356 ἔξεστι
1576 1272 1650 1341 δὲ
1695 1286 1932 1360 γαμεῖν
1979 1274 2045 1354 ἐξ
2091 1277 2303 1341 ἄλλου

372 1382 612 1467 γένους
646 1382 688 1467 ἢ
725 1381 1144 1470 προαιρέσεις
1179 1382 1222 1467 ἣ
1259 1381 1494 1468 τέχνας
1521 1384 2109 1468 μεταχειρίζεσθαι,
2149 1375 2300 1449 οἷον
2335 1403 2393 1444 10

372 1490 781 1575 στρατιώτην
836 1492 998 1555 ὄντα
1051 1501 1374 1577 γεωργεῖν
1429 1488 1471 1573 ἢ
1526 1492 1829 1574 τεχνίτην
1884 1490 2047 1553 ὄντα
2105 1492 2301 1573 φιλο-

374 1606 633 1681 σοφεῖν.

265 1701 351 1765 42
530 1702 712 1789 ’Ἐχει
750 1702 811 1769 δ’
847 1703 889 1787 ἡ
925 1714 1060 1769 τῶν
1090 1700 1326 1769 Ἰνδῶν
1362 1703 1544 1788 χώρα
1584 1703 1936 1779 πλείστους
1969 1699 2082 1767 καὶ
2119 1705 2302 1788 μεγί-

372 1827 570 1888 στους
617 1810 999 1896 ἐλέφαντας,
1047 1809 1210 1894 ἀλκῇ
1256 1832 1328 1875 τε
1376 1807 1488 1874 καὶ
1523 1807 1795 1894 μεγέθει
1842 1811 2016 1874 πολὺ
2066 1808 2296 1893 διαφέ-

373 1940 629 2003 ροντας.
720 1917 1017 2002 ὀχεύεται
1082 1914 1158 1982 δὲ
1227 1925 1426 1981 τοῦτο
1490 1917 1565 1981 τὸ
1641 1919 1808 2004 ζῷον
1873 1916 1997 2000 οὐχ
2075 1916 2295 2003 ὥσπερ
2331 1934 2387 1975 15

370 2023 547 2102 τινές
593 2040 825 2110 φασιν,
872 2021 1389 2109 ἐξηλλαγμένως,
1437 2016 1582 2090 ἀλλ’
1627 2022 1872 2107 ὁμοίως
1917 2023 2143 2101 ’ἵπποις
2187 2021 2297 2089 καὶ

370 2142 510 2210 τοῖς
563 2133 789 2209 ἄλλοις
841 2132 1197 2217 τετράποσι
1257 2126 1473 2219 ζῴοις·
1536 2138 1775 2196 κυοῦσι
1837 2126 1911 2195 δὲ
1963 2133 2122 2207 τοὺς
2176 2126 2299 2214 μὲν

373 2238 758 2323 ἐλαχίστους
827 2248 1038 2324 μῆνας
1110 2237 1484 2322 ἑκκαίδεκα,
1567 2240 1726 2314 τοὺς
1797 2233 1872 2303 δὲ
1946 2239 2298 2315 πλείστους

302 2361 333 2411 2
374 2344 836 2411 ὀκτωκαίδεκα.
929 2348 1225 2411 τίκτουσι
1282 2340 1356 2410 δὲ
1412 2344 1713 2429 καθάπερ
1775 2344 1965 2408 ἵπποι
2010 2345 2175 2408 κατὰ
2218 2345 2294 2408 τὸ

370 2458 683 2517 πλεῖστον
730 2451 834 2536 ἕν,
890 2450 1001 2517 καὶ
1045 2448 1369 2537 τρέφουσι
1414 2452 1489 2515 τὸ
1535 2446 1870 2534 γεννηθὲν
1917 2463 1983 2519 αἱ
2023 2449 2297 2537 μητέρες
2325 2469 2384 2509 20

372 2552 472 2622 ἐπ’
527 2559 637 2641 ἔτη
685 2557 771 2638 ἕξ.
856 2561 1009 2636 ζῶσι
1057 2552 1119 2622 δ’
1161 2557 1232 2622 οἱ
1270 2561 1570 2622 πλεῖστοι
1615 2557 1919 2642 καθάπερ
1968 2556 2003 2622 ὁ
2050 2579 2295 2643 μακρο-

372 2663 693 2746 βιώτατος
737 2664 1116 2749 ἄνθρωπος,
1165 2663 1236 2727 οἱ
1279 2659 1354 2728 δὲ
1400 2663 1683 2747 μάλιστα
1727 2663 2137 2749 γηράσαντες
2182 2665 2292 2747 ἔτη

374 2771 696 2834 διακόσια.

300 2894 331 2941 3
546 2873 704 2940 Εἰσὶ
734 2871 806 2941 δὲ
834 2873 990 2961 παρ’
1029 2873 1267 2953 Ἰνδοῖς
1303 2875 1415 2941 καὶ
1451 2875 1558 2941 ἐπὶ
1595 2879 1752 2953 τοὺς
1788 2875 2017 2956 ξένους
2054 2876 2290 2961 ἄρχον-

368 3006 475 3060 τες
516 2979 899 3066 τεταγμένοι
943 2979 1053 3047 καὶ
1101 2985 1566 3068 φροντίζοντες
1611 2981 1789 3058 ὅπως
1833 2979 2062 3066 μηδεὶς
2108 2979 2292 3061 ξένος
2319 3000 2375 3042 25

370 3089 701 3173 ἀδικῆται·
766 3098 906 3166 τοῖς
961 3085 1022 3153 δ’
1085 3088 1505 3174 ἀρρωστοῦσι
1567 3098 1704 3152 τῶν
1758 3086 1967 3167 ξένων
2025 3089 2292 3172 ἰατροὺς

369 3196 714 3279 εἰσάγουσι
759 3194 869 3261 καὶ
913 3197 1036 3279 τὴν
1082 3197 1292 3279 ἀλλην
1340 3193 1714 3279 ἐπιμέλειαν
1762 3203 2134 3278 ποιοῦνται,
2181 3191 2291 3258 καὶ

366 3305 882 3386 τελευτήσαντας
926 3302 1327 3385 θάπτουσιν,
1374 3303 1470 3365 ἔτι
1517 3297 1591 3366 δὲ
1635 3301 1716 3364 τά
1760 3298 2290 3385 καταλειφθέντα

374 3513 403 3535 Ἃ
477 3458 545 3506 10
581 3453 806 3527 γένους]
846 3455 1052 3526 μέρους
1078 3455 1133 3510 11
1239 3450 1302 3528 ἢ]
1341 3450 1376 3524 ἢ
1415 3458 1642 3518 πλείους
1669 3457 1870 3526 Wess„
1906 3453 1941 3524 ἢ
1972 3454 2077 3511 δύο
2106 3455 2287 3510 Rhod.

367 3519 432 3585 η]
471 3524 565 3574 καὶ
603 3524 782 3579 Rhod.
930 3532 998 3580 20
1038 3523 1104 3579 αἴ
1137 3528 1266 3581 add.
1309 3525 1514 3593 Rois-ke
1659 3532 1728 3581 28
1766 3526 2181 3594 τελευτήσαντα
2218 3525 2287 3581 Π.
