2569 4061
407 220 537 285 164
1069 217 1375 273 DIODORI
1412 216 1646 273 SICULI

401 381 558 449 καθ’
604 381 884 465 ἑκάστην
919 379 1174 466 ἡμέραν
1209 379 1396 465 ὕδωρ
1433 379 1666 465 φέρειν
1711 382 1806 456 εἰς
1842 380 2048 445 αὐτὸν
2085 379 2159 445 ἐκ
2203 390 2327 446 τοῦ
2422 453 2429 458 ,
2470 387 2477 390 ’

332 512 364 560 3
403 491 684 552 Νείλου·
748 489 873 571 τὴν
928 484 1002 553 δὲ
1060 486 1212 574 περὶ
1264 484 1664 553 τὸνὌκνον
1723 488 2138 570 μυθοποιίαν
2195 487 2329 552 δεί-

402 599 698 658 κνυσθαι
751 597 1036 677 πλησίον
1093 594 1258 659 κατά
1319 616 1471 658 τινα
1535 595 1913 677 πανήγυριν
1970 596 2328 657 συντελου-

405 697 644 783 μένην,
698 697 1057 776 πλέκοντος
1110 696 1231 783 μὲν
1277 698 1426 775 ἑνὸς
1471 698 1720 784 ἀνδρὸς
1766 697 1977 784 ἀρχὴν
2023 702 2327 783 σχοινίου

404 806 686 892 μακράν,
731 810 998 871 πολλῶν
1045 799 1107 868 δ’
1160 805 1231 870 ἐκ
1274 816 1411 870 τῶν
1447 804 1658 869 ὀπίσω
1706 806 2009 870 λυόντων
2052 806 2127 869 τὸ
2173 810 2327 870 πλε-
2356 823 2383 864 5

334 935 369 983 4
404 915 709 996 κόμενον.
785 912 1202 996 Μελάμποδα
1241 909 1321 975 δέ
1351 927 1519 995 φασι
1564 921 1978 994 μετενεγκεῖν
2015 909 2081 989 ἐξ
2117 911 2330 993 Αἰγύ-

404 1040 575 1083 πτου
629 1019 708 1082 τὰ
755 1017 1075 1104 Διονύσῳ
1120 1019 1519 1101 νομιζόμενα
1574 1022 1916 1082 τελεῖσθαι
1968 1017 2146 1101 παρὰ
2188 1026 2330 1092 τοῖς

392 1122 667 1207 ’Ἕλλησι
712 1122 824 1188 καὶ
869 1124 949 1187 τὰ
995 1121 1147 1208 περὶ
1182 1126 1460 1209 Κρόνου
1497 1124 2058 1207 μυθολογούμενα
2093 1120 2205 1187 καὶ
2249 1122 2330 1186 τὰ

405 1227 557 1313 περὶ
601 1237 716 1312 τῆς
758 1231 1241 1312 Τιτανομαχίας
1287 1226 1395 1294 καὶ
1439 1230 1515 1293 τὸ
1563 1229 1855 1294 σύνολον
1889 1228 2013 1311 τὴν
2053 1225 2205 1313 περὶ
2249 1229 2331 1292 τὰ
2392 1219 2395 1222 ’

338 1357 371 1404 5
410 1335 597 1418 πάθη
643 1344 780 1400 τῶν
815 1340 999 1399 θεῶν
1038 1336 1356 1421 ἱστορίαν.
1437 1336 1557 1399 τὸν
1597 1331 1670 1399 δὲ
1707 1335 2054 1399 Δαίδαλον
2099 1332 2330 1417 λέγου-
2360 1359 2413 1398 10

410 1456 522 1505 σιν
558 1439 1105 1525 ἀπομιμήσασθαι
1140 1442 1264 1524 τὴν
1301 1449 1421 1506 τοῦ
1458 1442 1882 1524 λαβυρίνθου
1917 1441 2173 1523 πλοκὴν
2207 1447 2330 1504 τοῦ

412 1545 844 1632 διαμένοντος
899 1545 1020 1632 μὲν
1074 1548 1262 1632 μέχρι
1316 1556 1438 1612 τοῦ
1483 1556 1613 1612 νῦν
1655 1556 1924 1633 καιροῦ,
1982 1548 2331 1631 οἰκοδομη-

413 1652 656 1731 θέντος
702 1652 798 1737 δέ,
846 1655 934 1730 ὡς
979 1653 1101 1738 μέν
1143 1653 1320 1730 τινές
1364 1668 1595 1736 φασιν,
1645 1653 1777 1719 ὑπὸ
1823 1651 2198 1737 Μένδητος,
2245 1653 2334 1728 ὣς

415 1755 477 1823 δ’
521 1762 690 1825 ἔνιοι
734 1760 1070 1842 λέγουσιν,
1116 1760 1246 1824 ὑπὸ
1284 1760 1575 1844 Μάρρου
1619 1767 1741 1824 τοῦ
1787 1756 2129 1841 βασιλέως,
2174 1761 2335 1822 πολ-

344 1888 375 1936 6
415 1871 558 1943 λοῖς
620 1867 794 1930 ἔτεσι
846 1866 1174 1950 πρότερον
1232 1873 1349 1946 τῆς
1391 1868 1594 1930 Μίνω
1648 1865 2000 1948 βασιλείας.
2090 1864 2210 1926 τόν
2263 1883 2333 1925 τε
2373 1885 2424 1926 15

417 1972 685 2059 ῥυθμὸν
747 1981 883 2037 τῶν
947 1971 1240 2057 ἀρχαίων
1302 1966 1446 2037 κατ’
1496 1978 1844 2055 Αἴγυπτον
1917 1968 2336 2054 ἀνδριάντων

418 2081 539 2145 τὸν
575 2078 781 2145 αὐτὸν
818 2074 993 2144 εἶναι
1026 2087 1166 2155 τοῖς
1200 2078 1331 2144 ὑπὸ
1361 2080 1711 2144 Δαιδάλου
1741 2081 2335 2144 κατασκευασθεῖσι

420 2187 601 2272 παρὰ
654 2195 794 2262 τοῖς
841 2183 1131 2268 Ἕλλησι.
1220 2187 1296 2250 τὸ
1345 2182 1419 2250 δὲ
1471 2186 1827 2250 κάλλιστον
1871 2186 2217 2271 πρόπυλον
2263 2182 2336 2247 ἐν

418 2290 692 2375 Μέμφει
736 2299 859 2355 τοῦ
903 2288 1339 2375 (Ηφαιστείου
1383 2292 1730 2355 Δαίδαλον
1776 2290 2337 2375 ἀρχιτεκτονῆσαι,

419 2396 531 2462 καὶ
584 2394 1070 2480 θαυμασθέντα
1131 2405 1358 2479 τυχεῖν
1416 2398 1673 2471 εἰκόνος
1727 2395 1995 2477 ξυλίνης
2047 2395 2212 2460 κατὰ
2263 2395 2337 2459 τὸ
2367 2418 2420 2457 20

421 2500 911 2586 προειρημένον
957 2501 1139 2586 ἱερὸν
1182 2509 1327 2576 ταῖς
1384 2501 1584 2576 ἰδίαις
1627 2497 1816 2585 χερσὶ
1862 2500 2341 2584 δεδημιουργη-

423 2604 646 2690 μένης,
682 2604 885 2690 πέρας
922 2601 995 2668 δὲ
1035 2605 1147 2668 διὰ
1180 2606 1304 2688 τὴν
1334 2606 1622 2689 εὐφυΐαν
1650 2602 2019 2683 ἀξιωθέντα
2055 2605 2342 2687 μεγάλης

426 2709 623 2794 δόξης
693 2708 804 2776 καὶ
873 2711 1088 2775 πολλὰ
1158 2709 1687 2796 προσεξευρόντα
1757 2718 1981 2793 τυχεῖν
2051 2706 2342 2775 ἰσοθέων

424 2827 659 2902 τιμῶν·
706 2817 871 2882 κατὰ
914 2817 1041 2902 γὰρ
1088 2817 1247 2900 μίαν
1291 2827 1427 2881 τῶν
1471 2817 1637 2901 πρὸς
1680 2823 1760 2900 τῇ
1797 2811 2073 2899 Μέμφει
2115 2818 2343 2897 νήσων

429 2927 524 2990 ἔτι
577 2922 687 2989 καὶ
741 2931 869 2988 νῦν
927 2922 1110 3009 ἱερὸν
1164 2917 1337 2988 εἶναι
1382 2922 1734 2988 Δαιδάλου
1786 2921 2160 3006 τιμώμενον
2213 2920 2341 2985 ὑπὸ
2371 2954 2423 2994 25

355 3052 385 3100 ’1
428 3043 564 3098 τῶν
610 3030 963 3115 ἐγχωρίων.
1053 3037 1169 3113 τῆς
1214 3023 1276 3092 δ’
1320 3026 1609 3114 Ὁμήρου
1654 3029 2020 3113 παρουσίας
2065 3029 2230 3091 ἄλλα
2274 3048 2342 3091 τε

573 3263 604 3311 2
644 3255 734 3329 δὲ]
772 3275 832 3311 τε
869 3256 1021 3327 vulg.
1153 3250 1361 3310 Ὄκνον
1400 3253 1737 3325 διερὴειῑιιιε,
1775 3249 1912 3309 ὄνον
1950 3254 2170 3309 codices
2313 3260 2347 3306 4

434 3329 684 3397 σχοινίου
724 3328 830 3383 del.
869 3326 1074 3381 Reiske
1254 3331 1287 3378 5
1334 3322 1575 3381 ὄπισθεν
1628 3324 1682 3377 Π
1863 3330 1929 3378 13
1979 3325 2258 3395 μενδήτου
2297 3325 2343 3378 D

434 3403 506 3451 14
542 3395 810 3468 Μάρρου]
850 3395 1114 3466 Βάρωνος
1148 3396 1191 3450 F
1303 3401 1368 3451 15
1405 3398 1638 3459 Μίνωος
1673 3395 1726 3449 II
1839 3402 1902 3450 19
1942 3393 2246 3464 ἡφαιστίου
2274 3395 2344 3466 D,

432 3461 716 3530 ἡφαίστου
753 3468 904 3535 vulg.
