<?xml version="1.0" encoding="UTF-8"?>
<!DOCTYPE html PUBLIC "-//W3C//DTD XHTML 1.0 Transitional//EN"
    "http://www.w3.org/TR/xhtml1/DTD/xhtml1-transitional.dtd">
<html xmlns="http://www.w3.org/1999/xhtml" xml:lang="en" lang="en">
 <head>
  <title>
</title>
<meta http-equiv="Content-Type" content="text/html;charset=utf-8" />
  <meta name='ocr-system' content='tesseract 3.04.00' />
  <meta name='ocr-capabilities' content='ocr_page ocr_carea ocr_par ocr_line ocrx_word'/>
</head>
<body>
  <div class='ocr_page' id='page_1' title='image "./diodoribiblioth02dindgoog/diodoribiblioth02dindgoog_0456.png"; bbox 0 0 2569 4061; ppageno 0'>
   <div class='ocr_carea' id='block_1_1' title="bbox 389 258 1645 326">
    <p class='ocr_par' dir='ltr' id='par_1_1' title="bbox 389 258 1645 326">
     <span class='ocr_line' id='line_1_1' title="bbox 389 258 1645 326; baseline -0.012 1"><span class='ocrx_word' id='word_1_1' title='bbox 389 259 521 326; x_wconf 82' lang='lat'><strong><em>356</em></strong></span> <span class='ocrx_word' id='word_1_2' title='bbox 1065 258 1375 315; x_wconf 85' lang='lat' dir='ltr'>DIODORI</span> <span class='ocrx_word' id='word_1_3' title='bbox 1411 258 1645 316; x_wconf 83' lang='lat' dir='ltr'>SICULI</span> 
     </span>
    </p>
   </div>
   <div class='ocr_carea' id='block_1_2' title="bbox 283 418 2442 3273">
    <p class='ocr_par' dir='ltr' id='par_1_2' title="bbox 380 418 2442 1146">
     <span class='ocr_line' id='line_1_2' title="bbox 383 418 2330 508; baseline -0.003 -18"><span class='ocrx_word' id='word_1_4' title='bbox 383 428 684 490; x_wconf 88' lang='grc' dir='ltr'><strong><em>σιλεῦσαι</em></strong></span> <span class='ocrx_word' id='word_1_5' title='bbox 739 418 851 487; x_wconf 88' lang='grc' dir='ltr'><strong><em>καὶ</em></strong></span> <span class='ocrx_word' id='word_1_6' title='bbox 903 424 1063 497; x_wconf 88' lang='grc' dir='ltr'><strong><em>τοὺς</em></strong></span> <span class='ocrx_word' id='word_1_7' title='bbox 1118 421 1524 508; x_wconf 77' lang='grc' dir='ltr'><strong><em>ἀνθρώπους</em></strong></span> <span class='ocrx_word' id='word_1_8' title='bbox 1570 421 1917 508; x_wconf 77' lang='grc' dir='ltr'><em>σποράδην</em></span> <span class='ocrx_word' id='word_1_9' title='bbox 1965 421 2330 498; x_wconf 78' lang='grc' dir='ltr'><strong><em>οἰκοῦντας</em></strong></span> 
     </span>
     <span class='ocr_line' id='line_1_3' title="bbox 384 523 2328 613; baseline -0.002 -17"><span class='ocrx_word' id='word_1_10' title='bbox 384 538 788 612; x_wconf 78' lang='grc' dir='ltr'><em>συναγαγεῖν</em></span> <span class='ocrx_word' id='word_1_11' title='bbox 835 529 930 605; x_wconf 88' lang='grc' dir='ltr'><strong><em>εἰς</em></strong></span> <span class='ocrx_word' id='word_1_12' title='bbox 974 530 1229 606; x_wconf 88' lang='grc' dir='ltr'><strong><em>πόλεως</em></strong></span> <span class='ocrx_word' id='word_1_13' title='bbox 1273 531 1659 613; x_wconf 78' lang='grc' dir='ltr'><strong><em>περίβολον,</em></strong></span> <span class='ocrx_word' id='word_1_14' title='bbox 1704 525 1816 593; x_wconf 87' lang='grc' dir='ltr'><strong><em>καὶ</em></strong></span> <span class='ocrx_word' id='word_1_15' title='bbox 1852 535 1967 611; x_wconf 86' lang='grc' dir='ltr'><strong><em>τῆς</em></strong></span> <span class='ocrx_word' id='word_1_16' title='bbox 2003 523 2125 612; x_wconf 72' lang='grc' dir='ltr'><strong><em>μὲν</em></strong></span> <span class='ocrx_word' id='word_1_17' title='bbox 2164 527 2328 592; x_wconf 82' lang='grc' dir='ltr'><strong><em>ἀνο-</em></strong></span> 
     </span>
     <span class='ocr_line' id='line_1_4' title="bbox 380 632 2331 721; baseline 0 -22"><span class='ocrx_word' id='word_1_18' title='bbox 380 638 536 719; x_wconf 82' lang='grc' dir='ltr'><em>μίας</em></span> <span class='ocrx_word' id='word_1_19' title='bbox 580 632 692 700; x_wconf 87' lang='grc' dir='ltr'><strong><em>καὶ</em></strong></span> <span class='ocrx_word' id='word_1_20' title='bbox 736 643 859 701; x_wconf 87' lang='grc' dir='ltr'><strong><em>τοῦ</em></strong></span> <span class='ocrx_word' id='word_1_21' title='bbox 903 634 1293 721; x_wconf 79' lang='grc' dir='ltr'><strong><em>θηριώδους</em></strong></span> <span class='ocrx_word' id='word_1_22' title='bbox 1337 637 1494 717; x_wconf 92' lang='grc' dir='ltr'><strong><em>βίου</em></strong></span> <span class='ocrx_word' id='word_1_23' title='bbox 1538 643 1790 700; x_wconf 85' lang='grc' dir='ltr'><strong><em>παῦσαι</em></strong></span> <span class='ocrx_word' id='word_1_24' title='bbox 1832 636 1991 711; x_wconf 84' lang='grc' dir='ltr'><strong><em>τοὺς</em></strong></span> <span class='ocrx_word' id='word_1_25' title='bbox 2027 633 2331 699; x_wconf 73' lang='grc' dir='ltr'><strong><em>ὑπακού-</em></strong></span> 
     </span>
     <span class='ocr_line' id='line_1_5' title="bbox 382 738 2324 828; baseline -0.001 -22"><span class='ocrx_word' id='word_1_26' title='bbox 382 763 606 827; x_wconf 89' lang='grc' dir='ltr'><strong><em>οντας,</em></strong></span> <span class='ocrx_word' id='word_1_27' title='bbox 652 741 935 828; x_wconf 83' lang='grc' dir='ltr'><strong><em>εὑρόντα</em></strong></span> <span class='ocrx_word' id='word_1_28' title='bbox 972 742 1089 818; x_wconf 79' lang='grc' dir='ltr'><strong><em>τὰς</em></strong></span> <span class='ocrx_word' id='word_1_29' title='bbox 1124 751 1260 807; x_wconf 93' lang='grc' dir='ltr'><strong><em>τῶν</em></strong></span> <span class='ocrx_word' id='word_1_30' title='bbox 1306 739 1574 827; x_wconf 81' lang='grc' dir='ltr'><strong><em>ἡμέρων</em></strong></span> <span class='ocrx_word' id='word_1_31' title='bbox 1620 752 1895 827; x_wconf 78' lang='grc' dir='ltr'><strong><em>καρπῶν</em></strong></span> <span class='ocrx_word' id='word_1_32' title='bbox 1938 742 2163 824; x_wconf 82' lang='grc' dir='ltr'><strong><em>χρείας</em></strong></span> <span class='ocrx_word' id='word_1_33' title='bbox 2207 738 2324 805; x_wconf 85' lang='grc' dir='ltr'><strong><em>καὶ</em></strong></span> 
     </span>
     <span class='ocr_line' id='line_1_6' title="bbox 383 845 2442 934; baseline -0.001 -22"><span class='ocrx_word' id='word_1_34' title='bbox 383 846 792 934; x_wconf 80' lang='grc' dir='ltr'><strong><em>παραθέσεις</em></strong></span> <span class='ocrx_word' id='word_1_35' title='bbox 824 845 936 912; x_wconf 80' lang='grc' dir='ltr'><strong><em>καὶ</em></strong></span> <span class='ocrx_word' id='word_1_36' title='bbox 970 857 1107 912; x_wconf 90' lang='grc' dir='ltr'><strong><em>τῶν</em></strong></span> <span class='ocrx_word' id='word_1_37' title='bbox 1138 847 1363 912; x_wconf 81' lang='grc' dir='ltr'><strong><em>ἄλλων</em></strong></span> <span class='ocrx_word' id='word_1_38' title='bbox 1389 856 1524 911; x_wconf 90' lang='grc' dir='ltr'><strong><em>τῶν</em></strong></span> <span class='ocrx_word' id='word_1_39' title='bbox 1553 848 1898 933; x_wconf 89' lang='grc' dir='ltr'><strong><em>χρησίμων</em></strong></span> <span class='ocrx_word' id='word_1_40' title='bbox 1928 845 2052 911; x_wconf 84' lang='grc' dir='ltr'><strong><em>οὐκ</em></strong></span> <span class='ocrx_word' id='word_1_41' title='bbox 2078 846 2305 929; x_wconf 87' lang='grc' dir='ltr'><strong><em>ὀλίγα·</em></strong></span> <span class='ocrx_word' id='word_1_42' title='bbox 2327 868 2442 919; x_wconf 80' lang='lat'><strong><em>225</em></strong></span> 
     </span>
     <span class='ocr_line' id='line_1_7' title="bbox 382 950 2382 1038; baseline -0.003 -19"><span class='ocrx_word' id='word_1_43' title='bbox 382 958 927 1038; x_wconf 79' lang='grc' dir='ltr'><strong><em>κατακτήσασθαι</em></strong></span> <span class='ocrx_word' id='word_1_44' title='bbox 992 950 1052 1018; x_wconf 85' lang='grc' dir='ltr'><strong><em>δ’</em></strong></span> <span class='ocrx_word' id='word_1_45' title='bbox 1113 952 1320 1018; x_wconf 83' lang='grc' dir='ltr'><strong><em>αὐτὸν</em></strong></span> <span class='ocrx_word' id='word_1_46' title='bbox 1382 951 1494 1018; x_wconf 82' lang='grc' dir='ltr'><strong><em>καὶ</em></strong></span> <span class='ocrx_word' id='word_1_47' title='bbox 1556 962 1673 1037; x_wconf 80' lang='grc' dir='ltr'><strong><em>τῆς</em></strong></span> <span class='ocrx_word' id='word_1_48' title='bbox 1738 951 2133 1038; x_wconf 84' lang='grc' dir='ltr'><strong><em>οἰκουμένης</em></strong></span> <span class='ocrx_word' id='word_1_49' title='bbox 2194 954 2323 1037; x_wconf 81' lang='grc' dir='ltr'><strong><em>τὴν</em></strong></span> <span class='ocrx_word' id='word_1_50' title='bbox 2352 973 2382 1013; x_wconf 80' lang='lat'>6</span> 
     </span>
     <span class='ocr_line' id='line_1_8' title="bbox 387 1057 2324 1146; baseline -0.001 -19"><span class='ocrx_word' id='word_1_51' title='bbox 387 1064 726 1145; x_wconf 79' lang='grc' dir='ltr'><strong><em>πλείστην,</em></strong></span> <span class='ocrx_word' id='word_1_52' title='bbox 781 1057 893 1125; x_wconf 85' lang='grc' dir='ltr'><strong><em>καὶ</em></strong></span> <span class='ocrx_word' id='word_1_53' title='bbox 946 1059 1233 1143; x_wconf 89' lang='grc' dir='ltr'><strong><em>μάλιστα</em></strong></span> <span class='ocrx_word' id='word_1_54' title='bbox 1287 1063 1446 1137; x_wconf 85' lang='grc' dir='ltr'><strong><em>τοὺς</em></strong></span> <span class='ocrx_word' id='word_1_55' title='bbox 1500 1062 1665 1146; x_wconf 89' lang='grc' dir='ltr'><strong><em>πρὸς</em></strong></span> <span class='ocrx_word' id='word_1_56' title='bbox 1710 1061 1834 1144; x_wconf 86' lang='grc' dir='ltr'><strong><em>τὴν</em></strong></span> <span class='ocrx_word' id='word_1_57' title='bbox 1879 1057 2164 1146; x_wconf 77' lang='grc' dir='ltr'><strong><em>ἑσπέραν</em></strong></span> <span class='ocrx_word' id='word_1_58' title='bbox 2208 1059 2324 1125; x_wconf 84' lang='grc' dir='ltr'><strong><em>καὶ</em></strong></span> 
     </span>
    </p>

    <p class='ocr_par' dir='ltr' id='par_1_3' title="bbox 310 1163 2409 1676">
     <span class='ocr_line' id='line_1_9' title="bbox 310 1163 2324 1252; baseline -0.002 -17"><span class='ocrx_word' id='word_1_59' title='bbox 310 1188 347 1236; x_wconf 76' lang='lat'>4</span> <span class='ocrx_word' id='word_1_60' title='bbox 387 1169 511 1250; x_wconf 81' lang='grc' dir='ltr'><strong><em>τὴν</em></strong></span> <span class='ocrx_word' id='word_1_61' title='bbox 556 1168 802 1252; x_wconf 85' lang='grc' dir='ltr'><strong><em>ἄρκτον</em></strong></span> <span class='ocrx_word' id='word_1_62' title='bbox 848 1167 1114 1242; x_wconf 85' lang='grc' dir='ltr'><strong><em>τόπους.</em></strong></span> <span class='ocrx_word' id='word_1_63' title='bbox 1188 1176 1324 1230; x_wconf 87' lang='grc' dir='ltr'><strong><em>τῶν</em></strong></span> <span class='ocrx_word' id='word_1_64' title='bbox 1362 1163 1436 1232; x_wconf 74' lang='grc' dir='ltr'><strong><em>δὲ</em></strong></span> <span class='ocrx_word' id='word_1_65' title='bbox 1472 1168 1736 1251; x_wconf 88' lang='grc' dir='ltr'><strong><em>ἄστρων</em></strong></span> <span class='ocrx_word' id='word_1_66' title='bbox 1770 1168 2137 1251; x_wconf 84' lang='grc' dir='ltr'><strong><em>γενόμενον</em></strong></span> <span class='ocrx_word' id='word_1_67' title='bbox 2182 1164 2324 1231; x_wconf 83' lang='grc' dir='ltr'><strong><em>ἐπι-</em></strong></span> 
     </span>
     <span class='ocr_line' id='line_1_10' title="bbox 386 1270 2323 1359; baseline 0 -22"><span class='ocrx_word' id='word_1_68' title='bbox 386 1275 550 1354; x_wconf 86' lang='grc' dir='ltr'><strong><em>μελῆ</em></strong></span> <span class='ocrx_word' id='word_1_69' title='bbox 607 1271 1080 1356; x_wconf 77' lang='grc' dir='ltr'><strong><em>παρατηρητὴν</em></strong></span> <span class='ocrx_word' id='word_1_70' title='bbox 1133 1273 1350 1337; x_wconf 76' lang='grc' dir='ltr'><strong><em>πολλὰ</em></strong></span> <span class='ocrx_word' id='word_1_71' title='bbox 1404 1270 1755 1359; x_wconf 75' lang='grc' dir='ltr'><strong><em>προλέγειν</em></strong></span> <span class='ocrx_word' id='word_1_72' title='bbox 1809 1282 1946 1338; x_wconf 90' lang='grc' dir='ltr'><strong><em>τῶν</em></strong></span> <span class='ocrx_word' id='word_1_73' title='bbox 1990 1274 2157 1338; x_wconf 78' lang='grc' dir='ltr'><strong><em>κατὰ</em></strong></span> <span class='ocrx_word' id='word_1_74' title='bbox 2199 1273 2323 1337; x_wconf 91' lang='grc' dir='ltr'><strong><em>τὸν</em></strong></span> 
     </span>
     <span class='ocr_line' id='line_1_11' title="bbox 382 1375 2409 1464; baseline 0 -23"><span class='ocrx_word' id='word_1_75' title='bbox 382 1378 639 1461; x_wconf 84' lang='grc' dir='ltr'><strong><em>κόσμον</em></strong></span> <span class='ocrx_word' id='word_1_76' title='bbox 685 1380 1063 1461; x_wconf 83' lang='grc' dir='ltr'><strong><em>μελλόντων</em></strong></span> <span class='ocrx_word' id='word_1_77' title='bbox 1109 1380 1451 1461; x_wconf 84' lang='grc' dir='ltr'><strong><em>γίνεσθαι·</em></strong></span> <span class='ocrx_word' id='word_1_78' title='bbox 1508 1381 1997 1464; x_wconf 87' lang='grc' dir='ltr'><strong><em>εἰσηγήσασθαι</em></strong></span> <span class='ocrx_word' id='word_1_79' title='bbox 2052 1375 2126 1443; x_wconf 69' lang='grc' dir='ltr'><strong><em>δὲ</em></strong></span> <span class='ocrx_word' id='word_1_80' title='bbox 2180 1389 2323 1455; x_wconf 81' lang='grc' dir='ltr'><strong><em>τοῖς</em></strong></span> <span class='ocrx_word' id='word_1_81' title='bbox 2351 1396 2409 1435; x_wconf 88' lang='lat'><strong><em>10</em></strong></span> 
     </span>
     <span class='ocr_line' id='line_1_12' title="bbox 384 1479 2321 1569; baseline 0.002 -22"><span class='ocrx_word' id='word_1_82' title='bbox 384 1484 609 1567; x_wconf 81' lang='grc' dir='ltr'><strong><em>ὄχλοις</em></strong></span> <span class='ocrx_word' id='word_1_83' title='bbox 645 1485 764 1549; x_wconf 89' lang='grc' dir='ltr'><strong><em>τὸν</em></strong></span> <span class='ocrx_word' id='word_1_84' title='bbox 792 1479 914 1569; x_wconf 74' lang='grc' dir='ltr'><strong><em>μὲν</em></strong></span> <span class='ocrx_word' id='word_1_85' title='bbox 941 1482 1258 1550; x_wconf 77' lang='grc' dir='ltr'><strong><em>ἐνιαυτὸν</em></strong></span> <span class='ocrx_word' id='word_1_86' title='bbox 1286 1484 1415 1551; x_wconf 82' lang='grc' dir='ltr'><strong><em>ἀπὸ</em></strong></span> <span class='ocrx_word' id='word_1_87' title='bbox 1443 1494 1559 1569; x_wconf 84' lang='grc' dir='ltr'><strong><em>τῆς</em></strong></span> <span class='ocrx_word' id='word_1_88' title='bbox 1584 1494 1707 1551; x_wconf 84' lang='grc' dir='ltr'><strong><em>τοῦ</em></strong></span> <span class='ocrx_word' id='word_1_89' title='bbox 1743 1484 1941 1568; x_wconf 79' lang='grc' dir='ltr'><strong><em>ἡλίου</em></strong></span> <span class='ocrx_word' id='word_1_90' title='bbox 1976 1489 2321 1569; x_wconf 88' lang='grc' dir='ltr'><strong><em>κινήσεως,</em></strong></span> 
     </span>
     <span class='ocr_line' id='line_1_13' title="bbox 381 1587 2323 1676; baseline 0.001 -22"><span class='ocrx_word' id='word_1_91' title='bbox 381 1592 541 1667; x_wconf 85' lang='grc' dir='ltr'><strong><em>τοὺς</em></strong></span> <span class='ocrx_word' id='word_1_92' title='bbox 589 1587 663 1655; x_wconf 76' lang='grc' dir='ltr'><strong><em>δὲ</em></strong></span> <span class='ocrx_word' id='word_1_93' title='bbox 708 1598 921 1674; x_wconf 80' lang='grc' dir='ltr'><strong><em>μῆνας</em></strong></span> <span class='ocrx_word' id='word_1_94' title='bbox 968 1590 1096 1656; x_wconf 85' lang='grc' dir='ltr'><strong><em>ἀπὸ</em></strong></span> <span class='ocrx_word' id='word_1_95' title='bbox 1149 1599 1266 1674; x_wconf 83' lang='grc' dir='ltr'><strong><em>τῆς</em></strong></span> <span class='ocrx_word' id='word_1_96' title='bbox 1313 1594 1618 1676; x_wconf 85' lang='grc' dir='ltr'><strong><em>σελήνης,</em></strong></span> <span class='ocrx_word' id='word_1_97' title='bbox 1663 1589 1774 1657; x_wconf 83' lang='grc' dir='ltr'><strong><em>καὶ</em></strong></span> <span class='ocrx_word' id='word_1_98' title='bbox 1819 1593 1938 1668; x_wconf 78' lang='grc' dir='ltr'><strong><em>τὰς</em></strong></span> <span class='ocrx_word' id='word_1_99' title='bbox 1980 1589 2122 1658; x_wconf 88' lang='grc' dir='ltr'><strong><em>κατ’</em></strong></span> <span class='ocrx_word' id='word_1_100' title='bbox 2176 1593 2323 1668; x_wconf 80' lang='grc' dir='ltr'><strong><em>ἔτος</em></strong></span> 
     </span>
    </p>

    <p class='ocr_par' dir='ltr' id='par_1_4' title="bbox 315 1695 2408 3062">
     <span class='ocr_line' id='line_1_14' title="bbox 315 1695 2322 1782; baseline 0.001 -21"><span class='ocrx_word' id='word_1_101' title='bbox 315 1719 348 1768; x_wconf 81' lang='lat'>5</span> <span class='ocrx_word' id='word_1_102' title='bbox 386 1695 667 1762; x_wconf 83' lang='grc' dir='ltr'><strong><em>ἕκαστον</em></strong></span> <span class='ocrx_word' id='word_1_103' title='bbox 706 1697 882 1782; x_wconf 78' lang='grc' dir='ltr'><strong><em>ὥρας</em></strong></span> <span class='ocrx_word' id='word_1_104' title='bbox 921 1695 1204 1775; x_wconf 82' lang='grc' dir='ltr'><strong><em>διδάξαι.</em></strong></span> <span class='ocrx_word' id='word_1_105' title='bbox 1281 1699 1388 1763; x_wconf 91' lang='grc' dir='ltr'><strong><em>διὸ</em></strong></span> <span class='ocrx_word' id='word_1_106' title='bbox 1425 1695 1537 1763; x_wconf 85' lang='grc' dir='ltr'><strong><em>καὶ</em></strong></span> <span class='ocrx_word' id='word_1_107' title='bbox 1572 1701 1730 1775; x_wconf 88' lang='grc' dir='ltr'><strong><em>τοὺς</em></strong></span> <span class='ocrx_word' id='word_1_108' title='bbox 1765 1699 2076 1782; x_wconf 88' lang='grc' dir='ltr'><strong><em>πολλούς,</em></strong></span> <span class='ocrx_word' id='word_1_109' title='bbox 2122 1697 2322 1781; x_wconf 80' lang='grc' dir='ltr'><strong><em>ἄγνο-</em></strong></span> 
     </span>
     <span class='ocr_line' id='line_1_15' title="bbox 385 1799 2321 1889; baseline -0.001 -20"><span class='ocrx_word' id='word_1_110' title='bbox 385 1813 630 1880; x_wconf 83' lang='grc' dir='ltr'><strong><em>οῦντας</em></strong></span> <span class='ocrx_word' id='word_1_111' title='bbox 685 1799 808 1887; x_wconf 74' lang='grc' dir='ltr'><strong><em>μὲν</em></strong></span> <span class='ocrx_word' id='word_1_112' title='bbox 862 1805 987 1887; x_wconf 78' lang='grc' dir='ltr'><strong><em>τὴν</em></strong></span> <span class='ocrx_word' id='word_1_113' title='bbox 1041 1814 1178 1868; x_wconf 93' lang='grc' dir='ltr'><strong><em>τῶν</em></strong></span> <span class='ocrx_word' id='word_1_114' title='bbox 1235 1804 1500 1889; x_wconf 87' lang='grc' dir='ltr'><strong><em>ἄστρων</em></strong></span> <span class='ocrx_word' id='word_1_115' title='bbox 1555 1804 1834 1870; x_wconf 81' lang='grc' dir='ltr'><strong><em>αἰώνιον</em></strong></span> <span class='ocrx_word' id='word_1_116' title='bbox 1886 1802 2090 1886; x_wconf 81' lang='grc' dir='ltr'><strong><em>τάξιν,</em></strong></span> <span class='ocrx_word' id='word_1_117' title='bbox 2143 1808 2321 1868; x_wconf 87' lang='grc' dir='ltr'><strong><em>θαυ-</em></strong></span> 
     </span>
     <span class='ocr_line' id='line_1_16' title="bbox 384 1906 2408 1996; baseline -0.001 -21"><span class='ocrx_word' id='word_1_118' title='bbox 384 1911 713 1995; x_wconf 83' lang='grc' dir='ltr'><strong><em>μάζοντας</em></strong></span> <span class='ocrx_word' id='word_1_119' title='bbox 750 1906 825 1974; x_wconf 74' lang='grc' dir='ltr'><strong><em>δὲ</em></strong></span> <span class='ocrx_word' id='word_1_120' title='bbox 862 1911 943 1974; x_wconf 78' lang='grc' dir='ltr'><strong><em>τὰ</em></strong></span> <span class='ocrx_word' id='word_1_121' title='bbox 978 1911 1302 1994; x_wconf 89' lang='grc' dir='ltr'><strong><em>γινόμενα</em></strong></span> <span class='ocrx_word' id='word_1_122' title='bbox 1336 1911 1503 1975; x_wconf 82' lang='grc' dir='ltr'><strong><em>κατὰ</em></strong></span> <span class='ocrx_word' id='word_1_123' title='bbox 1535 1911 1653 1987; x_wconf 80' lang='grc' dir='ltr'><strong><em>τὰς</em></strong></span> <span class='ocrx_word' id='word_1_124' title='bbox 1689 1912 2105 1996; x_wconf 86' lang='grc' dir='ltr'><strong><em>προρρήσεις,</em></strong></span> <span class='ocrx_word' id='word_1_125' title='bbox 2151 1907 2317 1973; x_wconf 88' lang='grc' dir='ltr'><strong><em>ὑπο-</em></strong></span> <span class='ocrx_word' id='word_1_126' title='bbox 2351 1927 2408 1968; x_wconf 83' lang='lat'><strong><em>15</em></strong></span> 
     </span>
     <span class='ocr_line' id='line_1_17' title="bbox 382 2014 2322 2102; baseline 0 -20"><span class='ocrx_word' id='word_1_127' title='bbox 382 2019 618 2101; x_wconf 80' lang='grc' dir='ltr'><strong><em>λαβεῖν</em></strong></span> <span class='ocrx_word' id='word_1_128' title='bbox 647 2017 766 2083; x_wconf 92' lang='grc' dir='ltr'><strong><em>τὸν</em></strong></span> <span class='ocrx_word' id='word_1_129' title='bbox 793 2016 1050 2083; x_wconf 90' lang='grc' dir='ltr'><strong><em>τούτων</em></strong></span> <span class='ocrx_word' id='word_1_130' title='bbox 1079 2017 1440 2101; x_wconf 82' lang='grc' dir='ltr'><strong><em>εἰσηγητὴν</em></strong></span> <span class='ocrx_word' id='word_1_131' title='bbox 1475 2018 1668 2094; x_wconf 89' lang='grc' dir='ltr'><strong><em>θείας</em></strong></span> <span class='ocrx_word' id='word_1_132' title='bbox 1704 2014 1996 2102; x_wconf 85' lang='grc' dir='ltr'><strong><em>μετέχειν</em></strong></span> <span class='ocrx_word' id='word_1_133' title='bbox 2033 2016 2322 2101; x_wconf 86' lang='grc' dir='ltr'><strong><em>φύσεως,</em></strong></span> 
     </span>
     <span class='ocr_line' id='line_1_18' title="bbox 382 2121 2324 2209; baseline -0.001 -21"><span class='ocrx_word' id='word_1_134' title='bbox 382 2124 547 2207; x_wconf 79' lang='grc' dir='ltr'><strong><em>μετὰ</em></strong></span> <span class='ocrx_word' id='word_1_135' title='bbox 604 2121 678 2189; x_wconf 76' lang='grc' dir='ltr'><strong><em>δὲ</em></strong></span> <span class='ocrx_word' id='word_1_136' title='bbox 735 2125 860 2208; x_wconf 87' lang='grc' dir='ltr'><strong><em>τὴν</em></strong></span> <span class='ocrx_word' id='word_1_137' title='bbox 915 2122 981 2202; x_wconf 79' lang='grc' dir='ltr'><strong><em>ἐξ</em></strong></span> <span class='ocrx_word' id='word_1_138' title='bbox 1046 2122 1432 2209; x_wconf 80' lang='grc' dir='ltr'><strong><em>ἀνθρώπων</em></strong></span> <span class='ocrx_word' id='word_1_139' title='bbox 1488 2123 1697 2189; x_wconf 82' lang='grc' dir='ltr'><strong><em>αὑτοῦ</em></strong></span> <span class='ocrx_word' id='word_1_140' title='bbox 1752 2124 2150 2208; x_wconf 89' lang='grc' dir='ltr'><strong><em>μετάστασιν</em></strong></span> <span class='ocrx_word' id='word_1_141' title='bbox 2209 2124 2324 2188; x_wconf 89' lang='grc' dir='ltr'><strong><em>διά</em></strong></span> 
     </span>
     <span class='ocr_line' id='line_1_19' title="bbox 383 2227 2323 2317; baseline 0.001 -24"><span class='ocrx_word' id='word_1_142' title='bbox 383 2252 452 2294; x_wconf 88' lang='grc' dir='ltr'><strong><em>τε</em></strong></span> <span class='ocrx_word' id='word_1_143' title='bbox 511 2232 629 2308; x_wconf 81' lang='grc' dir='ltr'><strong><em>τὰς</em></strong></span> <span class='ocrx_word' id='word_1_144' title='bbox 682 2229 1062 2316; x_wconf 80' lang='grc' dir='ltr'><strong><em>εὐεργεσίας</em></strong></span> <span class='ocrx_word' id='word_1_145' title='bbox 1116 2227 1226 2296; x_wconf 87' lang='grc' dir='ltr'><strong><em>καὶ</em></strong></span> <span class='ocrx_word' id='word_1_146' title='bbox 1282 2230 1406 2313; x_wconf 84' lang='grc' dir='ltr'><strong><em>τὴν</em></strong></span> <span class='ocrx_word' id='word_1_147' title='bbox 1460 2240 1594 2296; x_wconf 90' lang='grc' dir='ltr'><strong><em>τῶν</em></strong></span> <span class='ocrx_word' id='word_1_148' title='bbox 1650 2231 1914 2317; x_wconf 84' lang='grc' dir='ltr'><strong><em>ἄστρων</em></strong></span> <span class='ocrx_word' id='word_1_149' title='bbox 1960 2229 2323 2313; x_wconf 77' lang='grc' dir='ltr'><strong><em>ἐπίγνωσιν</em></strong></span> 
     </span>
     <span class='ocr_line' id='line_1_20' title="bbox 385 2330 2323 2421; baseline -0.001 -19"><span class='ocrx_word' id='word_1_150' title='bbox 385 2335 772 2412; x_wconf 75' lang='grc' dir='ltr'><strong><em>ἀθανάτους</em></strong></span> <span class='ocrx_word' id='word_1_151' title='bbox 833 2337 1024 2419; x_wconf 76' lang='grc' dir='ltr'><strong><em>τιμὰς</em></strong></span> <span class='ocrx_word' id='word_1_152' title='bbox 1097 2334 1478 2420; x_wconf 78' lang='grc' dir='ltr'><strong><em>ἀπονεῖμαι·</em></strong></span> <span class='ocrx_word' id='word_1_153' title='bbox 1542 2346 1936 2421; x_wconf 76' lang='grc' dir='ltr'><strong><em>μεταγαγεῖν</em></strong></span> <span class='ocrx_word' id='word_1_154' title='bbox 2002 2330 2064 2401; x_wconf 87' lang='grc' dir='ltr'><strong><em>δ’</em></strong></span> <span class='ocrx_word' id='word_1_155' title='bbox 2115 2335 2323 2401; x_wconf 87' lang='grc' dir='ltr'><strong><em>αὐτοῦ</em></strong></span> 
     </span>
     <span class='ocr_line' id='line_1_21' title="bbox 385 2438 2406 2530; baseline -0.003 -23"><span class='ocrx_word' id='word_1_156' title='bbox 385 2444 510 2527; x_wconf 86' lang='grc' dir='ltr'><strong><em>τὴν</em></strong></span> <span class='ocrx_word' id='word_1_157' title='bbox 537 2445 998 2527; x_wconf 88' lang='grc' dir='ltr'><strong><em>προσηγορίαν</em></strong></span> <span class='ocrx_word' id='word_1_158' title='bbox 1026 2438 1134 2507; x_wconf 81' lang='grc' dir='ltr'><strong><em>ἐπὶ</em></strong></span> <span class='ocrx_word' id='word_1_159' title='bbox 1170 2442 1290 2506; x_wconf 90' lang='grc' dir='ltr'><strong><em>τὸν</em></strong></span> <span class='ocrx_word' id='word_1_160' title='bbox 1325 2443 1600 2526; x_wconf 88' lang='grc' dir='ltr'><strong><em>κόσμον,</em></strong></span> <span class='ocrx_word' id='word_1_161' title='bbox 1638 2442 1772 2525; x_wconf 81' lang='grc' dir='ltr'><strong><em>ἅμα</em></strong></span> <span class='ocrx_word' id='word_1_162' title='bbox 1810 2438 1931 2525; x_wconf 75' lang='grc' dir='ltr'><strong><em>μὲν</em></strong></span> <span class='ocrx_word' id='word_1_163' title='bbox 1967 2450 2060 2530; x_wconf 77' lang='grc' dir='ltr'><strong><em>τῷ</em></strong></span> <span class='ocrx_word' id='word_1_164' title='bbox 2100 2444 2326 2507; x_wconf 86' lang='grc' dir='ltr'><strong><em>δοκεῖν</em></strong></span> <span class='ocrx_word' id='word_1_165' title='bbox 2351 2459 2406 2500; x_wconf 80' lang='lat'><strong><em>20</em></strong></span> 
     </span>
     <span class='ocr_line' id='line_1_22' title="bbox 388 2545 2325 2634; baseline 0 -22"><span class='ocrx_word' id='word_1_166' title='bbox 388 2548 650 2624; x_wconf 84' lang='grc' dir='ltr'><strong><em>οἰκείως</em></strong></span> <span class='ocrx_word' id='word_1_167' title='bbox 705 2545 1049 2632; x_wconf 79' lang='grc' dir='ltr'><strong><em>ἐσχηκέναι</em></strong></span> <span class='ocrx_word' id='word_1_168' title='bbox 1107 2548 1275 2632; x_wconf 90' lang='grc' dir='ltr'><strong><em>πρὸς</em></strong></span> <span class='ocrx_word' id='word_1_169' title='bbox 1329 2548 1447 2624; x_wconf 81' lang='grc' dir='ltr'><strong><em>τὰς</em></strong></span> <span class='ocrx_word' id='word_1_170' title='bbox 1504 2557 1637 2613; x_wconf 90' lang='grc' dir='ltr'><strong><em>τῶν</em></strong></span> <span class='ocrx_word' id='word_1_171' title='bbox 1698 2549 1960 2634; x_wconf 90' lang='grc' dir='ltr'><strong><em>ἄστρων</em></strong></span> <span class='ocrx_word' id='word_1_172' title='bbox 2021 2546 2325 2625; x_wconf 81' lang='grc' dir='ltr'><strong><em>ἐπιτολάς</em></strong></span> 
     </span>
     <span class='ocr_line' id='line_1_23' title="bbox 385 2650 2324 2740; baseline 0.002 -23"><span class='ocrx_word' id='word_1_173' title='bbox 385 2674 456 2719; x_wconf 90' lang='grc' dir='ltr'><strong><em>τε</em></strong></span> <span class='ocrx_word' id='word_1_174' title='bbox 493 2650 604 2717; x_wconf 83' lang='grc' dir='ltr'><strong><em>καὶ</em></strong></span> <span class='ocrx_word' id='word_1_175' title='bbox 647 2653 873 2729; x_wconf 83' lang='grc' dir='ltr'><strong><em>δύσεις</em></strong></span> <span class='ocrx_word' id='word_1_176' title='bbox 898 2651 1010 2718; x_wconf 80' lang='grc' dir='ltr'><strong><em>καὶ</em></strong></span> <span class='ocrx_word' id='word_1_177' title='bbox 1036 2654 1243 2719; x_wconf 88' lang='grc' dir='ltr'><strong><em>τᾶλλα</em></strong></span> <span class='ocrx_word' id='word_1_178' title='bbox 1268 2655 1350 2719; x_wconf 81' lang='grc' dir='ltr'><strong><em>τὰ</em></strong></span> <span class='ocrx_word' id='word_1_179' title='bbox 1377 2658 1696 2739; x_wconf 92' lang='grc' dir='ltr'><strong><em>γινόμενα</em></strong></span> <span class='ocrx_word' id='word_1_180' title='bbox 1721 2653 1875 2740; x_wconf 88' lang='grc' dir='ltr'><strong><em>περὶ</em></strong></span> <span class='ocrx_word' id='word_1_181' title='bbox 1900 2655 2020 2720; x_wconf 87' lang='grc' dir='ltr'><strong><em>τὸν</em></strong></span> <span class='ocrx_word' id='word_1_182' title='bbox 2047 2656 2324 2739; x_wconf 84' lang='grc' dir='ltr'><strong><em>κόσμον,</em></strong></span> 
     </span>
     <span class='ocr_line' id='line_1_24' title="bbox 387 2754 2325 2848; baseline 0.001 -24"><span class='ocrx_word' id='word_1_183' title='bbox 387 2759 521 2843; x_wconf 82' lang='grc' dir='ltr'><strong><em>ἅμα</em></strong></span> <span class='ocrx_word' id='word_1_184' title='bbox 552 2754 626 2822; x_wconf 73' lang='grc' dir='ltr'><strong><em>δὲ</em></strong></span> <span class='ocrx_word' id='word_1_185' title='bbox 654 2765 746 2847; x_wconf 75' lang='grc' dir='ltr'><strong><em>τῷ</em></strong></span> <span class='ocrx_word' id='word_1_186' title='bbox 785 2756 1054 2843; x_wconf 85' lang='grc' dir='ltr'><strong><em>μεγέθει</em></strong></span> <span class='ocrx_word' id='word_1_187' title='bbox 1092 2770 1227 2826; x_wconf 90' lang='grc' dir='ltr'><strong><em>τῶν</em></strong></span> <span class='ocrx_word' id='word_1_188' title='bbox 1265 2772 1477 2846; x_wconf 81' lang='grc' dir='ltr'><strong><em>τιμῶν</em></strong></span> <span class='ocrx_word' id='word_1_189' title='bbox 1512 2761 1955 2848; x_wconf 79' lang='grc' dir='ltr'><strong><em>ὑπερβάλλειν</em></strong></span> <span class='ocrx_word' id='word_1_190' title='bbox 1989 2763 2106 2838; x_wconf 78' lang='grc' dir='ltr'><strong><em>τὰς</em></strong></span> <span class='ocrx_word' id='word_1_191' title='bbox 2141 2760 2325 2846; x_wconf 85' lang='grc' dir='ltr'><strong><em>εὐερ-</em></strong></span> 
     </span>
     <span class='ocr_line' id='line_1_25' title="bbox 386 2863 2323 2952; baseline 0.001 -22"><span class='ocrx_word' id='word_1_192' title='bbox 386 2866 634 2949; x_wconf 84' lang='grc' dir='ltr'><strong><em>γεσίας,</em></strong></span> <span class='ocrx_word' id='word_1_193' title='bbox 672 2863 784 2931; x_wconf 85' lang='grc' dir='ltr'><strong><em>καὶ</em></strong></span> <span class='ocrx_word' id='word_1_194' title='bbox 820 2868 986 2952; x_wconf 90' lang='grc' dir='ltr'><strong><em>πρὸς</em></strong></span> <span class='ocrx_word' id='word_1_195' title='bbox 1020 2868 1142 2932; x_wconf 90' lang='grc' dir='ltr'><strong><em>τὸν</em></strong></span> <span class='ocrx_word' id='word_1_196' title='bbox 1180 2869 1391 2934; x_wconf 80' lang='grc' dir='ltr'><strong><em>αἰῶνα</em></strong></span> <span class='ocrx_word' id='word_1_197' title='bbox 1427 2867 1702 2952; x_wconf 88' lang='grc' dir='ltr'><strong><em>βασιλέα</em></strong></span> <span class='ocrx_word' id='word_1_198' title='bbox 1727 2879 1864 2935; x_wconf 90' lang='grc' dir='ltr'><strong><em>τῶν</em></strong></span> <span class='ocrx_word' id='word_1_199' title='bbox 1902 2868 2079 2934; x_wconf 83' lang='grc' dir='ltr'><strong><em>ὅλων</em></strong></span> <span class='ocrx_word' id='word_1_200' title='bbox 2116 2867 2323 2933; x_wconf 86' lang='grc' dir='ltr'><strong><em>αὐτὸν</em></strong></span> 
     </span>
     <span class='ocr_line' id='line_1_26' title="bbox 390 2974 2402 3062; baseline -0.004 -21"><span class='ocrx_word' id='word_1_201' title='bbox 390 2974 990 3062; x_wconf 79' lang='grc' dir='ltr'><strong><em>ἀναγορεύσαντας.</em></strong></span> <span class='ocrx_word' id='word_1_202' title='bbox 2351 2991 2402 3033; x_wconf 78' lang='lat'><strong><em>25</em></strong></span> 
     </span>
    </p>

    <p class='ocr_par' dir='ltr' id='par_1_5' title="bbox 283 3076 2324 3273">
     <span class='ocr_line' id='line_1_27' title="bbox 283 3076 2324 3167; baseline 0 -22"><span class='ocrx_word' id='word_1_203' title='bbox 283 3080 368 3145; x_wconf 82' lang='lat'><strong><em>57</em></strong></span> <span class='ocrx_word' id='word_1_204' title='bbox 575 3080 892 3167; x_wconf 86' lang='grc' dir='ltr'><strong><em>Οὐρανοῦ</em></strong></span> <span class='ocrx_word' id='word_1_205' title='bbox 950 3076 1023 3145; x_wconf 73' lang='grc' dir='ltr'><strong><em>δὲ</em></strong></span> <span class='ocrx_word' id='word_1_206' title='bbox 1080 3085 1545 3165; x_wconf 86' lang='grc' dir='ltr'><strong><em>μυθολογοῦσι</em></strong></span> <span class='ocrx_word' id='word_1_207' title='bbox 1598 3078 1919 3163; x_wconf 79' lang='grc' dir='ltr'><strong><em>γενέσθαι</em></strong></span> <span class='ocrx_word' id='word_1_208' title='bbox 1963 3081 2205 3156; x_wconf 80' lang='grc' dir='ltr'><strong><em>παῖδας</em></strong></span> <span class='ocrx_word' id='word_1_209' title='bbox 2251 3078 2324 3145; x_wconf 80' lang='grc' dir='ltr'><strong><em>ἐκ</em></strong></span> 
     </span>
     <span class='ocr_line' id='line_1_28' title="bbox 392 3169 2319 3273; baseline 0 -23"><span class='ocrx_word' id='word_1_210' title='bbox 392 3188 723 3251; x_wconf 90' lang='grc' dir='ltr'><strong><em>πλειόνων</em></strong></span> <span class='ocrx_word' id='word_1_211' title='bbox 779 3197 1119 3270; x_wconf 91' lang='grc' dir='ltr'><strong><em>γυναικῶν</em></strong></span> <span class='ocrx_word' id='word_1_212' title='bbox 1173 3185 1369 3252; x_wconf 82' lang='grc' dir='ltr'><strong><em>πέντε</em></strong></span> <span class='ocrx_word' id='word_1_213' title='bbox 1423 3186 1589 3269; x_wconf 89' lang='grc' dir='ltr'><strong><em>πρὸς</em></strong></span> <span class='ocrx_word' id='word_1_214' title='bbox 1634 3169 1774 3263; x_wconf 80' lang='grc' dir='ltr'><strong><em>τοῖς</em></strong></span> <span class='ocrx_word' id='word_1_215' title='bbox 1818 3187 2319 3273; x_wconf 88' lang='grc' dir='ltr'><strong><em>τετταράκοντα,</em></strong></span> 
     </span>
    </p>
   </div>
   <div class='ocr_carea' id='block_1_3' title="bbox 569 3347 2320 3450">
    <p class='ocr_par' dir='ltr' id='par_1_6' title="bbox 569 3347 2320 3450">
     <span class='ocr_line' id='line_1_29' title="bbox 569 3347 2320 3450; baseline 0.001 -21"><span class='ocrx_word' id='word_1_216' title='bbox 569 3381 601 3428; x_wconf 87' lang='grc'><strong>3</strong></span> <span class='ocrx_word' id='word_1_217' title='bbox 639 3372 1077 3439; x_wconf 76' lang='grc' dir='ltr'><strong><em>ὑπακούσαντας</em></strong></span> <span class='ocrx_word' id='word_1_218' title='bbox 1111 3374 1160 3429; x_wconf 94' lang='lat' dir='ltr'>D</span> <span class='ocrx_word' id='word_1_219' title='bbox 1306 3383 1342 3431; x_wconf 84' lang='lat'>4</span> <span class='ocrx_word' id='word_1_220' title='bbox 1377 3374 1503 3447; x_wconf 80' lang='grc' dir='ltr'><strong><em>τὰς]</em></strong></span> <span class='ocrx_word' id='word_1_221' title='bbox 1542 3374 1606 3431; x_wconf 73' lang='grc' dir='ltr'><strong><em>δὲ</em></strong></span> <span class='ocrx_word' id='word_1_222' title='bbox 1645 3375 1751 3439; x_wconf 81' lang='grc' dir='ltr'><strong><em>τὰς</em></strong></span> <span class='ocrx_word' id='word_1_223' title='bbox 1787 3377 1835 3432; x_wconf 93' lang='lat' dir='ltr'>D</span> <span class='ocrx_word' id='word_1_224' title='bbox 1909 3347 1920 3357; x_wconf 42' lang='grc'><em>·</em></span> <span class='ocrx_word' id='word_1_225' title='bbox 1985 3383 2017 3433; x_wconf 90' lang='grc'>8</span> <span class='ocrx_word' id='word_1_226' title='bbox 2057 3376 2149 3450; x_wconf 78' lang='grc' dir='ltr'><strong><em>δὲ]</em></strong></span> <span class='ocrx_word' id='word_1_227' title='bbox 2180 3376 2240 3433; x_wconf 74' lang='grc' dir='ltr'><strong><em>τὲ</em></strong></span> <span class='ocrx_word' id='word_1_228' title='bbox 2270 3377 2320 3431; x_wconf 92' lang='lat' dir='ltr'>D</span> 
     </span>
    </p>
   </div>
   <div class='ocr_carea' id='block_1_4' title="bbox 390 3440 2318 3575">
    <p class='ocr_par' dir='ltr' id='par_1_7' title="bbox 390 3440 2318 3575">
     <span class='ocr_line' id='line_1_30' title="bbox 393 3440 2318 3520; baseline 0.007 -29"><span class='ocrx_word' id='word_1_229' title='bbox 393 3444 459 3492; x_wconf 86' lang='lat'><strong><em>13</em></strong></span> <span class='ocrx_word' id='word_1_230' title='bbox 506 3440 662 3513; x_wconf 72' lang='grc' dir='ltr'><strong><em>τοὺς]</em></strong></span> <span class='ocrx_word' id='word_1_231' title='bbox 709 3443 815 3513; x_wconf 73' lang='grc' dir='ltr'><strong><em>μὲν</em></strong></span> <span class='ocrx_word' id='word_1_232' title='bbox 851 3446 978 3499; x_wconf 81' lang='lat' dir='ltr'><strong>add.</strong></span> <span class='ocrx_word' id='word_1_233' title='bbox 1017 3447 1167 3515; x_wconf 79' lang='lat' dir='ltr'><strong>vulg.</strong></span> <span class='ocrx_word' id='word_1_234' title='bbox 1355 3453 1423 3501; x_wconf 84' lang='lat'><strong><em>14</em></strong></span> <span class='ocrx_word' id='word_1_235' title='bbox 1469 3443 1573 3516; x_wconf 74' lang='grc' dir='ltr'><strong><em>μὲν</em></strong></span> <span class='ocrx_word' id='word_1_236' title='bbox 1622 3464 1730 3504; x_wconf 90' lang='lat' dir='ltr'><strong><em>om.</em></strong></span> <span class='ocrx_word' id='word_1_237' title='bbox 1768 3447 1922 3518; x_wconf 85' lang='lat' dir='ltr'>vulg.</span> <span class='ocrx_word' id='word_1_238' title='bbox 2070 3455 2138 3504; x_wconf 78' lang='lat'><strong><em>23</em></strong></span> <span class='ocrx_word' id='word_1_239' title='bbox 2190 3446 2318 3520; x_wconf 78' lang='grc' dir='ltr'><strong><em>τὰς]</em></strong></span> 
     </span>
     <span class='ocr_line' id='line_1_31' title="bbox 390 3508 1216 3575; baseline 0.013 -18"><span class='ocrx_word' id='word_1_240' title='bbox 390 3508 823 3575; x_wconf 83' lang='grc' dir='ltr'><strong><em>σπουδάσαντας</em></strong></span> <span class='ocrx_word' id='word_1_241' title='bbox 858 3511 959 3575; x_wconf 78' lang='grc' dir='ltr'><strong><em>τὰς</em></strong></span> <span class='ocrx_word' id='word_1_242' title='bbox 995 3514 1216 3571; x_wconf 80' lang='lat' dir='ltr'><strong>Reiske.</strong></span> 
     </span>
    </p>
   </div>
  </div>
 </body>
</html>
