2569 4061
403 286 533 350 228
1072 283 1383 339 DIODORI
1420 283 1654 340 SICULI

332 471 366 520 2
407 452 673 514 Νεῖλον.
777 447 853 512 τὸ
920 443 992 512 δὲ
1053 445 1340 533 μέγεθος
1398 454 1514 531 τῆς
1572 447 1732 530 ὅλης
1780 444 2063 529 Ἰνδικῆς
2126 460 2337 531 φασιν

405 552 726 637 ὑπάρχειν
773 551 900 617 ἀπὸ
948 548 1070 637 μὲν
1107 552 1455 617 ἀνατολῶν
1498 554 1665 638 πρὸς
1712 552 1913 616 δύσιν
1959 552 2335 638 δισμυρίων

404 658 907 743 ὀκτακισχιλίων
962 660 1286 742 σταδίων,
1346 659 1474 723 ἀπὸ
1531 655 1607 724 δὲ
1665 670 1799 723 τῶν
1854 660 2116 745 ἄρκτων
2170 659 2340 743 πρὸς

404 768 821 852 μεσημβρίαν
880 767 1300 856 τρισμυρίων
1374 765 1739 849 δισχιλίων.
1831 763 2188 849 τηλικαύτη
2265 760 2328 828 δ’

405 865 574 937 οὖσα
628 874 703 938 τὸ
758 871 1043 958 μέγεθος
1099 873 1288 936 δοκεῖ
1338 881 1461 936 τοῦ
1513 872 1770 955 κόσμου
1816 872 2098 955 μάλιστα
2154 891 2338 955 περι-
2364 886 2395 928 5

405 976 581 1062 έχειν
636 980 756 1043 τὸν
809 988 944 1043 τῶν
996 983 1294 1063 θερινῶν
1350 987 1617 1063 τροπῶν
1676 977 1955 1060 κύκλον,
2011 973 2123 1041 καὶ
2176 981 2338 1041 πολ-

319 1079 323 1083 ’
406 1088 573 1169 λαχῇ
620 1080 742 1168 μὲν
778 1081 878 1148 ἐπ’
924 1085 1130 1169 άκρας
1163 1093 1280 1168 τῆς
1310 1081 1591 1166 Ἰνδικῆς
1628 1084 1803 1148 ἰδεῖν
1842 1084 2024 1148 ἔστιν
2061 1082 2338 1159 ἀσκίους

407 1192 604 1265 ὄντας
638 1192 796 1265 τοὺς
832 1190 1204 1274 γνώμονας,
1249 1192 1491 1267 νυκτὸς
1529 1186 1603 1255 δὲ
1647 1192 1764 1267 τὰς
1801 1191 2084 1275 ἄρκτους
2120 1188 2339 1254 ἀθεω-

408 1298 678 1382 ρήτους·
725 1294 800 1360 ἐν
836 1292 910 1361 δὲ
956 1306 1096 1373 τοῖς
1133 1296 1434 1381 ἐσχάτοις
1471 1291 1618 1362 οὐδ’
1653 1296 1859 1361 αὐτὸν
1904 1297 2023 1360 τὸν
2061 1294 2338 1380 ἀρκτοῦ-

410 1426 533 1488 ρον
588 1404 980 1487 φαίνεσθαι·
1045 1401 1201 1468 καθ’
1265 1403 1347 1470 ὃν
1413 1403 1495 1487 δὴ
1561 1405 1769 1468 τόπον
1827 1400 1993 1487 φασὶ
2058 1400 2178 1467 καῖ
2222 1403 2339 1479 τὰς
2366 1420 2423 1460 10

338 1526 370 1575 3
410 1508 599 1585 σκιὰς
633 1511 981 1575 κεκλίσθαι
1025 1512 1193 1596 πρὸς
1228 1512 1661 1596 μεσημβρίαν.
1734 1509 1777 1592 ἡ
1826 1505 1887 1573 δ’
1928 1503 2054 1574 οὖν
2093 1503 2336 1591 Ἰνδικὴ

409 1617 623 1681 πολλὰ
684 1612 806 1700 μὲν
870 1617 991 1702 ὄρη
1056 1615 1167 1682 καὶ
1230 1617 1482 1702 μεγάλα
1536 1618 1670 1700 ἔχει
1738 1613 2042 1701 δένδρεσι
2096 1636 2339 1680 παντο-

412 1722 649 1799 δαποῖς
711 1726 1064 1809 καρπίμοις
1121 1725 1502 1806 πλήθοντα,
1566 1724 1781 1787 πολλὰ
1847 1718 1921 1787 δὲ
1975 1722 2171 1787 πεδία
2227 1720 2340 1787 καὶ

412 1829 664 1912 μεγάλα
692 1831 1108 1915 καρποφόρα,
1147 1836 1238 1915 τῷ
1267 1825 1390 1912 μὲν
1425 1829 1652 1893 κάλλει
1681 1829 1998 1913 διάφορα,
2025 1838 2340 1912 ποταμῶν

413 1930 488 1999 δὲ
541 1937 829 2018 πλήθεσι
885 1935 1341 2020 διαρρεόμενα.
1434 1935 1514 1999 τὰ
1566 1936 1781 1999 πολλὰ
1837 1930 1911 1999 δὲ
1954 1941 2071 2017 τῆς
2122 1933 2341 2020 χώρας
2369 1950 2421 1993 15
2557 1901 2558 1982 ¹

415 2042 795 2128 ἀρδεύεται,
852 2039 962 2107 καὶ
1028 2042 1140 2106 διὰ
1189 2051 1388 2107 τοῦτο
1455 2043 1718 2120 διττοὺς
1781 2045 1914 2126 ἔχει
1977 2044 2134 2118 τοὺς
2194 2036 2448 2112 κατ’149
2555 2064 2556 2151 ¹

414 2151 560 2226 ἔτος
595 2148 918 2233 καρπούς·
962 2144 1145 2236 ζῴων
1180 2172 1251 2214 τε
1286 2150 1732 2215 παντοδαπῶν
1768 2148 1953 2234 γέμει
1990 2150 2340 2235 διαφόρων

414 2265 555 2332 τοῖς
610 2254 922 2339 μεγέθεσι
966 2253 1078 2321 καὶ
1133 2266 1277 2332 ταῖς
1324 2255 1582 2339 ἀλκαῖς,
1628 2265 1763 2322 τῶν
1818 2252 1939 2340 μὲν
1988 2257 2340 2340 χερσαίων,

342 2380 380 2428 4
416 2372 551 2426 τῶν
588 2358 663 2427 δὲ
699 2359 811 2426 καὶ
846 2372 1132 2445 πτηνῶν.
1199 2360 1311 2427 καὶ
1347 2365 1698 2439 πλείστους
1735 2358 1811 2427 δὲ
1845 2360 1958 2426 καὶ
1993 2364 2344 2446 μεγίστους
2551 2434 2552 2437 ¹

417 2465 781 2552 ἐλέφαντας
835 2465 1166 2550 ἐκτρέφει,
1211 2475 1595 2552 χορηγοῦσα
1648 2468 1764 2544 τας
1818 2469 2071 2553 τροφὰς
2125 2467 2343 2552 ἀφθό-
2369 2487 2424 2528 20
2551 2462 2552 2465 '

417 2594 610 2652 νους,
677 2569 767 2635 δι’
821 2570 900 2648 ἃς
961 2581 1105 2647 ταῖς
1169 2571 1421 2657 ῥώμαις
1487 2574 1568 2637 τὰ
1630 2575 1841 2658 θηρία
1902 2582 2109 2638 ταῦτα
2170 2576 2344 2638 πολὺ

419 2674 685 2762 προέχει
729 2686 864 2741 τῶν
898 2678 1065 2742 κατὰ
1109 2678 1234 2760 τὴν
1268 2679 1537 2763 Λιβύην
1577 2679 2044 2764 γεννωμένων·
2091 2680 2197 2745 διὸ
2234 2677 2345 2744 καὶ
2547 2746 2548 2753 ¹

419 2786 688 2847 πολλῶν
722 2780 1204 2868 θηρευομένων
1240 2783 1371 2849 ὑπὸ
1407 2795 1544 2849 τῶν
1575 2782 1806 2850 Ἰνδῶν
1841 2784 1952 2850 καὶ
1986 2786 2154 2871 πρὸς
2189 2787 2346 2862 τοὺς

418 2892 819 2973 πολεμικοὺς
856 2888 1117 2971 ἀγῶνας
1151 2889 1819 2976 κατασκευαζομένων
1860 2892 2146 2976 μεγάλας
2182 2908 2344 2975 συμ-
2545 2888 2546 2891 “

311 2997 399 3063 36
419 2998 636 3079 βαίνει
683 2996 892 3082 ῥοπὰς
935 2998 1248 3079 γίνεσθαι
1293 2999 1460 3084 πρὸς
1504 3000 1627 3082 τὴν
1674 3001 1886 3083 νίκην.
1981 2997 2225 3083 ὁμοίως
2272 2994 2344 3063 δὲ
2370 3016 2424 3059 25

420 3102 531 3170 καὶ
585 3107 742 3181 τοὺς
796 3102 1202 3189 ἀνθρώπους
1254 3105 1297 3188 ἡ
1353 3108 1772 3190 πολυκαρπία
1819 3103 2162 3191 τρέφουσα
2206 3113 2344 3181 τοῖς
2539 3110 2544 3193 J

418 3233 489 3276 τε
538 3210 952 3296 ἀναστήμασι
996 3221 1132 3275 τῶν
1179 3212 1504 3295 σωμάτων
1539 3209 1649 3276 καὶ
1695 3221 1834 3287 τοῖς
1880 3213 2103 3294 ὄγκοις
2144 3211 2343 3297 ὑπερ·
2541 3254 2542 3317 ¹

508 3467 522 3488 ¹
566 3409 599 3456 2
626 3398 906 3486 nqddssul
933 3402 985 3457 II
1031 3406 1064 3456 ὅ
1094 3397 1334 3489 μάλιστα
1360 3404 1462 3458 τοῦ
1490 3422 1541 3457 κ.
1570 3403 1721 3474 vulg.
1776 3409 1841 3458 10
1870 3399 2047 3460 τόπον
2074 3403 2344 3471 Hertlein,
2537 3370 2540 3491 γ

423 3489 635 3537 τροπον
672 3474 806 3526 hbn
902 3479 969 3527 15
1008 3475 1383 3542 διαιρουμενα
1418 3473 1572 3560 vulg.
1668 3480 1734 3529 19
1773 3472 1837 3529 δὲ
1876 3474 2000 3548 καὶ]
2038 3473 2103 3531 δὲ
2143 3475 2184 3529 C
2276 3479 2345 3527 20

423 3533 708 3603 ἀφθόνως
741 3544 895 3612 vulg.
1007 3550 1075 3598 25
1114 3547 1383 3613 γίνεσθαι
1419 3540 1601 3614 ᾇοπας
1634 3544 1787 3615 vulg.
1888 3552 1957 3601 26
1996 3545 2248 3617 φέρουσα
2287 3544 2343 3600 0.
