2569 4061
365 219 495 287 152
1036 216 1338 273 DIODORI
1377 217 1614 274 SICULI

360 406 531 461 πους
585 383 985 468 εὐχαρίστως
1051 382 1429 448 διακεῖσθαι
1487 382 1654 466 πρὸς
1707 389 1841 444 πᾶν
1893 381 1969 445 τὸ
2026 379 2286 464 εὐεργε-

361 499 547 571 τοῦν,
595 490 985 572 νομίζοντας
1021 490 1339 572 μεγίστην
1378 486 1764 572 ἐπικουρίαν
1802 480 1973 551 εἶναι
2018 488 2109 574 τῷ
2157 487 2285 573 βίῳ

360 596 486 678 τὴν
530 594 816 679 ἀμοιβὴν
859 601 976 678 τῆς
1020 596 1184 680 πρὸς
1228 597 1386 672 τοὺς
1431 591 1776 679 εὐεργέτας
1818 592 2114 677 χάριτος·
2169 593 2276 673 δῇ·-

361 706 485 766 λον
529 701 657 785 γὰρ
704 694 875 764 εἶναι
924 699 1096 765 διότι
1140 700 1381 777 πάντες
1425 701 1592 785 πρὸς
1651 699 2035 784 εὐεργεσίαν
2083 698 2276 783 ὁρμή-

364 822 559 871 σουσι
606 806 863 871 τούτων
908 806 1191 890 μάλιστα
1235 803 1391 891 παρ’
1442 798 1542 882 οἷς
1586 803 1671 869 ἂν
1718 805 1923 889 ὁρῶσι
1968 804 2277 869 κάλλιστα
2305 818 2334 859 ⁵

291 936 326 984 3
362 910 1086 997 θησαυρισθησομένας
1122 912 1238 987 τὰς
1272 913 1557 996 χάριτας.
1643 912 1754 975 διὰ
1801 907 1875 975 δὲ
1920 910 2037 987 τὰς
2082 908 2278 984 αὐτὰς

363 1021 576 1095 αἰτίας
641 1018 960 1082 δοκοῦσιν
1003 1017 1363 1100 Αἰγύπτιοι
1434 1020 1592 1095 τοὺς
1664 1015 1919 1081 ἑαυτῶν
1990 1019 2279 1100 βασιλεῖς

359 1133 767 1210 προσκυνεῖν
820 1145 890 1187 τε
945 1120 1056 1188 καὶ
1100 1132 1299 1207 τιμᾶν
1354 1123 1443 1199 ὡς
1495 1124 1662 1206 πρὸς
1718 1122 2043 1205 ἀλήθειαν
2088 1123 2280 1196 ὄντας

362 1230 591 1312 θεούς,
639 1229 772 1312 ἅμα
818 1225 941 1313 μὲν
978 1228 1102 1294 οὐκ
1147 1230 1312 1293 ἄνευ
1359 1230 1714 1313 δαιμονίου
1736 1230 1930 1305 ’τινὸς
1964 1230 2280 1314 προνοίας

362 1336 741 1418 νομίζοντες
795 1334 1039 1411 αὐτοὺς
1092 1333 1467 1419 τετευχέναι
1525 1344 1639 1420 τῆς
1692 1345 1827 1399 τῶν
1882 1336 2057 1400 ὅλων
2102 1334 2280 1413 ἐξου-
2311 1349 2365 1389 10

363 1444 542 1526 σίας,
596 1442 730 1525 ἅμα
778 1428 851 1507 δὲ
893 1443 1053 1517 τοὺς
1098 1439 1552 1526 βουλομένους
1595 1464 1665 1506 τε
1711 1440 1821 1506 καὶ
1870 1439 2283 1526 δυναμένους

361 1548 443 1612 τὰ
488 1546 741 1632 μέγιστ’
796 1549 1165 1633 εὐεργετεῖν
1200 1548 1562 1633 ἡγούμενοι
1599 1551 1791 1625 θείας
1826 1548 2120 1634 μετέχειν
2157 1547 2283 1631 φύ-

291 1677 327 1724 4
364 1670 546 1730 σεως.
636 1652 788 1740 περὶ
860 1650 985 1738 μὲν
1048 1648 1173 1719 οὖν
1235 1664 1372 1718 τῶν
1436 1652 1913 1740 ἀφιερωμένων
1978 1649 2162 1740 ζῴων
2225 1654 2287 1718 εἰ

362 1758 475 1824 καὶ
526 1761 1092 1845 πεπλεονάκαμεν,
1151 1757 1298 1824 ἀλλ’
1354 1754 1479 1824 οὖν
1532 1782 1607 1842 γε
1652 1761 1734 1824 τὰ
1778 1761 2060 1843 μάλιστα
2113 1765 2281 1824 θαυ-

363 1869 693 1951 μαζόμενα
748 1876 880 1930 τῶν
933 1864 1089 1953 παρ’
1140 1867 1537 1948 Αἰγυπτίοις
1595 1868 1844 1949 νόμιμα
1911 1865 2276 1953 διευκρινή-
2311 1880 2365 1920 1⁵

361 1995 585 2058 καμεν.

255 2086 338 2151 91
481 2065 486 2069 ’
548 2079 686 2164 Οὐχ
731 2080 963 2163 ἥκιστα
1011 2075 1072 2145 δ’
1114 2083 1200 2147 ἄν
1244 2103 1349 2158 τις
1388 2083 1773 2165 πυθόμενος
1815 2081 1897 2145 τὰ
1932 2078 2082 2165 περὶ
2128 2082 2285 2157 τοὺς

363 2188 901 2270 τετελευτηκότας
928 2188 1175 2271 νόμιμα
1200 2198 1336 2253 τῶν
1362 2188 1752 2271 Αἰγυπτίων
1778 2188 2126 2273 θαυμάσαι
2163 2188 2286 2270 τὴν

366 2293 663 2375 ἰδιότητα
717 2303 852 2357 τῶν
906 2292 1104 2358 ἐθῶν.
1193 2293 1354 2359 ὅταν
1408 2295 1537 2379 γάρ
1592 2316 1692 2371 τις
1747 2295 2059 2380 ἀποθάνῃ
2124 2287 2278 2397 παρ’

365 2396 621 2479 αὐτοῖς,
688 2398 760 2462 οὗ
807 2395 930 2482 μὲν
985 2407 1331 2480 συγγενεῖς
1381 2395 1491 2461 καὶ
1548 2401 1737 2481 φίλοι
1794 2401 2036 2476 πάντες
2092 2422 2282 2464 κατα-
2312 2413 2368 2452 20

364 2504 799 2586 πλαττόμενοι
862 2505 1049 2588 πηλῷ
1113 2503 1229 2577 τὰς
1282 2504 1576 2585 κεφαλὰς
1640 2504 2100 2590 περιέρχονται
2164 2506 2285 2588 τὴν

362 2609 562 2671 πόλιν
595 2612 1031 2691 θρηνοῦντες,
1078 2605 1202 2682 ἕως
1246 2604 1331 2670 ἂν
1365 2615 1581 2691 ταφῆς
1616 2609 1781 2693 τύχῃ
1816 2610 1892 2673 τὸ
1941 2621 2152 2694 σῶμα.
2201 2611 2284 2674 οὐ

364 2714 496 2797 μὴν
542 2712 695 2777 οὔτε
740 2718 1042 2798 λουτρῶν
1088 2711 1243 2776 οὔτε
1289 2717 1482 2778 οἴνου
1529 2713 1681 2779 οὔτε
1725 2721 1843 2797 τῆς
1887 2715 2090 2797 ἄλλης
2134 2737 2284 2799 τρο-

365 2828 495 2904 φῆς
533 2818 885 2902 ἀξιολόγου
924 2820 1566 2904 μεταλαμβάνουσιν,
1610 2819 1764 2886 οὔτε
1801 2819 2087 2904 ἐσθῆτας
2124 2824 2284 2904 λαμ-

290 2956 323 3005 2
364 2927 535 3013 πρᾶς
594 2925 1122 3011 περιβάλλονται.
1212 2936 1349 2991 τῶν
1414 2922 1487 2991 δὲ
1551 2936 1784 3011 ταφῶν
1841 2937 2017 3012 τρεῖς
2073 2925 2282 3011 ὑπάρ-
2310 2943 2366 2983 25

363 3050 559 3120 χουσι
603 3032 837 3114 τάξεις,
882 3032 924 3115 ἥ
969 3055 1039 3097 τε
1084 3031 1605 3116 πολυτελεστάτη
1650 3029 1761 3097 καὶ
1807 3030 1973 3117 μέση
2018 3030 2131 3098 καὶ
2174 3055 2285 3096 τα-

364 3140 735 3222 πεινοτάτη.
817 3140 982 3204 κατὰ
1018 3136 1140 3223 μὲν
1178 3133 1305 3205 οὖν
1339 3140 1463 3222 τὴν
1498 3141 1770 3225 πρώτην
1808 3139 2293 3206 ἀναλίσκεσθαί

363 3264 573 3330 φασιν
628 3245 955 3333 ἀργυρίου
1007 3246 1371 3329 τάλαντον,
1434 3247 1599 3312 κατὰ
1659 3242 1733 3311 δὲ
1787 3247 1912 3331 τὴν
1968 3247 2287 3334 δευτέραν

506 3406 538 3453 5
576 3400 844 3457 κάλλιστα
879 3404 1011 3472 post,
1046 3399 1281 3474 χάριτας
1318 3401 1382 3457 F
1533 3409 1565 3458 6
1602 3404 2096 3475 θησαυριζομένας
2131 3403 2282 3473 vulg.

362 3471 432 3517 20
468 3470 936 3541 καταπασάμενοι
970 3472 1022 3526 II
1059 3476 1127 3544 (ο.
1170 3479 1255 3544 72,
1293 3475 1367 3543 2).
