2569 4061
394 377 529 442 406
1058 373 1366 431 monom
1403 373 1641 430 smum

397 541 719 627 οὐρανόν·
764 547 845 623 τῇ
891 538 1018 625 γὰρ
1069 535 1228 623 δόξῃ
1266 535 1378 602 καὶ
1413 547 1555 614 τοῖς
1592 539 1977 622 φρονήμασι
2014 540 2325 621 μετεωρί-

397 650 629 725 ζεσθαι
686 646 803 723 τὰς
861 646 1078 729 ψυχὰς
1137 646 1233 722 εἰς
1290 645 1461 723 ὕψος
1521 644 1868 731 οὐράνιον·
1933 646 2325 728 Καλλιόπην

396 747 458 817 δ’
503 751 631 819 ἀπὸ
677 761 800 818 τοῦ
844 752 1057 835 καλὴν
1102 753 1232 817 ὄπα
1276 754 1660 836 προΐεσθαι,
1706 759 1905 815 τοῦτο
1952 746 2014 814 δ’
2060 747 2198 815 ἐστὶ
2243 759 2323 835 τῇ

393 857 660 947 εὐεπείᾳ
717 860 1051 946 διάφορον
1108 852 1322 924 οὖσαν
1381 856 1719 942 ἀποδοχῆς
1774 857 2131 941 τυγχάνειν
2191 856 2323 921 ὑπο

390 976 526 1032 τῶν
572 966 974 1032 ἀκουόντων.
2346 980 2372 1020 5

581 1073 855 1138 Τούτων
925 1066 987 1136 δ’
1038 1072 1199 1155 ἡμῖν
1259 1070 1643 1157 ἀρκούντως
1701 1068 2071 1157 εἰρημένων
2132 1093 2324 1154 μετα-

392 1180 762 1264 βιβάσομεν
815 1179 938 1243 τὸν
992 1180 1199 1260 λόγον
1254 1174 1362 1243 ἐπὶ
1415 1178 1533 1254 τὰς
1578 1175 1984 1263 Ἡρακλέους
2038 1175 2324 1263 πράξεις.

321 1286 362 1351 8
394 1286 518 1351 οὐκ
563 1285 786 1367 ἀγνοῶ
806 1260 897 1346 δ’
951 1284 1054 1347 ὅτι
1099 1284 1314 1349 πολλα
1361 1284 1741 1369 δύσχρηστα
1787 1285 2140 1367 συμβαίνει
2182 1294 2325 1359 τοῖς

393 1391 738 1473 ἱστοροῦσι
782 1391 900 1467 τὰς
936 1391 1219 1468 παλαιὰς
1256 1391 1694 1475 μυθολογίας,
1740 1388 1850 1454 καὶ
1888 1390 2171 1473 μάλιστα
2206 1390 2326 1466 τὰς

388 1493 540 1581 περὶ
586 1492 1008 1583 “Ηρακλέους.
1101 1505 1193 1586 τῷ
1251 1493 1375 1581 μὲν
1422 1497 1549 1582 γάρ
1596 1494 1869 1580 μεγέθει
1913 1506 2049 1561 τῶν
2092 1517 2323 1582 κατερ-
2355 1513 2405 1553 1⁰

388 1598 786 1687 γασθέντων
827 1602 1380 1688 ὁμολογουμένως
1422 1597 1619 1680 οὗτος
1661 1601 2112 1689 παραδέδοται
2157 1603 2325 1667 πάν-

387 1733 506 1788 τας
546 1712 706 1787 τοὺς
746 1709 813 1791 ἐξ
856 1712 1102 1787 αἰῶνος
1141 1710 1468 1797 ὑπερᾶραι
1510 1718 1589 1794 τῇ
1638 1712 1863 1794 μνήμῃ
1901 1708 2324 1794 παραδοθέν-

389 1837 533 1894 τας·
574 1817 983 1901 δυσέφικτον
1022 1811 1147 1882 οὗν
1187 1816 1325 1881 ἐστι
1352 1814 1436 1902 ζτὸ
1464 1817 1631 1881 κατὰ
1667 1816 1793 1899 τὴν
1823 1815 2013 1895 ἀξίαν
2041 1816 2323 1883 ἕκαστον
2382 1807 2395 1818 ’

328 1919 334 1925 ’
387 1933 526 1988 τῶν
554 1921 997 2009 πραχθέντων
1035 1923 1429 2006 ἀπαγγεῖλαι
1465 1920 1579 1988 καὶ
1615 1923 1736 1988 τὸν
1773 1926 1978 2006 λόγον
2016 1923 2324 2004 ἐξισῶσαι

389 2041 532 2107 τοῖς
567 2030 982 2114 τηλικούτοις
1019 2032 1262 2116 ἔργοις,
1301 2019 1402 2107 οἷς
1440 2029 1552 2095 διὰ
1587 2030 1662 2095 τὸ
1700 2027 1988 2115 μέγεθος
2025 2034 2325 2096 ἔπαθλον
2360 2047 2414 2088 15

319 2159 352 2207 2
389 2132 476 2221 ἦν
537 2136 579 2220 ἡ
642 2137 998 2203 ἀθανασία.
1095 2138 1206 2201 διὰ
1273 2134 1348 2202 δὲ
1411 2138 1535 2220 τὴν
1602 2140 2009 2221 παλαιότητα
2070 2134 2180 2201 καὶ
2246 2139 2325 2202 τὸ

390 2244 778 2330 παράδοξον
814 2255 950 2311 τῶν
981 2241 1478 2330 ἱστορουμένων
1504 2243 1684 2326 παρὰ
1711 2247 1984 2319 πολλοῖς
2013 2242 2327 2307 ἀπιστου-

390 2349 616 2436 μένων
669 2362 805 2427 τῶν
860 2352 1126 2436 μύθων,
1183 2351 1549 2433 ἀναγκαῖον
1604 2348 1645 2431 ἢ
1702 2352 2199 2435 παραλιπόντας
2244 2351 2329 2413 τὰ

391 2458 667 2544 μέγιστα
704 2469 841 2523 τῶν
876 2455 1319 2543 πραχθέντων
1353 2462 1709 2541 καθαιρεῖν
1743 2478 1809 2520 τι
1844 2463 1960 2540 τῆς
1994 2463 2116 2521 τοῦ
2152 2458 2447 2522 θεοῦ254

391 2567 590 2648 δόξης
661 2566 703 2648 ἢ
777 2565 992 2630 πάντα
1065 2562 1432 2642 διεξιόντας
1504 2560 1639 2646 ’τὴν
1724 2563 2023 2647 ἱστορίαν
2104 2574 2329 2628 ποιεῖν
2361 2580 2421 2621 2⁰

322 2693 355 2741 3
393 2668 906 2755 ἀπιστουμένην.
983 2671 1154 2734 ἔνιοι
1207 2671 1335 2755 γὰρ
1389 2679 1526 2735 τῶν
1582 2668 2184 2753 ἀναγινωσκόντων
2241 2670 2329 2735 οὐ

394 2777 621 2862 δικαίᾳ
655 2774 987 2860 χρώμενοι
1023 2775 1240 2859 κρίσει
1275 2772 1583 2859 τάκριβὲς
1621 2774 2041 2859 ἐπιζητοῦσιν
2079 2775 2154 2840 ἐν
2181 2785 2332 2852 ταῖς

393 2882 697 2970 ἀρχαίαις
732 2883 1175 2965 μυθολογίαις
1214 2878 1313 2946 ἐπ’
1360 2887 1508 2965 ἴσης
1545 2891 1685 2959 τοῖς
1728 2880 2203 2967 πραττομένοις
2249 2880 2331 2945 ἐν

390 3000 532 3066 τοῖς
588 2983 745 3054 καθ’
798 2987 968 3072 ἡμᾶς
1022 2989 1321 3074 χρόνοις,
1381 2986 1494 3053 καὶ
1552 2987 1633 3052 τὰ
1694 2989 2130 3073 δισταζόμενα
2153 2971 2160 2980 ’
2186 2997 2331 3053 τῶν

394 3100 642 3184 ἔργων,
674 3096 786 3161 διά
843 3095 918 3160 τὸ
979 3092 1266 3179 μέγεθος
1326 3093 1399 3159 ἐκ
1459 3103 1581 3159 τοῦ
1641 3088 1802 3159 καθ’
1866 3094 2111 3172 αὑτοὺς
2168 3097 2332 3178 βίου
2364 3112 2427 3153 25

390 3207 934 3291 τεκμαιρόμενοι,
1017 3203 1143 3286 τὴν
1217 3200 1627 3290 ἹΙρακλέους
1701 3202 1993 3287 δύναμιν
2067 3201 2138 3268 ἐκ
2209 3211 2333 3286 τῆς

394 3308 752 3385 ἀσθενείας
787 3319 922 3373 τῶν
959 3316 1090 3372 νῦν
1131 3307 1516 3393 ἀνθρώπων
1552 3313 1959 3394 θεωροῦσιν,
2006 3309 2175 3374 ὥστε
2213 3308 2335 3373 διὰ

573 3501 601 3549 1
663 3492 939 3567 ουρανόν]
994 3498 1064 3567 τῇ
1119 3495 1256 3583 δόξῃ
1313 3498 1442 3552 add.
1478 3498 1528 3550 D
1712 3505 1743 3553 2
1804 3494 2077 3570 οὐράνιον
2125 3517 2233 3555 om.
2274 3501 2331 3555 D

393 3565 427 3610 3
463 3562 719 3617 τουτέστι
754 3568 820 3652 τῇ
860 3566 913 3620 II
1031 3572 1067 3620 4
1106 3562 1313 3621 adsuta
1349 3565 1399 3619 D
1547 3572 1614 3620 10
1652 3566 1759 3636 μὲν
1798 3586 1907 3624 om.
1945 3569 1995 3623 D
2127 3577 2193 3625 18
2230 3568 2332 3696 ⁴151]

390 3627 526 3678 τοῦτ
529 3629 645 3679 oD
755 3629 997 3689 ἑκάστου
1037 3636 1086 3688 D
1199 3642 1265 3690 18
1304 3631 1365 3706 ἢ]
1408 3629 1481 3704 ἦν
1522 3636 1632 3691 OF
1725 3644 1796 3692 24
1832 3641 1954 3714 τῷ.
1986 3637 2215 3712 .χρόνω
2253 3641 2280 3695 I
