2569 4061
352 209 486 275 274
1055 204 1363 263 DIODORI
1400 204 1634 261 SICULI

282 377 322 440 6
353 372 747 457 συγγενέσιν
792 369 1018 454 ὀνείδη
1064 372 1389 454 καταλίπῃ
1436 370 1648 453 μείζω.
1721 368 1992 433 πάντων
2040 365 2099 432 δ’
2140 366 2279 434 ἐστὶ

281 1032 312 1080 2

285 3141 321 3206 7

351 477 889 566 παραδοξότατον
922 477 999 542 τὸ
1038 478 1399 561 γινόμενον
1435 473 1587 561 περὶ
1623 475 1747 558 τὴν
1793 475 2106 559 τελευτὴν
2141 484 2281 538 τῶν

350 582 696 670 βασιλέων.
788 584 954 649 κατὰ
998 583 1125 668 γὰρ
1171 583 1298 666 τὴν
1341 584 1623 668 Μερόην
1670 582 1742 646 οἰ
1785 579 1937 666 περὶ
1981 582 2099 658 τάς
2147 591 2282 646 τῶν

349 698 534 757 θεῶν
587 693 948 777 θεραπείας
1001 713 1071 755 τε
1126 686 1236 754 καὶ
1292 690 1483 772 τιμὰς
1539 690 1992 773 διατρίβοντες
2058 687 2279 773 ἱερεῖς,

350 799 665 882 μεγίστην
732 796 843 863 καὶ
905 795 1321 882 κυριωτάτην
1391 793 1579 873 τάξιν
1652 797 1941 879 ἔχοντες,
2007 793 2281 859 ἐπειδὰν
2312 813 2343 853 5

351 902 457 969 ἐπὶ
497 914 667 971 νοῦν
714 904 940 981 αὐτοῖς
977 905 1167 988 ἔλθῃ,
1213 900 1590 986 πέμπουσιν
1627 903 1913 985 ἄγγελον
1958 903 2124 987 πρὸς
2159 903 2280 966 τὸν

351 1008 657 1094 βασιλέα,
702 1010 1083 1085 κελεύοντες
1129 1008 1601 1091 ἀποθνήσκειν.
1692 1009 1852 1084 τοὺς
1895 1008 2023 1092 γὰρ
2072 1010 2280 1084 θεοὺς

351 1117 578 1193 αὐτοῖς
613 1125 818 1180 ταῦτα
850 1112 1419 1199 κεχρηματικέναι,
1456 1112 1567 1179 καὶ
1596 1115 1739 1178 δεῖν
1775 1116 1851 1179 τὸ
1888 1116 2280 1198 πρόσταγμα

350 1234 486 1288 τῶν
535 1220 894 1286 ἀθανάτων
939 1220 1072 1286 ὑπὸ
1127 1227 1383 1305 θνητῆς
1428 1222 1694 1306 φύσεως
1749 1221 2068 1306 μηδαμῶς
2112 1242 2281 1305 παρ-

353 1334 705 1415 οραθῆναι.
793 1325 905 1392 καὶ
969 1325 1235 1413 ἑτέρους
1299 1326 1359 1392 δ’
1424 1325 1948 1411 ἐπιφθέγγονται
2013 1330 2278 1410 λόγους,
2310 1346 2367 1386 1⁰

351 1435 538 1511 οἵους
590 1437 667 1499 ἂν
730 1433 904 1520 ἁπλῇ
957 1436 1223 1522 διανοίᾳ
1286 1432 1719 1520 προσδέξαιτο
1781 1434 1985 1517 φύσις
2037 1433 2279 1522 ἀρχαία

351 1538 473 1626 μὲν
543 1539 655 1607 καὶ
730 1539 1214 1631 δυσεξαλείπτῳ
1300 1544 1631 1628 συνηθείᾳ
1702 1540 2278 1627 συντεθραμμένη,

352 1652 556 1732 λόγον
602 1645 663 1713 δ’
719 1648 843 1715 οὐκ
887 1650 1132 1733 ἔχουσα
1177 1649 1298 1712 τὸν
1354 1648 1923 1732 ἐναντιωσόμενον
1966 1658 2108 1724 τοῖς
2153 1648 2278 1713 οὐκ

353 1757 723 1841 ἀναγκαίως
786 1753 1400 1841 προσταττομένοις.
1490 1755 1655 1819 κατὰ
1728 1749 1850 1837 μὲν
1923 1748 2050 1820 οὖν
2117 1756 2279 1831 τοὺς

353 1862 573 1930 ἐπάνω
619 1864 904 1947 χρόνους
938 1860 1283 1944 ὑπήκουον
1331 1859 1402 1924 οί
1440 1862 1736 1943 βασιλεῖς
1771 1870 1911 1937 τοῖς
1957 1859 2267 1944 ἱερεῦσιν,
2300 1878 2362 1918 15

353 1969 473 2055 οὐχ
529 1968 759 2045 ὅπλοις
805 1963 964 2033 οὐδὲ
1019 1969 1134 2054 βίᾳ
1179 1963 1652 2052 κρατηθέντες,
1709 1964 1853 2032 ἀλλ’
1897 1960 2009 2032 ὑπ’
2050 1963 2252 2049 αὐτῆς
2278 1988 2386 2041 178

352 2085 465 2161 τῆς
526 2076 1051 2160 δεισιδαιμονίας
1108 2075 1266 2150 τοὺς
1326 2075 1687 2158 λογισμοὺς
1740 2075 2274 2157 κατισχυόμενοι·

351 2185 517 2249 κατὰ
572 2179 645 2247 δὲ
689 2184 811 2248 τὸν
865 2181 1180 2268 δεύτερον
1229 2185 1649 2267 Πτολεμαῖον
1696 2179 1732 2245 ὁ
1782 2182 2097 2264 βασιλεὺς
2140 2190 2276 2244 τῶν

353 2292 712 2355 Αἰθιόπων
750 2286 1184 2375 Ἐργαμένης,
1232 2288 1640 2373 μετεσχηκὼς
1675 2283 2061 2372 Ἑλληνικῆς
2107 2287 2278 2370 ἀγω-

352 2406 472 2481 γῆς
525 2394 637 2462 καὶ
688 2397 1184 2480 φιλοσοφήσας,
1239 2406 1499 2480 πρῶτος
1554 2393 1887 2480 ἐθάρρησε
1941 2415 2276 2478 καταφρο-
2303 2415 2359 2454 20

351 2510 551 2585 νῆσαι
595 2509 717 2565 τοῦ
762 2500 1279 2585 προστάγματος.
1356 2500 1582 2584 λαβὼν
1627 2500 1753 2585 γάρ
1802 2501 2116 2585 φρόνημα
2159 2507 2277 2584 τῆς

352 2609 690 2690 βασιλείας
753 2605 941 2683 ἄξιον
1003 2610 1308 2691 παρῆλθε
1373 2605 1534 2690 μετὰ
1601 2608 1786 2687 [τῶν]
1855 2615 2276 2692 στρατιωτῶν

353 2714 448 2790 εἰς
499 2713 574 2776 τὸ
632 2712 909 2794 ἄβατον,
977 2706 1060 2776 οὗ
1116 2710 1512 2796 συνέβαινεν
1576 2708 1749 2778 εἶναι
1802 2714 1921 2779 τὸν
1976 2720 2274 2797 χρυσοῦν

353 2820 522 2884 ναὸν
567 2828 702 2884 τῶν
739 2819 1117 2902 Αἰθιόπων,
1164 2817 1274 2884 καὶ
1311 2822 1469 2896 τοὺς
1513 2815 1635 2904 μὲν
1683 2819 1880 2905 ἱερεῖς
1917 2816 2271 2903 ἀπέσφαξε,

353 2928 426 2992 τὸ
476 2922 549 2991 δὲ
596 2927 754 3003 ἔθος
799 2933 997 2990 τοῦτο
1044 2927 1418 3003 καταλύσας
1464 2927 1901 3012 διωρθώσατο
1948 2928 2116 3012 πρὸς
2150 2926 2273 3009 τὴν
2299 2947 2352 2987 25

354 3033 595 3100 ἑαυτοῦ
640 3035 1048 3120 προαίρεσιν.

539 3142 630 3207 Τὸ
669 3136 744 3205 δὲ
789 3137 940 3225 περὶ
976 3142 1133 3216 τοὺς
1170 3142 1412 3223 φίλους
1447 3147 1569 3203 τοῦ
1604 3137 1930 3223 βασιλέως
1964 3142 2271 3224 νόμιμον,

351 3251 586 3332 καίπερ
641 3246 721 3312 ὃν
775 3246 1189 3333 παράδοξον,
1252 3244 1592 3329 διαμένειν
1647 3248 1907 3330 ἔφασαν
1962 3244 2087 3323 ἕως
2140 3255 2273 3311 τῶν

498 3407 560 3454 11
602 3397 674 3456 ἃν
714 3402 840 3456 add.
878 3401 1047 3457 Dind.
1174 3408 1244 3456 20
1282 3404 1623 3470 φιλοσοφίας
1657 3402 1787 3458 fort.
1907 3407 1975 3457 21
2013 3399 2269 3526 amirga-

351 3487 447 3528 τος
483 3470 634 3537 vulg.
759 3478 826 3526 22
864 3473 978 3526 τῶν
1016 3488 1124 3527 om.
1162 3474 1212 3526 D
1341 3479 1411 3527 24
1450 3471 1643 3543 ἱερεῖς]
1684 3467 1947 3535 ἅπαντας
1983 3472 2111 3528 add.
2197 3471 2268 3527 F.
