2569 4061
388 188 472 253 18
1066 179 1376 237 DIODORI
1415 178 1651 235 SICULI

383 361 519 416 τῶν
558 346 741 436 ζῴων
778 347 1035 429 φύσεις,
1084 345 1261 429 ὅμως
1297 341 1410 408 καὶ
1454 342 1618 406 κατὰ
1663 348 1903 404 τοῦτον
1948 340 2066 403 τὸν
2102 342 2309 422 λόγον

383 452 657 539 πρέπειν
711 452 835 536 τὴν
890 450 1183 537 ἀρχηγὸν
1237 459 1373 513 τῶν
1429 445 1741 530 ἐμψύχων
1795 443 2058 526 γένεσιν
2102 460 2308 529 προσ-

313 583 345 631 5
383 560 610 625 άπτειν
662 558 868 644 ταύτῃ
913 566 992 643 τῇ
1049 558 1245 642 χώρᾳ.
1337 561 1452 636 τῆς
1495 552 1625 635 γὰρ
1669 551 1848 635 παρὰ
1892 560 2031 626 τοῖς
2081 551 2308 629 ἄλλοις

383 664 745 752 ἐπομβρίας
779 672 871 753 τῷ
908 660 1062 748 παρ’
1108 660 1366 735 ἑαυτοῖς
1402 646 1738 745 γινομένω
1769 657 2053 741 καύματι
2099 660 2307 741 μιγεί-

385 790 505 858 σης
567 774 744 850 εἰκὸς
806 770 1287 854 εὐκρατότατον
1350 762 1669 848 γενέσθαι
1731 764 1852 828 τὸν
1916 762 2077 850 ἀέρα
2141 766 2306 850 πρὸς
2333 779 2359 823 5

312 903 343 951 ο
381 880 506 964 τὴν
552 879 618 959 ἐξ
665 878 868 965 ἀρχῆς
920 885 1055 940 τῶν
1099 872 1370 937 πάντων
1428 872 1808 952 ζωογονίαν.
1900 867 2011 935 καὶ
2056 873 2184 956 γὰρ
2231 870 2305 936 ἐν

379 996 521 1063 τοῖς
572 981 728 1050 καθ’
781 981 950 1065 ἡμᾶς
1013 981 1110 1044 ἔτι
1164 979 1433 1062 χρόνοις
1494 978 1658 1042 κατὰ
1719 978 1843 1059 τὴν
1909 976 2305 1043 ἐπίκλυστον

381 1096 727 1172 Αἴγυπτον
796 1086 870 1152 ἐν
932 1095 1072 1163 τοῖς
1136 1083 1403 1168 ὀψίμοις
1465 1094 1601 1149 τῶν
1664 1083 1931 1150 ὑδάτων
1996 1094 2305 1169 φανερῶς

311 1220 341 1268 7
380 1196 672 1280 ὁρᾶσθαι
714 1189 1132 1276 γεννωμένας
1168 1191 1407 1275 φύσεις
1442 1189 1782 1275 ἐμψύχων·
1821 1190 1981 1256 ὅταν
2017 1192 2145 1276 γὰρ
2182 1198 2305 1256 τοῦ

377 1307 676 1383 ποταμοῦ
730 1300 854 1381 τὴν
909 1296 1333 1383 ἀναχώρησιν
1386 1294 1796 1381 ποιουμένου
1848 1297 1974 1380 τὴν
2032 1298 2302 1382 πρώτην
2332 1312 2384 1354 10

375 1413 491 1488 τῆς
530 1405 715 1481 ἰλύος
752 1404 787 1469 ὁ
825 1404 1012 1487 ἥλιος
1049 1403 1440 1489 διαξηράνῃ,
1471 1401 1636 1489 φασὶ
1674 1405 2122 1470 συνίστασθαι
2152 1407 2302 1491 ζῷα,

373 1512 523 1576 τινὰ
585 1507 706 1596 μὲν
761 1512 857 1587 εἰς
909 1509 1096 1587 τέλος
1154 1508 1637 1595 ἀπηρτισμένα,
1695 1512 1846 1575 τινὰ
1908 1506 1981 1575 δὲ
2032 1509 2302 1594 ἡμιτελῆ

374 1617 487 1685 καὶ
530 1621 697 1704 πρὸς
742 1618 908 1702 αὐτῇ
956 1626 1230 1702 συμφυῆ
1277 1625 1356 1701 τῇ
1403 1624 1507 1701 γῇ.

272 1727 350 1791 11
562 1729 735 1800 Τοὺς
812 1721 873 1787 δ’
938 1718 1064 1788 οὖν
1134 1719 1273 1788 κατ’
1341 1727 1687 1804 Αἴγυπτον
1760 1723 2165 1807 ἀνθρώπους
2226 1724 2300 1788 τὸ

376 1831 659 1896 παλαιὸν
703 1826 1137 1912 γενομένους,
1186 1824 1688 1910 ἀναβλέψαντας
1745 1829 1839 1904 εἰς
1884 1829 2002 1893 τὸν
2045 1831 2300 1912 κόσμον
2330 1843 2380 1885 1⁵

373 1933 484 2001 καὶ
546 1935 669 2019 τὴν
732 1945 867 2000 τῶν
931 1934 1107 1999 ὅλων
1172 1935 1384 2019 φύσιν
1445 1930 1978 2017 καταπλαγέντας
2050 1958 2119 1999 τε
2190 1934 2302 2000 καὶ

372 2042 881 2127 θαυμάσαντας,
935 2041 1302 2126 ὑπολαβεῖν
1357 2036 1531 2106 εἶναι
1591 2042 1715 2108 δύο
1775 2043 1982 2118 θεοὺς
2042 2040 2302 2119 ἀιδίους

372 2172 443 2213 τε
487 2146 600 2213 καὶ
645 2149 969 2234 πρώτους,
1015 2150 1134 2214 τόν
1177 2171 1246 2213 τε
1294 2148 1489 2230 ἥλιον
1531 2144 1643 2213 καὶ
1678 2147 1802 2230 τὴν
1847 2150 2156 2233 σελήνην,
2206 2144 2302 2214 ὧν

371 2257 490 2318 τὸν
544 2251 667 2339 μὲν
694 2253 987 2340 ’Όσιριν,
1035 2255 1158 2338 τὴν
1214 2251 1288 2318 δὲ
1324 2245 1487 2319 Ἶσιν
1535 2253 1890 2339 ὀνομάσαι,
1938 2253 2067 2320 ἀπό
2118 2279 2301 2333 τινος

371 2359 618 2443 ἐτύμου
664 2362 970 2444 τεθείσης
1016 2358 1326 2445 ἑκατέρας
1378 2368 1494 2443 τῆς
1538 2365 1992 2448 προσηγορίας
2036 2365 2295 2447 ταύτης.
2327 2379 2378 2418 20

301 2487 333 2535 2
371 2463 1058 2551 μεθερμηνευομένων
1111 2466 1238 2550 γὰρ
1289 2466 1548 2532 τούτων
1603 2469 1698 2544 είς
1751 2470 1870 2534 τὸν
1908 2465 2296 2554 Ἑλληνικὸν

370 2581 487 2655 τῆς
543 2571 892 2637 διαλέκτου
936 2573 1186 2657 τρόπον
1242 2567 1415 2638 εἶναι
1460 2574 1580 2638 τὸν
1625 2571 1748 2659 μὲν
1776 2573 2040 2662 Ὄσιριν
2093 2581 2299 2642 πολυ-

372 2680 762 2763 όφθαλμον,
819 2679 1109 2756 εἰκότως·
1169 2689 1466 2766 πανταχῇ
1512 2682 1641 2766 γὰρ
1698 2680 2136 2767 ἐπιβάλλοντα
2182 2686 2298 2760 τὰς

370 2784 638 2862 ἀκτῖνας
692 2785 912 2868 ὥσπερ
960 2784 1341 2871 ὀφθαλμοῖς
1392 2792 1664 2865 πολλοῖς
1709 2787 1977 2872 βλέπειν
2032 2789 2296 2854 ἅπασαν

365 2899 498 2975 γῆν
533 2890 645 2958 καὶ
690 2893 1047 2958 θάλατταν.
1112 2890 1223 2958 καὶ
1258 2895 1378 2959 τὸν
1424 2896 1706 2978 ποιητὴν
1745 2890 1819 2957 δὲ
1864 2892 2082 2976 λέγειν
2126 2895 2293 2978 σύμ-
2324 2908 2377 2948 25

369 3023 564 3083 φωνα
611 3000 873 3077 τούτοις

458 3105 676 3190 ἠέλιός
732 3100 831 3190 θ’,
890 3106 962 3183 ὃς
1015 3101 1209 3172 πάντ’
1262 3105 1475 3193 ἐφορᾷ
1538 3104 1649 3170 καὶ
1711 3103 1902 3171 πάντ’
1966 3104 2292 3174 ἐπακούει.

511 3305 546 3351 4
586 3294 791 3368 ἑαυτῆς
826 3298 893 3366 D,
932 3319 1095 3354 αυτοι
1084 3304 1129 3361 ς
1166 3298 1227 3352 F
1352 3304 1382 3352 7
1423 3292 1763 3353 ἐπίκαυστον
1806 3298 1910 3355 CF
2026 3307 2091 3355 13
2129 3298 2297 3389 πρὸς]

369 3367 529 3446 βώλῳ
579 3369 706 3423 add.
724 3319 822 3439 ⁷⁷‚D
879 3366 1024 3424 κατὰ
1073 3369 1239 3440 μέρος
1286 3369 1543 3425 Hertlein
1685 3370 1784 3425 καὶ
1835 3373 2100 3441 προσφυῆ
2148 3393 2184 3426 α

369 3435 585 3491 conicio
729 3442 829 3509 τῆς
864 3442 969 3510 γῆς
1005 3441 1053 3494 D
1205 3448 1270 3497 16
1308 3460 1368 3495 τε
1407 3456 1514 3495 om.
1555 3442 1707 3512 vulg.
1838 3447 1905 3498 23
1943 3443 2132 3513 πάντη
2174 3368 2295 3499 CB?
