2569 4061
1056 355 1083 409 1
1121 360 1206 412 35.
1237 362 1322 412 36.
2073 358 2161 424 59

234 521 483 605 ἀγρίων
527 520 701 602 ὑῶν,
755 529 931 606 τρεῖς
979 519 1044 600 ἐξ
1100 517 1496 605 ἀμφοτέρων
1540 532 1673 587 τῶν
1724 532 1978 609 μερῶν,
2026 515 2161 586 ὦτα

234 623 310 692 δὲ
362 624 472 694 καὶ
526 626 767 712 κέρκον
818 629 927 692 καὶ
985 627 1223 712 φωνὴν
1277 627 1456 715 ἵππω
1502 638 1919 716 παρεμφερῆ,
1965 630 2041 694 τὸ
2092 625 2153 693 δ’

233 733 396 798 ὅλον
448 734 647 810 κύτος
704 740 826 798 τοῦ
883 732 1185 817 σώματος
1250 732 1374 797 οὐκ
1440 731 1763 816 ἀνόμοιον
1827 733 2156 820 ἐλέφαντι,

228 836 343 904 καὶ
389 838 597 925 δέρμα
634 839 904 904 πάντων
951 840 1191 924 σχεδὸν
1225 852 1358 904 τῶν
1401 840 1663 923 θηρίων
1707 840 2155 925 ἰσχυρότατον.

174 963 201 1006 5
229 946 556 1030 ποτάμιον
593 945 722 1031 γὰρ
758 945 1061 1031 ὑπάρχον
1096 944 1205 1010 καὶ
1251 953 1567 1030 χερσαῖον
1601 945 1719 1021 τὰς
1759 941 1880 1028 μὲν
1916 944 2161 1031 ἡμέρας
2196 970 2228 1018 9

230 1050 305 1117 ἐν
368 1063 508 1129 τοῖς
572 1051 774 1117 ὕδασι
836 1062 1019 1118 ποιεῖ
1077 1052 1578 1135 γυμναζόμενον
1648 1052 1815 1116 κατὰ
1879 1051 2159 1134 βάθους,

228 1160 343 1235 τὰς
399 1156 475 1224 δὲ
536 1159 781 1235 νύκτας
834 1156 943 1224 ἐπὶ
996 1166 1112 1241 τῆς
1163 1158 1382 1243 χώρας
1432 1157 1864 1242 κατανέμεται
1916 1158 2037 1222 τόν
2089 1181 2158 1223 τε

229 1275 419 1331 σῖτον
454 1262 567 1330 καὶ
611 1265 731 1329 τὸν
766 1266 1032 1349 χόρτον,
1080 1263 1247 1328 ὥστε
1295 1265 1359 1328 εἰ
1389 1264 1801 1330 πολύτεκνον
1834 1258 1923 1348 ἦν
1959 1272 2159 1329 τοῦτο

227 1372 304 1436 τὸ
364 1373 532 1459 ζῷον
585 1368 698 1436 καὶ
751 1365 894 1436 κατ’
946 1369 1256 1435 ἐνιαυτὸν
1309 1371 1588 1455 ἔτικτεν,
1648 1367 2019 1456 ἐλυμαίνετ’
2072 1369 2158 1436 ἂν

143 1497 200 1537 10
230 1476 602 1563 ὁλοσχερῶς
654 1478 771 1554 τὰς
833 1479 1157 1561 γεωργίας
1208 1476 1325 1552 τὰς
1381 1472 1522 1541 κατ’
1561 1483 1925 1560 Αἴγυπτον.
2016 1478 2156 1544 ἁλί-
2198 1501 2263 1549 10

229 1600 454 1648 σκεται
521 1579 596 1647 δὲ
658 1581 771 1648 καὶ
841 1590 1041 1648 τοῦτο
1104 1585 1496 1668 πολυχειρίᾳ
1567 1595 1703 1649 τῶν
1772 1588 2156 1651 τυπτόντων

229 1698 373 1764 τοῖς
419 1689 716 1773 σιδηροῖς
762 1686 1123 1771 ἐμβολίοις·
1172 1688 1345 1753 ὅπου
1390 1689 1517 1773 γὰρ
1565 1687 1649 1753 ἂν
1695 1699 1907 1774 φανῇ,
1954 1692 2157 1756 συνά-

107 1881 112 1886 .
230 1809 474 1878 γουσιν
519 1791 621 1859 ἐπ’
674 1793 839 1859 αὐτὸ
885 1798 1114 1877 πλοῖα,
1160 1792 1272 1860 καὶ
1317 1794 1743 1879 περιστάντες
1794 1818 2157 1880 κατατραυ-

227 1903 617 1985 ματίζουσιν
661 1900 883 1985 ὥσπερ
928 1898 1064 1965 τισὶ
1109 1908 1431 1969 κοπεῦσιν
1476 1899 1581 1966 ἐπὶ
1627 1901 1931 1985 σιδηροῖς
1976 1901 2157 1983 ἀγκί-

146 2024 201 2067 15
229 2024 475 2095 στροις,
523 2002 656 2074 εἶθ’
708 2006 810 2074 ἐνὶ
853 2018 989 2074 τῶν
1034 2006 1461 2093 ἐμπαγέντων
1515 2006 1909 2086 ἐνάπτοντες
1954 2006 2159 2094 ἀρχὰς

227 2118 597 2192 στυππίνας
651 2115 918 2198 ἀφιᾶσι,
974 2113 1165 2201 μέχρι
1219 2114 1305 2180 ἂν
1351 2115 1511 2182 ὅτου
1562 2121 1923 2202 παραλυθῇ
1968 2119 2157 2198 γενό-

226 2245 432 2306 μενον
487 2222 773 2306 ἔξαιμον.
864 2222 990 2305 τὴν
1042 2220 1166 2307 μὲν
1220 2217 1347 2288 οὖν
1400 2223 1614 2305 σάρκα
1668 2225 1965 2308 σκληρὰν
2023 2226 2154 2308 ἔχει
2194 2246 2258 2294 11

226 2326 336 2394 καὶ
391 2329 802 2411 δύσπεπτον,
856 2339 993 2394 τῶν
1048 2324 1110 2393 δ’
1162 2331 1487 2395 ἔντοσθεν
1542 2325 1746 2395 οὐδὲν
1801 2330 2152 2415 ἐδώδιμον,

229 2435 380 2500 οὔτε
428 2436 812 2521 σπλάγχνον
857 2416 998 2500 0‘45v'
1053 2435 1403 2518 ἐγκοίλιον.

146 2557 201 2597 2⁰
405 2540 626 2628 Χωρὶς
673 2538 748 2607 δὲ
783 2552 919 2607 τῶν
955 2540 1324 2628 εἰρημένων
1359 2546 1626 2629 θηρίων
1662 2543 1699 2610 ὁ
1737 2547 1983 2622 Νεῖλος
2018 2547 2150 2630 ἔχει
2171 2549 2256 2613 36

225 2659 507 2714 παντοῖα
560 2647 722 2732 γένη
773 2649 1031 2733 ἰχθύων
1082 2646 1195 2715 καὶ
1238 2651 1404 2715 κατὰ
1447 2651 1523 2715 τὸ
1578 2655 1836 2734 πλῆθος
1881 2653 2151 2718 ἄπιστα·

225 2766 367 2832 τοῖς
417 2756 546 2842 γὰρ
610 2754 952 2841 ἐγχωρίοις
1008 2755 1089 2820 οὐ
1155 2758 1367 2839 μόνον
1420 2754 1491 2821 ἐκ
1554 2767 1690 2822 τῶν
1751 2761 2152 2844 προσφάτως

226 2860 681 2947 ἁλισκομένων
717 2859 1067 2946 παρέχεται
1106 2862 1351 2946 δαψιλῆ
1387 2863 1514 2946 τὴν
1551 2861 1941 2948 ἀπόλαυσιν,
1985 2865 2151 2931 ἀλλὰ

225 2964 337 3032 καὶ
373 2972 631 3052 πλῆθος
667 2969 763 3045 εἰς
798 2970 1137 3053 ταριχείαν
1174 2967 1443 3051 ἀνίησιν
1480 2967 1925 3037 ἀνέκλειπτον.
1983 2977 2151 3056 καθ·
2189 2992 2218 3038 2

145 3087 197 3130 2⁵
225 3075 390 3139 όλου
427 3070 502 3139 δὲ
545 3084 691 3151 ταῖς
727 3074 823 3150 εἰς
867 3073 1271 3160 ἀνθρώπους
1313 3074 1718 3162 εὐεργεσίαις
1753 3078 2151 3163 ὑπερβάλλει

224 3181 474 3256 πάντας
525 3182 683 3256 τοὺς
736 3180 902 3247 κατὰ
954 3180 1078 3264 τὴν
1134 3179 1535 3266 οἰκουμένην
1593 3183 1946 3267 ποταμούς.
2037 3190 2153 3264 τῆς

223 3286 355 3371 γαρ
409 3271 811 3372 πληρώσεως
872 3287 997 3369 τὴν
1060 3286 1272 3373 ἀρχὴν
1332 3286 1460 3353 ἀπὸ
1525 3294 1822 3374 θερινων
1883 3296 2151 3369 τροπῶν

369 3413 402 3462 ὅ
439 3402 587 3478 γὰρ]
614 3404 679 3463 δὲ
718 3405 883 3463 Dind.
960 3414 991 3463 6
1028 3407 1230 3543 ποιεῖ]ζ
1240 3409 1465 3491 διατρίβ
1467 3427 1520 3463 ει
1499 3407 1600 3462 ιΙΙ
1673 3412 1703 3460 ’1
1743 3406 1840 3472 τῆς
1865 3401 1934 3470 Ι),
1961 3399 2063 3465 τὰς
2090 3404 2151 3473 F,

225 3494 335 3533 om.
366 3476 415 3532 G
554 3484 620 3532 11
658 3478 852 3564 τοῦτο]
891 3479 1058 3534 τοῦτο
1095 3475 1159 3533 τὸ
1199 3479 1343 3543 ζῶον
1380 3411 1536 3602 vulff3
1681 3482 1747 3529 14
1783 3471 2072 3526 κωπεῦσιν
2101 3449 2151 3528 D

226 3545 568 3674 ὲῖειέξῗὲμον
503 3619 608 3675 C
630 3550 892 3606 τοιοῦτον
932 3546 995 3604 δὲ
1026 3545 1286 3617 υπάρχον
1325 3548 1441 3602 add
1629 3551 1697 3599 21
1736 3540 1881 3596 κατὰ
1921 3556 2030 3595 om.
2062 3545 2149 3600 CF
