<?xml version="1.0" encoding="UTF-8"?>
<!DOCTYPE html PUBLIC "-//W3C//DTD XHTML 1.0 Transitional//EN"
    "http://www.w3.org/TR/xhtml1/DTD/xhtml1-transitional.dtd">
<html xmlns="http://www.w3.org/1999/xhtml" xml:lang="en" lang="en">
 <head>
  <title>
</title>
<meta http-equiv="Content-Type" content="text/html;charset=utf-8" />
  <meta name='ocr-system' content='tesseract 3.04.00' />
  <meta name='ocr-capabilities' content='ocr_page ocr_carea ocr_par ocr_line ocrx_word'/>
</head>
<body>
  <div class='ocr_page' id='page_1' title='image "./diodoribiblioth02dindgoog_0553.png"; bbox 0 0 2569 4061; ppageno 0'>
   <div class='ocr_carea' id='block_1_1' title="bbox 1074 329 2199 394">
    <p class='ocr_par' dir='ltr' id='par_1_1' title="bbox 1074 329 2199 394">
     <span class='ocr_line' id='line_1_1' title="bbox 1074 329 2199 394; baseline 0.011 -12"><span class='ocrx_word' id='word_1_1' title='bbox 1074 329 1153 384; x_wconf 83' lang='lat' dir='ltr'><em>IV</em></span> <span class='ocrx_word' id='word_1_2' title='bbox 1191 334 1276 383; x_wconf 82' lang='lat'><em>35.</em></span> <span class='ocrx_word' id='word_1_3' title='bbox 1309 335 1394 384; x_wconf 79' lang='lat'><em>36.</em></span> <span class='ocrx_word' id='word_1_4' title='bbox 2065 330 2199 394; x_wconf 82' lang='lat'><em>453</em></span> 
     </span>
    </p>
   </div>
   <div class='ocr_carea' id='block_1_2' title="bbox 196 488 2307 3451">
    <p class='ocr_par' dir='ltr' id='par_1_2' title="bbox 196 488 2307 3451">
     <span class='ocr_line' id='line_1_2' title="bbox 273 488 2201 579; baseline 0.001 -23"><span class='ocrx_word' id='word_1_5' title='bbox 273 492 620 575; x_wconf 81' lang='grc' dir='ltr'><em>τοιούτων,</em></span> <span class='ocrx_word' id='word_1_6' title='bbox 669 488 1144 575; x_wconf 77' lang='grc' dir='ltr'><em>αἰνιττομένων</em></span> <span class='ocrx_word' id='word_1_7' title='bbox 1178 501 1317 555; x_wconf 81' lang='grc' dir='ltr'><em>τῶν</em></span> <span class='ocrx_word' id='word_1_8' title='bbox 1352 502 1645 575; x_wconf 82' lang='grc' dir='ltr'><em>ποιητῶν</em></span> <span class='ocrx_word' id='word_1_9' title='bbox 1680 491 1875 579; x_wconf 89' lang='grc' dir='ltr'><em>κέρας</em></span> <span class='ocrx_word' id='word_1_10' title='bbox 1920 489 2043 578; x_wconf 75' lang='grc' dir='ltr'><em>μὲν</em></span> <span class='ocrx_word' id='word_1_11' title='bbox 2079 500 2201 558; x_wconf 91' lang='grc' dir='ltr'><em>τοῦ</em></span> 
     </span>
     <span class='ocr_line' id='line_1_3' title="bbox 267 595 2197 686; baseline 0.001 -23"><span class='ocrx_word' id='word_1_12' title='bbox 267 595 595 686; x_wconf 75' lang='grc' dir='ltr'><em>Ἀχελῴου</em></span> <span class='ocrx_word' id='word_1_13' title='bbox 639 599 715 663; x_wconf 88' lang='grc' dir='ltr'><em>τὸ</em></span> <span class='ocrx_word' id='word_1_14' title='bbox 764 599 876 663; x_wconf 84' lang='grc' dir='ltr'><em>διὰ</em></span> <span class='ocrx_word' id='word_1_15' title='bbox 920 606 1038 681; x_wconf 80' lang='grc' dir='ltr'><em>τῆς</em></span> <span class='ocrx_word' id='word_1_16' title='bbox 1085 597 1415 682; x_wconf 77' lang='grc' dir='ltr'><em>διώρυχος</em></span> <span class='ocrx_word' id='word_1_17' title='bbox 1470 599 1846 682; x_wconf 89' lang='grc' dir='ltr'><em>φερόμενον</em></span> <span class='ocrx_word' id='word_1_18' title='bbox 1894 599 2197 685; x_wconf 77' lang='grc' dir='ltr'><em>ῥεῖθρον,</em></span> 
     </span>
     <span class='ocr_line' id='line_1_4' title="bbox 273 701 2200 789; baseline 0.001 -20"><span class='ocrx_word' id='word_1_19' title='bbox 273 706 355 769; x_wconf 77' lang='grc' dir='ltr'><em>τὰ</em></span> <span class='ocrx_word' id='word_1_20' title='bbox 402 701 475 769; x_wconf 71' lang='grc' dir='ltr'><em>δὲ</em></span> <span class='ocrx_word' id='word_1_21' title='bbox 531 710 704 789; x_wconf 85' lang='grc' dir='ltr'><em>μῆλα</em></span> <span class='ocrx_word' id='word_1_22' title='bbox 749 703 858 770; x_wconf 88' lang='grc' dir='ltr'><em>καὶ</em></span> <span class='ocrx_word' id='word_1_23' title='bbox 913 704 1030 781; x_wconf 81' lang='grc' dir='ltr'><em>τὰς</em></span> <span class='ocrx_word' id='word_1_24' title='bbox 1076 704 1236 789; x_wconf 78' lang='grc' dir='ltr'><em>ῥόας</em></span> <span class='ocrx_word' id='word_1_25' title='bbox 1278 701 1393 768; x_wconf 87' lang='grc' dir='ltr'><em>καὶ</em></span> <span class='ocrx_word' id='word_1_26' title='bbox 1444 706 1604 780; x_wconf 87' lang='grc' dir='ltr'><em>τοὺς</em></span> <span class='ocrx_word' id='word_1_27' title='bbox 1648 706 1892 789; x_wconf 79' lang='grc' dir='ltr'><em>βότρυς</em></span> <span class='ocrx_word' id='word_1_28' title='bbox 1948 707 2200 788; x_wconf 79' lang='grc' dir='ltr'><em>δηλοῦν</em></span> 
     </span>
     <span class='ocr_line' id='line_1_5' title="bbox 273 809 2201 898; baseline -0.001 -22"><span class='ocrx_word' id='word_1_29' title='bbox 273 813 398 896; x_wconf 81' lang='grc' dir='ltr'><em>τὴν</em></span> <span class='ocrx_word' id='word_1_30' title='bbox 450 814 886 898; x_wconf 84' lang='grc' dir='ltr'><em>καρποφόρον</em></span> <span class='ocrx_word' id='word_1_31' title='bbox 931 811 1156 896; x_wconf 80' lang='grc' dir='ltr'><em>χώραν</em></span> <span class='ocrx_word' id='word_1_32' title='bbox 1209 811 1334 893; x_wconf 84' lang='grc' dir='ltr'><em>τὴν</em></span> <span class='ocrx_word' id='word_1_33' title='bbox 1377 809 1509 874; x_wconf 84' lang='grc' dir='ltr'><em>ὑπὸ</em></span> <span class='ocrx_word' id='word_1_34' title='bbox 1564 818 1688 875; x_wconf 91' lang='grc' dir='ltr'><em>τοῦ</em></span> <span class='ocrx_word' id='word_1_35' title='bbox 1731 819 2033 893; x_wconf 85' lang='grc' dir='ltr'><em>ποταμοῦ</em></span> <span class='ocrx_word' id='word_1_36' title='bbox 2086 810 2201 896; x_wconf 83' lang='grc' dir='ltr'><em>ἀρ-</em></span> 
     </span>
     <span class='ocr_line' id='line_1_6' title="bbox 222 915 2305 1003; baseline -0.002 -23"><span class='ocrx_word' id='word_1_37' title='bbox 222 940 247 980; x_wconf 88' lang='lat'>5</span> <span class='ocrx_word' id='word_1_38' title='bbox 276 917 647 1003; x_wconf 83' lang='grc' dir='ltr'><em>δευομένην</em></span> <span class='ocrx_word' id='word_1_39' title='bbox 716 915 831 983; x_wconf 85' lang='grc' dir='ltr'><em>καὶ</em></span> <span class='ocrx_word' id='word_1_40' title='bbox 893 918 968 981; x_wconf 88' lang='grc' dir='ltr'><em>τὸ</em></span> <span class='ocrx_word' id='word_1_41' title='bbox 1042 921 1303 999; x_wconf 80' lang='grc' dir='ltr'><em>πλῆθος</em></span> <span class='ocrx_word' id='word_1_42' title='bbox 1373 926 1510 980; x_wconf 82' lang='grc' dir='ltr'><em>τῶν</em></span> <span class='ocrx_word' id='word_1_43' title='bbox 1582 915 2201 1002; x_wconf 83' lang='grc' dir='ltr'><em>καρποφορούντων</em></span> <span class='ocrx_word' id='word_1_44' title='bbox 2296 970 2305 976; x_wconf 84' lang='grc'>,</span> 
     </span>
     <span class='ocr_line' id='line_1_7' title="bbox 276 1016 2200 1111; baseline -0.002 -20"><span class='ocrx_word' id='word_1_45' title='bbox 276 1036 535 1111; x_wconf 81' lang='grc' dir='ltr'><em>φυτῶν·</em></span> <span class='ocrx_word' id='word_1_46' title='bbox 575 1022 972 1109; x_wconf 79' lang='grc' dir='ltr'><em>Ἀμαλθείας</em></span> <span class='ocrx_word' id='word_1_47' title='bbox 1009 1016 1281 1088; x_wconf 83' lang='grc' dir='ltr'><em>δἐἶναι</em></span> <span class='ocrx_word' id='word_1_48' title='bbox 1326 1021 1524 1109; x_wconf 89' lang='grc' dir='ltr'><em>κέρας</em></span> <span class='ocrx_word' id='word_1_49' title='bbox 1562 1023 1778 1088; x_wconf 84' lang='grc' dir='ltr'><em>οίονεί</em></span> <span class='ocrx_word' id='word_1_50' title='bbox 1815 1046 2001 1100; x_wconf 90' lang='grc' dir='ltr'><em>τινος</em></span> <span class='ocrx_word' id='word_1_51' title='bbox 2037 1022 2200 1107; x_wconf 83' lang='grc' dir='ltr'><em>ἄμα-</em></span> 
     </span>
     <span class='ocr_line' id='line_1_8' title="bbox 274 1123 2204 1259; baseline -0.002 -61"><span class='ocrx_word' id='word_1_52' title='bbox 274 1134 633 1213; x_wconf 89' lang='grc' dir='ltr'><em>λακιστίας,</em></span> <span class='ocrx_word' id='word_1_53' title='bbox 683 1124 770 1195; x_wconf 84' lang='grc' dir='ltr'><em>δι’</em></span> <span class='ocrx_word' id='word_1_54' title='bbox 803 1123 883 1212; x_wconf 78' lang='grc' dir='ltr'><em>ἧς</em></span> <span class='ocrx_word' id='word_1_55' title='bbox 916 1129 1042 1211; x_wconf 82' lang='grc' dir='ltr'><em>τὴν</em></span> <span class='ocrx_word' id='word_1_56' title='bbox 1084 1129 1394 1195; x_wconf 85' lang='grc' dir='ltr'><em>εὐτονίαν</em></span> <span class='ocrx_word' id='word_1_57' title='bbox 1430 1138 1551 1195; x_wconf 87' lang='grc' dir='ltr'><em>τοῦ</em></span> <span class='ocrx_word' id='word_1_58' title='bbox 1587 1130 2204 1259; x_wconf 87' lang='grc' dir='ltr'><em>κατασκευάσαντος</em></span> 
     </span>
     <span class='ocr_line' id='line_1_9' title="bbox 278 1240 672 1322; baseline -0.005 -19"><span class='ocrx_word' id='word_1_59' title='bbox 278 1240 672 1322; x_wconf 88' lang='grc' dir='ltr'><em>δηλοῦσθαι.</em></span> 
     </span>
     <span class='ocr_line' id='line_1_10' title="bbox 445 1339 2307 1441; baseline 0.001 -34.009"><span class='ocrx_word' id='word_1_60' title='bbox 445 1340 779 1441; x_wconf 75' lang='grc' dir='ltr'><em>Ἡρακλῆς</em></span> <span class='ocrx_word' id='word_1_61' title='bbox 808 1339 882 1408; x_wconf 72' lang='grc' dir='ltr'><em>δὲ</em></span> <span class='ocrx_word' id='word_1_62' title='bbox 919 1354 1060 1420; x_wconf 78' lang='grc' dir='ltr'><em>τοῖς</em></span> <span class='ocrx_word' id='word_1_63' title='bbox 1079 1343 1545 1421; x_wconf 86' lang='grc' dir='ltr'><em>Καλυδωνίοις</em></span> <span class='ocrx_word' id='word_1_64' title='bbox 1572 1345 2066 1430; x_wconf 82' lang='grc' dir='ltr'><em>συστρατεύσας</em></span> <span class='ocrx_word' id='word_1_65' title='bbox 2095 1341 2201 1410; x_wconf 80' lang='grc' dir='ltr'><em>ἐπὶ</em></span> <span class='ocrx_word' id='word_1_66' title='bbox 2221 1361 2307 1425; x_wconf 81' lang='grc'><em>36</em></span> 
     </span>
     <span class='ocr_line' id='line_1_11' title="bbox 196 1443 2202 1536; baseline 0.003 -27"><span class='ocrx_word' id='word_1_67' title='bbox 196 1470 250 1510; x_wconf 87' lang='lat'><em>10</em></span> <span class='ocrx_word' id='word_1_68' title='bbox 281 1451 721 1535; x_wconf 83' lang='grc' dir='ltr'><em>Θεσπρωτοὺς</em></span> <span class='ocrx_word' id='word_1_69' title='bbox 784 1452 983 1515; x_wconf 88' lang='grc' dir='ltr'><em>πόλιν</em></span> <span class='ocrx_word' id='word_1_70' title='bbox 1048 1471 1119 1514; x_wconf 85' lang='grc' dir='ltr'><em>τε</em></span> <span class='ocrx_word' id='word_1_71' title='bbox 1173 1446 1473 1535; x_wconf 87' lang='grc' dir='ltr'><em>Ἐφύραν</em></span> <span class='ocrx_word' id='word_1_72' title='bbox 1534 1451 1700 1514; x_wconf 79' lang='grc' dir='ltr'><em>κατὰ</em></span> <span class='ocrx_word' id='word_1_73' title='bbox 1763 1451 2005 1536; x_wconf 86' lang='grc' dir='ltr'><em>κράτος</em></span> <span class='ocrx_word' id='word_1_74' title='bbox 2069 1443 2202 1516; x_wconf 84' lang='grc' dir='ltr'><em>εἷλε</em></span> 
     </span>
     <span class='ocr_line' id='line_1_12' title="bbox 274 1553 2197 1640; baseline 0.002 -20"><span class='ocrx_word' id='word_1_75' title='bbox 274 1554 386 1620; x_wconf 87' lang='grc' dir='ltr'><em>καὶ</em></span> <span class='ocrx_word' id='word_1_76' title='bbox 438 1553 663 1620; x_wconf 84' lang='grc' dir='ltr'><em>Φυλέα</em></span> <span class='ocrx_word' id='word_1_77' title='bbox 708 1557 827 1621; x_wconf 86' lang='grc' dir='ltr'><em>τὸν</em></span> <span class='ocrx_word' id='word_1_78' title='bbox 872 1553 1148 1639; x_wconf 84' lang='grc' dir='ltr'><em>βασιλέα</em></span> <span class='ocrx_word' id='word_1_79' title='bbox 1192 1565 1329 1619; x_wconf 80' lang='grc' dir='ltr'><em>τῶν</em></span> <span class='ocrx_word' id='word_1_80' title='bbox 1379 1558 1795 1640; x_wconf 79' lang='grc' dir='ltr'><em>Θεσπρωτῶν</em></span> <span class='ocrx_word' id='word_1_81' title='bbox 1841 1555 2197 1624; x_wconf 80' lang='grc' dir='ltr'><em>ἀπέκτεινε.</em></span> 
     </span>
     <span class='ocr_line' id='line_1_13' title="bbox 276 1657 2203 1747; baseline 0 -21"><span class='ocrx_word' id='word_1_82' title='bbox 276 1662 502 1744; x_wconf 81' lang='grc' dir='ltr'><em>λαβὼν</em></span> <span class='ocrx_word' id='word_1_83' title='bbox 558 1657 632 1726; x_wconf 73' lang='grc' dir='ltr'><em>δὲ</em></span> <span class='ocrx_word' id='word_1_84' title='bbox 688 1662 1104 1745; x_wconf 84' lang='grc' dir='ltr'><em>αἰχμάλωτον</em></span> <span class='ocrx_word' id='word_1_85' title='bbox 1167 1662 1292 1744; x_wconf 88' lang='grc' dir='ltr'><em>τὴν</em></span> <span class='ocrx_word' id='word_1_86' title='bbox 1345 1659 1688 1747; x_wconf 78' lang='grc' dir='ltr'><em>θυγατέρα</em></span> <span class='ocrx_word' id='word_1_87' title='bbox 1745 1670 1867 1726; x_wconf 90' lang='grc' dir='ltr'><em>τοῦ</em></span> <span class='ocrx_word' id='word_1_88' title='bbox 1931 1661 2203 1739; x_wconf 81' lang='grc' dir='ltr'><em>Φυλέως</em></span> 
     </span>
     <span class='ocr_line' id='line_1_14' title="bbox 276 1765 2270 1853; baseline 0 -20"><span class='ocrx_word' id='word_1_89' title='bbox 276 1767 548 1851; x_wconf 79' lang='grc' dir='ltr'><em>ἐπεμίγη</em></span> <span class='ocrx_word' id='word_1_90' title='bbox 594 1768 802 1853; x_wconf 81' lang='grc' dir='ltr'><em>ταύτῃ</em></span> <span class='ocrx_word' id='word_1_91' title='bbox 845 1766 957 1833; x_wconf 89' lang='grc' dir='ltr'><em>καὶ</em></span> <span class='ocrx_word' id='word_1_92' title='bbox 1004 1765 1322 1833; x_wconf 77' lang='grc' dir='ltr'><em>ἐτέκνωσε</em></span> <span class='ocrx_word' id='word_1_93' title='bbox 1378 1769 1823 1852; x_wconf 89' lang='grc' dir='ltr'><em>Τληπόλεμον.</em></span> <span class='ocrx_word' id='word_1_94' title='bbox 1915 1768 2078 1852; x_wconf 75' lang='grc' dir='ltr'><em>μετὰ</em></span> <span class='ocrx_word' id='word_1_95' title='bbox 2124 1765 2199 1833; x_wconf 74' lang='grc' dir='ltr'><em>δὲ</em></span> <span class='ocrx_word' id='word_1_96' title='bbox 2236 1769 2270 1818; x_wconf 83' lang='lat'>2</span> 
     </span>
     <span class='ocr_line' id='line_1_15' title="bbox 273 1871 2202 1960; baseline 0 -21"><span class='ocrx_word' id='word_1_97' title='bbox 273 1876 394 1941; x_wconf 87' lang='grc' dir='ltr'><em>τὸν</em></span> <span class='ocrx_word' id='word_1_98' title='bbox 422 1877 831 1960; x_wconf 89' lang='grc' dir='ltr'><em>Δηιανείρας</em></span> <span class='ocrx_word' id='word_1_99' title='bbox 867 1874 1085 1958; x_wconf 88' lang='grc' dir='ltr'><em>γάμον</em></span> <span class='ocrx_word' id='word_1_100' title='bbox 1119 1871 1342 1959; x_wconf 85' lang='grc' dir='ltr'><em>τρισὶν</em></span> <span class='ocrx_word' id='word_1_101' title='bbox 1374 1873 1660 1958; x_wconf 75' lang='grc' dir='ltr'><em>ὕστερον</em></span> <span class='ocrx_word' id='word_1_102' title='bbox 1697 1876 1870 1939; x_wconf 81' lang='grc' dir='ltr'><em>ἔτεσι</em></span> <span class='ocrx_word' id='word_1_103' title='bbox 1909 1875 2202 1939; x_wconf 79' lang='grc' dir='ltr'><em>δειπνῶν</em></span> 
     </span>
     <span class='ocr_line' id='line_1_16' title="bbox 198 1974 2200 2069; baseline 0.002 -27"><span class='ocrx_word' id='word_1_104' title='bbox 198 1999 250 2041; x_wconf 88' lang='lat'><em>15</em></span> <span class='ocrx_word' id='word_1_105' title='bbox 278 1979 432 2069; x_wconf 84' lang='grc' dir='ltr'><em>παρ’</em></span> <span class='ocrx_word' id='word_1_106' title='bbox 482 1983 700 2065; x_wconf 77' lang='grc' dir='ltr'><em>Οἰνεῖ,</em></span> <span class='ocrx_word' id='word_1_107' title='bbox 758 1982 1234 2059; x_wconf 82' lang='grc' dir='ltr'><em>διακονοῦντος</em></span> <span class='ocrx_word' id='word_1_108' title='bbox 1287 1980 1695 2067; x_wconf 86' lang='grc' dir='ltr'><em>Εὐρυνόμου</em></span> <span class='ocrx_word' id='word_1_109' title='bbox 1752 1989 1872 2046; x_wconf 90' lang='grc' dir='ltr'><em>τοῦ</em></span> <span class='ocrx_word' id='word_1_110' title='bbox 1923 1974 2200 2065; x_wconf 83' lang='grc' dir='ltr'><em>Ἀρχιτέ-</em></span> 
     </span>
     <span class='ocr_line' id='line_1_17' title="bbox 278 2082 2202 2173; baseline 0 -21"><span class='ocrx_word' id='word_1_111' title='bbox 278 2092 439 2164; x_wconf 93' lang='grc' dir='ltr'><em>λους</em></span> <span class='ocrx_word' id='word_1_112' title='bbox 481 2089 658 2172; x_wconf 74' lang='grc' dir='ltr'><em>υἱοῦ,</em></span> <span class='ocrx_word' id='word_1_113' title='bbox 705 2088 944 2166; x_wconf 87' lang='grc' dir='ltr'><em>παιδὸς</em></span> <span class='ocrx_word' id='word_1_114' title='bbox 987 2089 1111 2172; x_wconf 81' lang='grc' dir='ltr'><em>τὴν</em></span> <span class='ocrx_word' id='word_1_115' title='bbox 1148 2087 1436 2171; x_wconf 81' lang='grc' dir='ltr'><em>ἡλικίαν,</em></span> <span class='ocrx_word' id='word_1_116' title='bbox 1484 2087 1983 2173; x_wconf 79' lang='grc' dir='ltr'><em>ἁμαρτάνοντος</em></span> <span class='ocrx_word' id='word_1_117' title='bbox 2029 2082 2091 2152; x_wconf 87' lang='grc' dir='ltr'><em>δ’</em></span> <span class='ocrx_word' id='word_1_118' title='bbox 2127 2087 2202 2153; x_wconf 79' lang='grc' dir='ltr'><em>ἐν</em></span> 
     </span>
     <span class='ocr_line' id='line_1_18' title="bbox 278 2191 2205 2283; baseline 0.002 -26"><span class='ocrx_word' id='word_1_119' title='bbox 278 2201 369 2280; x_wconf 75' lang='grc' dir='ltr'><em>τῷ</em></span> <span class='ocrx_word' id='word_1_120' title='bbox 420 2194 778 2278; x_wconf 72' lang='grc' dir='ltr'><em>διακονεῖν,</em></span> <span class='ocrx_word' id='word_1_121' title='bbox 824 2194 1113 2274; x_wconf 80' lang='grc' dir='ltr'><em>πατάξας</em></span> <span class='ocrx_word' id='word_1_122' title='bbox 1147 2196 1477 2283; x_wconf 75' lang='grc' dir='ltr'><em>κονδύλῳ,</em></span> <span class='ocrx_word' id='word_1_123' title='bbox 1523 2191 1634 2259; x_wconf 84' lang='grc' dir='ltr'><em>καὶ</em></span> <span class='ocrx_word' id='word_1_124' title='bbox 1675 2192 2044 2280; x_wconf 83' lang='grc' dir='ltr'><em>βαρυτέρας</em></span> <span class='ocrx_word' id='word_1_125' title='bbox 2086 2202 2205 2279; x_wconf 79' lang='grc' dir='ltr'><em>τῆς</em></span> 
     </span>
     <span class='ocr_line' id='line_1_19' title="bbox 278 2298 2198 2384; baseline -0.001 -19"><span class='ocrx_word' id='word_1_126' title='bbox 278 2304 532 2383; x_wconf 77' lang='grc' dir='ltr'><em>πληγῆς</em></span> <span class='ocrx_word' id='word_1_127' title='bbox 575 2298 970 2384; x_wconf 83' lang='grc' dir='ltr'><em>γενομένης,</em></span> <span class='ocrx_word' id='word_1_128' title='bbox 1017 2299 1400 2365; x_wconf 81' lang='grc' dir='ltr'><em>ἀπέκτεινεν</em></span> <span class='ocrx_word' id='word_1_129' title='bbox 1447 2300 1777 2377; x_wconf 78' lang='grc' dir='ltr'><em>ἀκουσίως</em></span> <span class='ocrx_word' id='word_1_130' title='bbox 1820 2301 1939 2364; x_wconf 88' lang='grc' dir='ltr'><em>τὸν</em></span> <span class='ocrx_word' id='word_1_131' title='bbox 1976 2302 2198 2365; x_wconf 80' lang='grc' dir='ltr'><em>παῖδα.</em></span> 
     </span>
     <span class='ocr_line' id='line_1_20' title="bbox 277 2395 2271 2496; baseline 0.002 -26"><span class='ocrx_word' id='word_1_132' title='bbox 277 2406 636 2490; x_wconf 86' lang='grc' dir='ltr'><em>περιαλγὴς</em></span> <span class='ocrx_word' id='word_1_133' title='bbox 700 2402 774 2470; x_wconf 71' lang='grc' dir='ltr'><em>δὲ</em></span> <span class='ocrx_word' id='word_1_134' title='bbox 836 2409 1197 2492; x_wconf 90' lang='grc' dir='ltr'><em>γενόμενος</em></span> <span class='ocrx_word' id='word_1_135' title='bbox 1261 2406 1369 2472; x_wconf 82' lang='grc' dir='ltr'><em>ἐπὶ</em></span> <span class='ocrx_word' id='word_1_136' title='bbox 1430 2416 1521 2496; x_wconf 76' lang='grc' dir='ltr'><em>τῷ</em></span> <span class='ocrx_word' id='word_1_137' title='bbox 1586 2395 1792 2472; x_wconf 86' lang='grc' dir='ltr'><em>πάθει</em></span> <span class='ocrx_word' id='word_1_138' title='bbox 1863 2408 2066 2472; x_wconf 90' lang='grc' dir='ltr'><em>πάλιν</em></span> <span class='ocrx_word' id='word_1_139' title='bbox 2130 2406 2201 2473; x_wconf 80' lang='grc' dir='ltr'><em>ἐκ</em></span> <span class='ocrx_word' id='word_1_140' title='bbox 2239 2415 2271 2462; x_wconf 87' lang='grc'><strong>3</strong></span> 
     </span>
     <span class='ocr_line' id='line_1_21' title="bbox 196 2502 2202 2598; baseline 0.004 -27"><span class='ocrx_word' id='word_1_141' title='bbox 196 2531 251 2571; x_wconf 85' lang='lat'><em>20</em></span> <span class='ocrx_word' id='word_1_142' title='bbox 276 2520 393 2596; x_wconf 80' lang='grc' dir='ltr'><em>τῆς</em></span> <span class='ocrx_word' id='word_1_143' title='bbox 443 2513 853 2590; x_wconf 81' lang='grc' dir='ltr'><em>Καλυδῶνος</em></span> <span class='ocrx_word' id='word_1_144' title='bbox 899 2510 1220 2592; x_wconf 78' lang='grc' dir='ltr'><em>ἑκουσίως</em></span> <span class='ocrx_word' id='word_1_145' title='bbox 1265 2516 1473 2598; x_wconf 80' lang='grc' dir='ltr'><em>ἔφυγε</em></span> <span class='ocrx_word' id='word_1_146' title='bbox 1501 2502 1508 2506; x_wconf 39' lang='grc'><strong><em>’</em></strong></span> <span class='ocrx_word' id='word_1_147' title='bbox 1519 2515 1680 2598; x_wconf 80' lang='grc' dir='ltr'><em>μετὰ</em></span> <span class='ocrx_word' id='word_1_148' title='bbox 1724 2521 1841 2597; x_wconf 79' lang='grc' dir='ltr'><em>τῆς</em></span> <span class='ocrx_word' id='word_1_149' title='bbox 1886 2514 2202 2597; x_wconf 89' lang='grc' dir='ltr'><em>γυναικὸς</em></span> 
     </span>
     <span class='ocr_line' id='line_1_22' title="bbox 275 2616 2203 2705; baseline 0.002 -22"><span class='ocrx_word' id='word_1_150' title='bbox 275 2623 683 2705; x_wconf 82' lang='grc' dir='ltr'><em>Δηιανείρας</em></span> <span class='ocrx_word' id='word_1_151' title='bbox 727 2617 839 2684; x_wconf 85' lang='grc' dir='ltr'><em>καὶ</em></span> <span class='ocrx_word' id='word_1_152' title='bbox 859 2616 1101 2685; x_wconf 61' lang='grc' dir='ltr'><em>’Ὕλλου</em></span> <span class='ocrx_word' id='word_1_153' title='bbox 1145 2629 1266 2685; x_wconf 92' lang='grc' dir='ltr'><em>τοῦ</em></span> <span class='ocrx_word' id='word_1_154' title='bbox 1306 2620 1378 2686; x_wconf 79' lang='grc' dir='ltr'><em>ἐκ</em></span> <span class='ocrx_word' id='word_1_155' title='bbox 1421 2622 1686 2705; x_wconf 87' lang='grc' dir='ltr'><em>ταύτης,</em></span> <span class='ocrx_word' id='word_1_156' title='bbox 1733 2621 1971 2700; x_wconf 88' lang='grc' dir='ltr'><em>παιδὸς</em></span> <span class='ocrx_word' id='word_1_157' title='bbox 2008 2622 2203 2698; x_wconf 76' lang='grc' dir='ltr'><em>ὄντος</em></span> 
     </span>
     <span class='ocr_line' id='line_1_23' title="bbox 274 2722 2201 2814; baseline 0 -23"><span class='ocrx_word' id='word_1_158' title='bbox 274 2727 397 2810; x_wconf 81' lang='grc' dir='ltr'><em>τὴν</em></span> <span class='ocrx_word' id='word_1_159' title='bbox 441 2725 724 2809; x_wconf 82' lang='grc' dir='ltr'><em>ἡλικίαν.</em></span> <span class='ocrx_word' id='word_1_160' title='bbox 820 2724 962 2791; x_wconf 80' lang='grc' dir='ltr'><em>ἐπεὶ</em></span> <span class='ocrx_word' id='word_1_161' title='bbox 1017 2722 1091 2790; x_wconf 71' lang='grc' dir='ltr'><em>δὲ</em></span> <span class='ocrx_word' id='word_1_162' title='bbox 1142 2729 1593 2812; x_wconf 88' lang='grc' dir='ltr'><em>πορευόμενος</em></span> <span class='ocrx_word' id='word_1_163' title='bbox 1645 2722 1817 2811; x_wconf 80' lang='grc' dir='ltr'><em>ἦλθε</em></span> <span class='ocrx_word' id='word_1_164' title='bbox 1871 2729 2038 2814; x_wconf 87' lang='grc' dir='ltr'><em>πρὸς</em></span> <span class='ocrx_word' id='word_1_165' title='bbox 2081 2728 2201 2792; x_wconf 90' lang='grc' dir='ltr'><em>τὸν</em></span> 
     </span>
     <span class='ocr_line' id='line_1_24' title="bbox 274 2831 2197 2920; baseline 0 -23"><span class='ocrx_word' id='word_1_166' title='bbox 274 2832 546 2916; x_wconf 79' lang='grc' dir='ltr'><em>Εὐηνὸν</em></span> <span class='ocrx_word' id='word_1_167' title='bbox 589 2834 914 2917; x_wconf 86' lang='grc' dir='ltr'><em>ποταμὸν,</em></span> <span class='ocrx_word' id='word_1_168' title='bbox 959 2831 1277 2916; x_wconf 82' lang='grc' dir='ltr'><em>κατέλαβε</em></span> <span class='ocrx_word' id='word_1_169' title='bbox 1324 2832 1595 2899; x_wconf 82' lang='grc' dir='ltr'><em>Νέσσον</em></span> <span class='ocrx_word' id='word_1_170' title='bbox 1640 2835 1759 2899; x_wconf 86' lang='grc' dir='ltr'><em>τὸν</em></span> <span class='ocrx_word' id='word_1_171' title='bbox 1806 2833 2197 2920; x_wconf 85' lang='grc' dir='ltr'><em>Κένταυρον</em></span> 
     </span>
     <span class='ocr_line' id='line_1_25' title="bbox 275 2934 2273 3024; baseline -0.002 -20"><span class='ocrx_word' id='word_1_172' title='bbox 275 2945 530 3023; x_wconf 87' lang='grc' dir='ltr'><em>μισθοῦ</em></span> <span class='ocrx_word' id='word_1_173' title='bbox 576 2940 1045 3022; x_wconf 84' lang='grc' dir='ltr'><em>διαβιβάζοντα</em></span> <span class='ocrx_word' id='word_1_174' title='bbox 1089 2941 1210 3004; x_wconf 90' lang='grc' dir='ltr'><em>τὸν</em></span> <span class='ocrx_word' id='word_1_175' title='bbox 1249 2943 1566 3024; x_wconf 89' lang='grc' dir='ltr'><em>ποταμόν.</em></span> <span class='ocrx_word' id='word_1_176' title='bbox 1660 2934 1858 3015; x_wconf 85' lang='grc' dir='ltr'><em>οὗτος</em></span> <span class='ocrx_word' id='word_1_177' title='bbox 1905 2935 1978 3003; x_wconf 72' lang='grc' dir='ltr'><em>δὲ</em></span> <span class='ocrx_word' id='word_1_178' title='bbox 2023 2939 2201 3023; x_wconf 80' lang='grc' dir='ltr'><em>πρώ-</em></span> <span class='ocrx_word' id='word_1_179' title='bbox 2238 2943 2273 2991; x_wconf 87' lang='lat'>4</span> 
     </span>
     <span class='ocr_line' id='line_1_26' title="bbox 196 3044 2201 3132; baseline 0 -24"><span class='ocrx_word' id='word_1_180' title='bbox 196 3061 249 3102; x_wconf 83' lang='lat'><em>25</em></span> <span class='ocrx_word' id='word_1_181' title='bbox 276 3067 400 3127; x_wconf 88' lang='grc' dir='ltr'><em>την</em></span> <span class='ocrx_word' id='word_1_182' title='bbox 437 3046 830 3129; x_wconf 89' lang='grc' dir='ltr'><em>διαβιβάσας</em></span> <span class='ocrx_word' id='word_1_183' title='bbox 872 3047 996 3130; x_wconf 82' lang='grc' dir='ltr'><em>τὴν</em></span> <span class='ocrx_word' id='word_1_184' title='bbox 1038 3047 1477 3132; x_wconf 89' lang='grc' dir='ltr'><em>Δηιάνειραν,</em></span> <span class='ocrx_word' id='word_1_185' title='bbox 1520 3044 1633 3112; x_wconf 85' lang='grc' dir='ltr'><em>καὶ</em></span> <span class='ocrx_word' id='word_1_186' title='bbox 1681 3046 1792 3110; x_wconf 80' lang='grc' dir='ltr'><em>διὰ</em></span> <span class='ocrx_word' id='word_1_187' title='bbox 1835 3046 1911 3109; x_wconf 87' lang='grc' dir='ltr'><em>τὸ</em></span> <span class='ocrx_word' id='word_1_188' title='bbox 1957 3045 2201 3121; x_wconf 88' lang='grc' dir='ltr'><em>κάλλος</em></span> 
     </span>
     <span class='ocr_line' id='line_1_27' title="bbox 276 3148 2200 3238; baseline -0.002 -22"><span class='ocrx_word' id='word_1_189' title='bbox 276 3149 606 3236; x_wconf 81' lang='grc' dir='ltr'><em>ἐρασθείς,</em></span> <span class='ocrx_word' id='word_1_190' title='bbox 629 3150 1008 3238; x_wconf 82' lang='grc' dir='ltr'><em>ἐπεχείρησε</em></span> <span class='ocrx_word' id='word_1_191' title='bbox 1037 3153 1409 3236; x_wconf 89' lang='grc' dir='ltr'><em>βιάσασθαι</em></span> <span class='ocrx_word' id='word_1_192' title='bbox 1435 3153 1700 3235; x_wconf 90' lang='grc' dir='ltr'><em>ταύτην.</em></span> <span class='ocrx_word' id='word_1_193' title='bbox 1749 3148 2200 3233; x_wconf 79' lang='grc' dir='ltr'><em>ἐπιβοωμένης</em></span> 
     </span>
     <span class='ocr_line' id='line_1_28' title="bbox 276 3251 2200 3345; baseline -0.001 -24"><span class='ocrx_word' id='word_1_194' title='bbox 276 3251 338 3321; x_wconf 90' lang='grc' dir='ltr'><em>δ’</em></span> <span class='ocrx_word' id='word_1_195' title='bbox 383 3256 585 3341; x_wconf 81' lang='grc' dir='ltr'><em>αὐτῆς</em></span> <span class='ocrx_word' id='word_1_196' title='bbox 628 3259 748 3323; x_wconf 89' lang='grc' dir='ltr'><em>τὸν</em></span> <span class='ocrx_word' id='word_1_197' title='bbox 803 3259 1049 3345; x_wconf 73' lang='grc' dir='ltr'><em>ἄνδρα,</em></span> <span class='ocrx_word' id='word_1_198' title='bbox 1098 3259 1134 3325; x_wconf 87' lang='grc' dir='ltr'>ὁ</span> <span class='ocrx_word' id='word_1_199' title='bbox 1189 3254 1311 3343; x_wconf 76' lang='grc' dir='ltr'><em>μὲν</em></span> <span class='ocrx_word' id='word_1_200' title='bbox 1349 3256 1682 3344; x_wconf 63' lang='grc' dir='ltr'><em>“Ηρακλῆς</em></span> <span class='ocrx_word' id='word_1_201' title='bbox 1736 3255 2034 3334; x_wconf 77' lang='grc' dir='ltr'><em>ἐτόξευσε</em></span> <span class='ocrx_word' id='word_1_202' title='bbox 2080 3255 2200 3319; x_wconf 92' lang='grc' dir='ltr'><em>τὸν</em></span> 
     </span>
     <span class='ocr_line' id='line_1_29' title="bbox 272 3359 2201 3451; baseline -0.002 -22"><span class='ocrx_word' id='word_1_203' title='bbox 272 3363 698 3451; x_wconf 88' lang='grc' dir='ltr'><em>Κένταυρον,</em></span> <span class='ocrx_word' id='word_1_204' title='bbox 765 3365 801 3431; x_wconf 86' lang='grc' dir='ltr'>ὁ</span> <span class='ocrx_word' id='word_1_205' title='bbox 858 3363 933 3431; x_wconf 76' lang='grc' dir='ltr'><em>δὲ</em></span> <span class='ocrx_word' id='word_1_206' title='bbox 993 3364 1257 3444; x_wconf 82' lang='grc' dir='ltr'><em>Νέσσος</em></span> <span class='ocrx_word' id='word_1_207' title='bbox 1313 3366 1552 3449; x_wconf 79' lang='grc' dir='ltr'><em>μεταξὺ</em></span> <span class='ocrx_word' id='word_1_208' title='bbox 1607 3366 2035 3448; x_wconf 87' lang='grc' dir='ltr'><em>μισγόμενος,</em></span> <span class='ocrx_word' id='word_1_209' title='bbox 2091 3359 2201 3426; x_wconf 83' lang='grc' dir='ltr'><em>καὶ</em></span> 
     </span>
    </p>
   </div>
   <div class='ocr_carea' id='block_1_3' title="bbox 275 3514 2200 3663">
    <p class='ocr_par' dir='ltr' id='par_1_3' title="bbox 275 3514 2200 3663">
     <span class='ocr_line' id='line_1_30' title="bbox 418 3514 2200 3609; baseline -0.001 -34"><span class='ocrx_word' id='word_1_210' title='bbox 418 3526 450 3576; x_wconf 80' lang='lat'>5</span> <span class='ocrx_word' id='word_1_211' title='bbox 489 3521 1053 3609; x_wconf 43' lang='lat' dir='ltr'><em>uoeqnomnooovm‘vmv</em></span> <span class='ocrx_word' id='word_1_212' title='bbox 1090 3523 1140 3576; x_wconf 91' lang='lat' dir='ltr'><strong>D</strong></span> <span class='ocrx_word' id='word_1_213' title='bbox 1254 3527 1320 3576; x_wconf 80' lang='lat'><em>12</em></span> <span class='ocrx_word' id='word_1_214' title='bbox 1357 3518 1462 3592; x_wconf 88' lang='grc' dir='ltr'><em>τὴν</em></span> <span class='ocrx_word' id='word_1_215' title='bbox 1501 3539 1608 3578; x_wconf 89' lang='lat' dir='ltr'><em>om.</em></span> <span class='ocrx_word' id='word_1_216' title='bbox 1651 3520 1759 3576; x_wconf 78' lang='lat' dir='ltr'><em>OF</em></span> <span class='ocrx_word' id='word_1_217' title='bbox 1875 3527 1942 3576; x_wconf 86' lang='lat'><em>23</em></span> <span class='ocrx_word' id='word_1_218' title='bbox 1972 3514 2200 3590; x_wconf 72' lang='grc' dir='ltr'><em>Εὔηνον</em></span> 
     </span>
     <span class='ocr_line' id='line_1_31' title="bbox 275 3589 1555 3663; baseline -0.001 -15"><span class='ocrx_word' id='word_1_219' title='bbox 275 3593 398 3648; x_wconf 85' lang='lat' dir='ltr'><strong>cod.</strong></span> <span class='ocrx_word' id='word_1_220' title='bbox 510 3598 580 3648; x_wconf 83' lang='lat'><em>24</em></span> <span class='ocrx_word' id='word_1_221' title='bbox 617 3594 843 3663; x_wconf 78' lang='grc' dir='ltr'><em>πρῶτον</em></span> <span class='ocrx_word' id='word_1_222' title='bbox 884 3594 989 3649; x_wconf 77' lang='lat' dir='ltr'><em>OF</em></span> <span class='ocrx_word' id='word_1_223' title='bbox 1094 3599 1162 3649; x_wconf 79' lang='lat'><em>25</em></span> <span class='ocrx_word' id='word_1_224' title='bbox 1200 3589 1304 3662; x_wconf 84' lang='grc' dir='ltr'><em>τὴν</em></span> <span class='ocrx_word' id='word_1_225' title='bbox 1343 3610 1450 3647; x_wconf 87' lang='lat' dir='ltr'><em>om.</em></span> <span class='ocrx_word' id='word_1_226' title='bbox 1489 3594 1555 3647; x_wconf 88' lang='lat' dir='ltr'><em>D.</em></span> 
     </span>
    </p>
   </div>
  </div>
 </body>
</html>
