2569 4061
418 196 599 253 LVIII
1168 195 1597 254 PRAEFATIO.

421 366 609 426 e'tiam
648 368 703 440 1,
734 366 837 442 30,
871 367 927 441 7,
974 364 1078 423 ubi
1113 360 1278 443 μέχρι
1315 361 1391 424 ἂν
1430 364 1568 427 ὅτου
1615 365 2035 445 βοηθήσωσιν;
2088 371 2141 442 1,
2166 371 2269 446 39,
2292 373 2350 446 3,

421 462 526 520 ubi
563 457 727 542 μέχρι
762 458 838 521 ἂν
878 460 1017 523 ὅτου
1055 459 1390 546 προσπέσῃ;
1430 465 1488 540 3,
1522 466 1622 541 14,
1656 465 1711 537 2,
1752 464 1858 523 ubi
1894 460 2057 545 μέχρι
2094 461 2171 524 ἂν
2209 463 2349 527 ὅτου

420 556 695 638 καθαρὸν
749 555 987 639 γένηται
1049 580 1253 621 omnes
1309 563 1552 637 praeter
1607 579 1793 621 unum
1847 562 2044 622 minus
2106 563 2348 642 bonum,

419 656 526 733 qui
563 656 792 717 omittit
830 654 990 736 ὅτου,
1038 660 1100 718 et
1138 659 1198 736 3,
1230 659 1331 735 26,
1360 659 1420 735 4,
1465 656 1571 716 ubi
1608 657 1819 734 optimi
1856 657 1973 718 duo
2013 650 2116 733 οὗ,
2166 663 2225 738 3,
2247 663 2349 740 33,

423 755 491 830 23
540 755 600 830 4,
630 756 732 833 24,
763 757 830 833 43
881 756 939 832 5,
972 757 1074 832 33,
1105 757 1174 832 4,
1237 773 1368 815 esse
1423 754 1758 816 tollendum
1816 756 2015 818 deleto
2073 758 2349 819 omnibus

412 850 515 910 his
561 851 707 911 loeis
755 850 926 930 ὅτου,
989 852 1138 912 satis
1184 851 1445 928 probant
1487 851 1630 911 libri
1674 851 2024 915 Aristotelis
2063 855 2139 914 H.
2176 855 2251 917 A.
2292 858 2349 932 9,

419 949 529 1025 37,
573 937 649 1025 ps
664 952 809 1027 620,
844 952 922 1009 18
971 944 1136 1027 μέχρι
1180 968 1291 1029 περ
1338 945 1414 1008 ἂν
1468 948 1617 1029 πρὸς
1662 947 1725 1010 τὸ
1772 950 1959 1029 στόμα
2003 951 2349 1036 προσαγάγῃ

412 1065 528 1121 pro
576 1041 654 1104 ἂν
700 1038 796 1123 οὗ,
843 1047 1002 1123 quod
1052 1046 1441 1107 librariorum
1477 1048 1782 1125 imperitia
1818 1050 2028 1111 intulit
2070 1051 2137 1111 in
2181 1051 2350 1128 ahoe,

413 1143 806 1220 praebenteS,
862 1163 1050 1221 quum
1095 1164 1153 1221 p.
1195 1146 1345 1221 621,
1377 1147 1478 1220 20,
1513 1147 1593 1206 27
1653 1146 1747 1208 bis
1805 1147 1886 1208 sit
1940 1143 2106 1227 μέχρι
2152 1140 2226 1208 οὗ
2273 1144 2350 1208 ἂν

420 1234 712 1317 ἐκτέκωσι,
759 1259 878 1300 uno
929 1243 1116 1302 semel
1154 1243 1471 1304 omittente
1518 1235 1614 1320 οὗ,
1660 1244 1818 1320 quod
1863 1243 1958 1304 bis
1996 1244 2348 1322 tollendum,

418 1340 489 1396 ut
526 1357 730 1399 omnes
771 1340 829 1418 8,
861 1342 918 1419 5,
955 1360 1011 1416 p.
1047 1342 1195 1418 595,
1222 1342 1264 1399 4
1312 1335 1477 1420 μέχρι
1523 1335 1601 1398 ἂν
1646 1335 1824 1400 ὀστοῦ
1861 1333 2100 1420 (ὅτουῖ)
2135 1339 2348 1418 ψόφον

415 1432 673 1520 ἀκούσῃ,
717 1437 991 1497 nonnulli
1037 1440 1280 1498 tantum
1326 1433 1544 1517 μέχρις,
1593 1438 1711 1498 etsi
1745 1434 1941 1519 μέχρις
1980 1430 2120 1519 (scr.
2150 1433 2346 1522 μέχρι)

420 1525 494 1593 οὗ
541 1529 618 1592 ἂν
666 1530 916 1612 δύνηται
966 1539 1060 1596 est
1095 1534 1278 1596 Polit.
1320 1538 1377 1613 1,
1410 1537 1468 1612 8,
1515 1555 1573 1611 p.
1607 1537 1797 1611 1256,
1830 1538 1929 1615 12,
1977 1540 2047 1596 ut
2082 1536 2175 1597 De
2210 1555 2348 1615 gen.

418 1649 513 1691 an.
556 1634 612 1708 2,
642 1634 701 1711 4,
748 1653 807 1709 p.
840 1635 986 1711 737,
1018 1637 1097 1694 16
1147 1629 1311 1711 μέχρι
1347 1651 1457 1710 περ
1496 1628 1573 1691 ἂν
1623 1625 1696 1693 οὗ
1742 1631 2025 1717 γεννήσῃ,
2072 1634 2350 1695 omitten-

413 1729 563 1788 dum
611 1748 740 1791 esse
789 1721 884 1807 οὗ,
930 1731 1088 1806 quod
1126 1730 1297 1789 deest
1341 1728 1497 1787 libro
1542 1731 1665 1807 uni,
1713 1733 1978 1791 ostendit
2014 1751 2191 1810 quem
2227 1731 2349 1809 pri-

417 1845 586 1884 mum
621 1826 967 1902 memoravi,
1016 1826 1111 1885 cui
1149 1824 1441 1885 accedunt
1475 1825 1556 1885 ib.
1596 1827 1655 1903 4,
1685 1828 1745 1903 8,
1779 1847 1838 1903 Ρ.
1870 1829 2017 1901 533,
2050 1830 2130 1895 22
2181 1824 2348 1907 μέχρι

411 1941 527 1998 περ
574 1918 651 1980 ἂν
698 1919 1254 2001 συγκυκλώσωνταις
1305 1924 1365 1999 9,
1397 1924 1455 2000 5,
1499 1942 1558 1999 Ρ.
1590 1925 1847 2002 611,12
1897 1919 2063 2005 μέχρι
2106 1945 2217 2005 περ
2269 1921 2347 1985 ἂν

413 2015 748 2095 ἐκφύσωσι;
811 2023 875 2080 et
917 2019 1156 2099 Polybii
1196 2022 1254 2100 5,
1288 2021 1390 2098 56,
1422 2022 1487 2081 2:
1546 2015 1716 2099 Mnd’
1767 2017 1879 2095 ἕως
1923 2020 2137 2089 τούτου
2183 2043 2347 2104 περι-

416 2121 614 2195 μεῖναι
660 2114 856 2198 μέχρις
901 2114 978 2177 ἂν
1025 2110 1098 2178 οὗ
1156 2123 1276 2191 τοῖς
1325 2114 1551 2197 ὁμοίοις
1596 2116 1867 2206 τάδελφῷ
1928 2121 2150 2206 παλαίῃ
2197 2138 2348 2200 συμ-

413 2213 742 2293 πτώμασιν,
780 2215 886 2276 ubi
915 2214 1111 2277 delevi
1139 2235 1384 2277 erasum
1419 2218 1484 2276 in
1511 2218 1804 2280 Vaticano
1842 2210 1937 2298 οὗ,
1977 2220 2136 2297 quod
2174 2220 2348 2281 abest

414 2313 633 2375 ceteris
691 2313 819 2372 eius
879 2313 1026 2372 locis
1085 2314 1379 2373 omnibus.
1477 2313 1855 2375 Dioscorides
1917 2320 1982 2392 1,
2025 2319 2135 2376 66:
2186 2312 2347 2394 Ἕψε

416 2404 614 2487 μέχρις
660 2406 737 2467 ἂν
784 2400 857 2469 οὗ
904 2405 1013 2485 τὴν
1059 2405 1252 2486 ὀσμὴν
1298 2407 1591 2493 ἀναλάβῃ,
1635 2428 1755 2471 non
1789 2413 1983 2488 magis
2021 2413 2348 2489 scripserat

416 2525 598 2582 quam
635 2506 997 2566 Plutarchus
1037 2505 1154 2568 Cic.
1195 2526 1244 2566 c.
1286 2510 1364 2567 21
1406 2507 1605 2567 initio:
1637 2503 1806 2586 ’Ἀχρι
1852 2505 1927 2567 ἂν
1976 2500 2048 2568 οὗ
2085 2528 2345 2570 καταπο-

416 2606 652 2687 λεμηθῇ
698 2602 1047 2682 Κατιλίνας,
1105 2604 1211 2663 ubi
1264 2623 1420 2664 unus
1476 2596 1550 2666 οὗ
1604 2600 1712 2678 ἄν;
1767 2606 1917 2665 Mor.
1962 2627 2019 2684 p.
2061 2609 2215 2686 690,
2262 2607 2345 2667 A:

394 2696 572 2781 ’Ἁχρι
617 2698 694 2761 ἂν
740 2693 815 2762 οὗ
860 2709 984 2763 πᾶν
1030 2698 1386 2785 ἐξικμασθῇ;
1432 2704 1544 2763 aut
1586 2701 1882 2765 Arrianus
1927 2705 2120 2781 Epict.
2161 2707 2345 2784 2,12,

416 2802 486 2858 4:
534 2795 765 2878 Μέχρις
811 2797 888 2859 ἂν
935 2791 1008 2861 οὗ
1057 2798 1353 2884 δεικνύῃς.
1433 2800 1592 2860 Nam
1640 2800 1917 2862 omnibus
1965 2802 2345 2863 eximendum

414 2899 512 2957 est
557 2888 653 2975 οὗ,
701 2901 770 2958 ut
818 2898 1157 2976 Thucydidi
1197 2900 1251 2978 7,
1283 2900 1368 2959 83
1415 2893 1582 2978 μέχρι
1627 2890 1701 2959 οὗ
1748 2893 1799 2959 δ’
1841 2895 1918 2959 ἂν
1963 2897 2035 2959 τὰ
2079 2897 2344 2981 χρήματα

412 2991 698 3078 ἀποδοθῇ
764 3014 897 3057 esse
943 2996 1321 3056 eximendum
1379 2997 1515 3073 ipsa
1571 2998 1836 3058 ostendit
1879 2998 2051 3060 sedes
2096 2998 2343 3074 incerta,

414 3093 712 3154 Vaticano
748 3098 1008 3170 ponente
1044 3097 1182 3171 post
1221 3085 1304 3172 δ’,
1334 3115 1521 3172 quum
1550 3095 1929 3174 Thucydides
1967 3092 2131 3153 haud
2159 3095 2340 3154 dubie

413 3189 727 3266 scripserit
770 3191 931 3268 quod
980 3195 1037 3271 1,
1070 3194 1225 3269 137,
1280 3192 1388 3252 ubi
1441 3192 1584 3252 libri
1642 3190 1808 3273 μέχρι
1852 3195 2039 3264 πλοῦς
2081 3188 2343 3272 γένηται,

414 3285 816 3348 Schneiderus
871 3287 929 3347 ei
983 3289 1060 3348 ad
1104 3287 1362 3350 Aristot.
1398 3290 1476 3350 H.
1511 3290 1583 3351 A.
1630 3291 1748 3352 vol.
1786 3292 1846 3366 4,
1892 3309 1949 3366 p.
1984 3291 2107 3351 169
2157 3291 2335 3352 resti·

415 3383 538 3442 tuit
591 3381 754 3464 μέχρι
810 3381 904 3445 ἂν.
995 3386 1109 3445 Est
1165 3387 1324 3446 enim
1380 3386 1531 3445 illud
1586 3377 1660 3447 οὗ
1723 3387 1823 3447 vel
1879 3384 2017 3446 ὅτου
2071 3390 2213 3464 post
2267 3385 2345 3448 ἂν

411 3478 680 3550 positum
723 3500 845 3541 non
892 3483 1088 3544 minus
1136 3483 1462 3545 absurdum
1522 3503 1705 3561 quam
1750 3483 1803 3544 si
1847 3484 2011 3547 dicas
2057 3484 2141 3559 εἰς
2187 3483 2264 3547 ἂν
2310 3483 2344 3548 ὃ
