2569 4061
1012 308 1093 363 IV
1131 315 1215 365 50.
1256 315 1341 364 51.
1730 259 1736 265 '
2021 311 2156 378 475

222 471 341 539 καὶ
386 471 607 554 τρισὶν
653 461 954 557 ἀνδράσι’
971 469 1443 557 περιγενέσθαι
1488 472 1809 554 βασιλέως
1862 474 2153 558 δύναμιν

223 583 497 664 ἔχοντος
541 576 651 645 καὶ
704 581 929 654 πόλεις
984 575 1391 660 ἀξιολόγους.
1482 579 1791 663 τοιαύτης
1838 578 1899 643 δ’
1947 581 2152 664 οὔσης
2189 599 2222 649 5

224 686 303 751 ἐν
359 687 586 765 αὐτοῖς
639 686 949 771 ἀπορίας,
996 682 1254 768 λέγεται
1309 685 1433 768 τὴν
1486 685 1800 768 Μήδειαν
1853 686 2151 770 ἐπαγγεί-

222 799 476 860 λασθαι
523 792 612 859 δι’
659 792 893 876 ἑαυτῆς
937 794 1057 857 τόν
1110 815 1180 857 τε
1228 794 1485 857 Πελίαν
1531 790 1918 857 ἀποκτενεῖν
1974 794 2149 882 δόλῳ

163 915 194 957 ὅ
222 898 334 965 καὶ
389 901 471 965 τὰ
515 902 818 983 βασίλεια
872 897 1297 983 παραδώσειν
1343 907 1482 973 τοῖς
1538 896 1921 982 ἀριστεῦσιν
1967 896 2149 963 ἀκιν-

221 1007 462 1083 δύνως.
554 1005 849 1072 ἐνταῦθα
904 1004 1173 1069 πάντων
1226 1004 1726 1087 θαυμασάντων
1780 1004 1899 1068 τὸν
1945 1006 2148 1086 λόγον
2187 1026 2218 1074 6

218 1110 332 1178 καὶ
386 1114 507 1178 τὸν
562 1115 811 1198 τρόπον
866 1119 983 1193 τῆς
1040 1109 1394 1194 ἐπιβουλῆς
1447 1116 1692 1195 μαθεῖν
1752 1112 2144 1195 ζητούντων,

218 1220 432 1284 εἰπεῖν
489 1220 589 1285 ὅτι
654 1221 901 1302 κομίζει
963 1214 1114 1303 μεθ’
1172 1214 1407 1301 ἑαυτῆς
1459 1218 1707 1294 πολλὰς
1768 1216 1879 1282 καὶ
1938 1238 2146 1304 παρα-

220 1323 460 1403 δόξους
517 1325 832 1408 δυνάμεις
887 1324 1260 1409 φαρμάκων
1314 1322 1681 1409 εὑρημένας
1732 1323 1863 1389 ὑπό
1909 1347 1980 1389 τε
2029 1333 2145 1407 τῆς

133 1448 190 1487 10
218 1434 468 1518 μητρὸς
504 1429 777 1515 Ἑκάτης
829 1429 941 1496 καὶ
985 1440 1101 1515 τῆς
1158 1429 1452 1514 ἀδελφῆς
1498 1433 1776 1516 Κίρκης·
1831 1429 1942 1495 καὶ
1987 1430 2143 1495 ταύω

216 1560 363 1613 ταις
390 1533 514 1620 μὲν
551 1536 876 1621 μηδέποτε
914 1543 1206 1624 χρῆσθαι
1242 1537 1570 1621 πρότερον
1604 1537 1771 1619 πρὸς
1808 1535 2142 1602 ἀπώλειαν

218 1643 632 1729 ἀνθρώπων,
679 1641 838 1709 νυνὶ
884 1640 960 1708 δὲ
1015 1637 1104 1709 δι’
1157 1641 1379 1707 αὐτῶν
1435 1640 1836 1725 ἀμυνεῖσθαι
1893 1641 2141 1727 ῥᾳδίως

214 1752 374 1827 τοὺς
403 1750 629 1830 ἀξίους
655 1752 990 1835 τιμωρίας.
1044 1757 1500 1835 προειποῦσαν
1529 1744 1603 1812 δὲ
1634 1758 1773 1824 τοῖς
1801 1747 2140 1834 ἀριστεῦσι
2180 1767 2210 1816 7

101 1858 213 1909 294
232 1858 314 1921 τὰ
377 1858 542 1922 κατὰ
598 1854 796 1940 μέρος
849 1864 966 1938 τῆς
1013 1853 1403 1937 ἐπιθέσεως,
1469 1853 1541 1919 ἐκ
1594 1865 1730 1919 τῶν
1783 1857 2139 1937 βασιλείων

132 1978 187 2022 15
217 1963 443 2041 αὐτοῖς
515 1962 1035 2046 ἐπαγγείλασθαι
1119 1972 1442 2046 σημανεῖν
1512 1969 1627 2046 τῆς
1698 1956 1823 2046 μὲν
1894 1959 2139 2048 ἡμέρας

213 2081 463 2158 καπνῷ,
510 2079 627 2154 τῆς
664 2066 739 2136 δὲ
784 2071 1025 2147 νυκτὸς
1062 2073 1241 2155 πυρί,
1286 2071 1452 2155 πρὸς
1488 2070 1613 2153 τὴν
1656 2067 2137 2155 ὑπερκειμένην

213 2185 329 2259 τῆς
393 2178 725 2261 θαλάττης
779 2178 1053 2259 σκοπήν.
1144 2175 1356 2259 αὐτὴν
1413 2172 1487 2241 δὲ
1550 2177 2135 2242 κατασκευάσασαν
2156 2171 2238 2237 51

207 2277 586 2368 Ἀρτέμιδος
630 2285 915 2349 εἴδωλον
959 2288 1210 2365 κοῖλον,
1259 2284 1354 2360 εἰς
1394 2279 1517 2367 μὲν
1561 2291 1759 2348 τοῦτο
1806 2285 2136 2349 παντοδα-

213 2389 341 2465 πὰς
396 2390 632 2474 φύσεις
689 2391 1057 2475 φαρμάκων
1111 2389 1558 2474 κατακρύψαι,
1618 2388 1853 2473 ἑαυτῆς
1899 2387 1973 2455 δὲ
2018 2391 2135 2466 τὰς

133 2511 189 2554 20
214 2490 338 2578 μὲν
382 2498 609 2580 τρίχας
647 2496 976 2580 δυνάμεσί
1014 2513 1148 2562 τισι
1183 2499 1511 2582 χρίσασαν
1556 2505 1830 2580 ποιῆσαι
1875 2497 2131 2580 πολιάς,

211 2603 285 2667 τὸ
335 2597 410 2666 δὲ
446 2603 805 2686 πρόσωπον
848 2600 959 2667 καὶ
996 2605 1070 2668 τὸ
1110 2613 1298 2688 σῶμα
1335 2602 1628 2687 ῥυτίδων
1664 2607 1927 2688 πλῆρες,
1966 2604 2133 2670 ὥστε

210 2712 366 2786 τοὺς
405 2709 674 2784 ἰδόντας
712 2709 936 2773 δοκεῖν
972 2703 1154 2774 εἶναί
1181 2731 1331 2774 τινα
1367 2713 1705 2786 παντελῶς
1740 2713 2129 2795 πρεσβῦτιν·

209 2818 282 2881 τὸ
329 2812 402 2880 δὲ
439 2813 821 2880 τελευταῖον
869 2814 1341 2899 ἀναλαβοῦσαν
1376 2815 1500 2898 τὴν
1544 2817 1713 2882 θεὸν
1751 2817 2131 2883 διεσκευασ-

211 2920 415 3004 μένην
458 2927 994 3005 καταπληκτικῶς
1039 2924 1135 2999 είς
1180 2923 1398 3006 ὄχλων
1436 2923 1989 3006 δεισιδαιμονίαν,
2037 2924 2131 2998 εἰς

134 3040 186 3083 25
211 3027 331 3108 τὴν
395 3029 593 3091 πόλιν
657 3028 993 3111 εἰσβαλεῖν
1056 3023 1165 3112 ἅμ’
1230 3026 1457 3114 ἡμέρᾳ.
1551 3027 1996 3111 ἐνθεαζούσης
2060 3022 2119 3091 δ’
2167 3047 2221 3101 2,

213 3130 432 3215 αὐτῆς,
475 3130 589 3196 καὶ
623 3142 745 3198 τοῦ
782 3136 1086 3217 πλήθους
1130 3135 1295 3198 κατὰ
1330 3135 1447 3210 τὰς
1493 3133 1695 3209 ὁδοὺς
1730 3131 2126 3217 συντρέχον-

210 3256 339 3321 τος,
377 3237 858 3324 παραγγέλλειν
893 3249 1056 3305 πᾶσι
1093 3237 1410 3324 δέχεσθαι
1445 3241 1569 3323 τὴν
1605 3239 1772 3304 θεὸν
1810 3238 2126 3321 εὐσεβῶς·

381 3436 416 3484 4
455 3426 792 3486 ἀποκτεῖναι
826 3430 977 3500 libri,
1017 3448 1155 3487 corr.
1193 3430 1452 3486 Hertlein
1598 3436 1630 3485 5
1668 3430 2030 3498 παραδοῦναι
2070 3431 2133 3484 F

209 3506 237 3554 '7
276 3497 540 3574 ἐπιβολῆς
569 3501 723 3573 vulg.
798 3509 830 3556 9
872 3498 970 3571 εὑρ
1011 3501 1186 3570 μένας
1221 3504 1355 3571 post
1383 3497 1622 3570 Ἑκάτης
1651 3500 1803 3571 vulg.
1883 3509 1946 3555 12
1985 3497 2127 3571 ἀμύ-

208 3576 412 3628 νεσθαι
440 3572 489 3628 D
566 3578 633 3628 15
663 3524 1139 3645 ‹rrnuzlvew'iibri²
1178 3590 1317 3629 corr.
1345 3571 1606 3627 Hertlein
1678 3577 1746 3626 25
1777 3567 2043 3645 ἐμβαλεῖν
2059 3571 2126 3627 D.
