2569 4061
977 346 1004 399 1
1042 351 1127 400 44.
1163 352 1251 401 45.
1999 346 2082 412 79

160 532 283 594 ρον
345 518 605 593 γενεαῖς
668 507 1110 591 βασιλεύοντα
1181 505 1587 592 Τνέφαχθον
1649 510 1772 574 τὸν
1834 509 2087 593 Βοκχό-

159 616 345 701 ριδος
390 624 510 681 τοῦ
556 624 778 701 σοφοῦ
824 612 1072 701 πατέρα
1119 612 1434 698 λέγουσιν
1470 616 1564 691 είς
1606 617 1731 699 τὴν
1770 613 2088 702 Ἀραβίαν

159 723 677 808 στρατεύσαντα,
742 731 878 787 τῶν
942 719 1335 805 ἐπιτηδείων
1400 718 1606 785 αὐτὸν
1660 722 1772 788 διά
1834 746 1902 788 τε
1961 723 2087 807 τὴν

160 827 438 914 ἐρημίαν
499 826 609 896 καὶ
668 829 789 905 τὰς
853 829 1229 914 δυσχωρίας
1293 826 1730 910 ἐκλιπόντων,
1804 827 2088 910 ἀναγκα-

100 951 129 991 ⁵
158 941 408 1019 σθῆναι
473 938 633 1020 μίαν
696 932 952 1020 ἡμέραν
1016 934 1211 1000 ἐνδεᾶ
1278 935 1647 1017 γενόμενον
1708 935 2090 1019 χρήσασθαι

158 1042 376 1128 διαίτῃ
436 1046 775 1118 παντελῶς
830 1040 1085 1107 εὐτελεῖ
1134 1040 1315 1125 παρά
1367 1055 1502 1105 τισι
1555 1050 1690 1105 τῶν
1748 1041 2089 1124 τυχόντων

159 1148 473 1232 ἰδιωτῶν,
526 1146 827 1232 ἡσθέντα
883 1143 957 1213 δὲ
1011 1142 1170 1213 καθ’
1232 1146 1614 1231 ὑπερβολὴν
1668 1156 2091 1230 καταγνῶναι

157 1262 272 1339 τῆς
316 1264 574 1343 τρυφῆς
611 1253 722 1320 καὶ
759 1263 850 1343 τῷ
888 1252 1346 1332 καταδείξαντι
1390 1254 1515 1338 τὴν
1549 1251 1983 1320 πολυτέλειαν
2021 1250 2089 1331 ἐξ

158 1359 361 1446 ἀρχῆς
394 1364 661 1446 βασιλεῖ
691 1365 1137 1446 καταρᾶσθαι·
1183 1357 1361 1424 οὕτω
1408 1355 1469 1422 δ’
1514 1358 1867 1447 ἐγκάρδιον
1903 1358 2085 1448 αὐτῷ

72 1482 130 1521 10
157 1468 279 1552 τὴν
306 1468 681 1553 μεταβολὴν
707 1464 1031 1550 γενέσθαι
1056 1464 1181 1546 τὴν
1206 1461 1360 1547 περὶ
1393 1464 1515 1548 τὴν
1551 1468 1803 1550 βρῶσιν
1830 1463 1940 1531 καὶ
1967 1467 2086 1531 πό-

158 1589 267 1639 σιν
293 1571 407 1638 καὶ
443 1575 676 1655 κοίτην
712 1572 879 1638 ὥστε
914 1571 1039 1653 τὴν
1074 1570 1369 1655 κατάραν
1406 1569 1785 1655 ἀναγράψαι
1820 1582 1959 1648 τοῖς
1997 1571 2085 1637 ἰε-

159 1690 306 1765 ροῖς
350 1678 733 1762 γράμμασιν
779 1677 875 1753 εἰς
919 1677 1040 1741 τὸν
1084 1684 1205 1740 τοῦ
1251 1676 1422 1750 Διὸς
1474 1677 1642 1741 ναὸν
1689 1675 1763 1741 ἐν
1810 1680 2085 1760 Θήβαις·

160 1783 196 1847 ὃ
247 1783 330 1865 δὴ
379 1782 568 1847 δοκεῖ
605 1781 888 1866 μάλιστα
909 1768 1150 1865 αἴτιον
1185 1778 1507 1864 γενέσθαι
1551 1789 1673 1845 τοῦ
1709 1782 1797 1865 μὴ
1839 1782 2088 1865 διαμεϊ-
2152 1851 2161 1860 ‚

157 1912 272 1954 ναι
326 1888 450 1972 τὴν
508 1887 711 1967 δόξαν
763 1896 886 1954 τοῦ
939 1892 1148 1974 Μηνᾶ
1201 1884 1315 1954 καὶ
1368 1888 1484 1965 τάς
1537 1887 1728 1971 τιμὰς
1786 1888 1882 1964 είς
1933 1889 2089 1963 τοὺς

70 2010 127 2053 15
157 1994 442 2083 ὕστερον
496 1998 801 2084 χρόνους.
894 1993 1040 2081 ἑξῆς
1100 1993 1161 2062 δ’
1215 1993 1410 2082 ἄρξαι
1457 1992 1715 2079 λέγεται
1759 2002 1882 2060 τοῦ
1928 2014 2088 2081 προ-
2126 2015 2161 2063 3

156 2101 511 2189 ειρημένου
555 2102 877 2187 βασιλέως
921 2106 1079 2180 τοὺς
1136 2102 1515 2184 ἀπογόνους
1561 2102 1686 2167 δύο
1740 2103 1906 2188 πρὸς
1951 2111 2091 2179 τοῖς

156 2209 565 2292 πεντήκοντα
627 2210 784 2286 τοὺς
848 2209 1142 2286 ἅπαντας
1206 2211 1318 2292 ἔτη
1388 2209 1592 2274 πλείω
1657 2216 1794 2273 τῶν
1856 2209 2090 2292 χιλίων

157 2313 268 2380 καὶ
320 2315 825 2401 τετταράκοντα·
885 2309 991 2399 ἐφ’
1045 2309 1140 2383 ὧν
1187 2310 1399 2398 μηδὲν
1455 2313 1645 2393 ἄξιον
1700 2312 2091 2399 ἀναγραφῆς

157 2419 492 2503 γενέσθαι.
574 2422 736 2505 μετὰ
791 2417 866 2487 δὲ
920 2429 1126 2486 ταῦτα
1179 2417 1714 2497 κατασταθέντος
1766 2417 2089 2503 βασιλέως
2124 2441 2158 2489 4

79 2544 135 2583 20
163 2529 564 2614 Βουσίριδος
616 2525 726 2593 καὶ
792 2539 928 2593 τῶν
980 2528 1226 2593 τούτου
1279 2527 1484 2595 πάλιν
1542 2525 1836 2610 ἐκγόνων
1892 2526 2085 2611 ὀκτώ,

160 2631 282 2696 τὸν
324 2638 700 2699 τελευταῖον
748 2632 1107 2718 ὁμώνυμον
1143 2635 1307 2698 ὄντα
1343 2641 1434 2721 τῷ
1471 2633 1710 2721 πρώτῳ
1749 2630 1915 2718 φασὶ
1951 2636 2085 2698 κτί-

161 2754 273 2803 σαι
317 2739 439 2822 τὴν
484 2738 614 2803 ὑπὸ
661 2735 784 2823 μὲν
828 2749 964 2805 τῶν
1009 2740 1403 2822 Αἰγυπτίων
1447 2735 1868 2822 καλουμένην
1914 2740 2086 2817 Διὸς

149 2847 356 2924 Ἴπόλιν
409 2844 532 2928 τὴν
586 2845 909 2930 μεγάλην,
964 2846 1095 2911 ὑπὸ
1153 2841 1227 2911 δὲ
1270 2855 1406 2910 τῶν
1453 2841 1794 2927 Ἑλλήνων
1843 2845 2083 2930 Θήβας.

157 2952 277 3014 τὸν
314 2946 437 3035 μὲν
465 2945 590 3016 οὖν
616 2953 975 3037 περίβολον
1002 2952 1209 3017 αὐτὸν
1243 2951 1756 3034 ὑποστήσασθαι
1793 2952 2087 3016 σταδίων

77 3074 130 3115 25
159 3055 395 3122 ἑκατὸν
455 3054 568 3124 καὶ
630 3058 1138 3141 τετταράκοντα,
1204 3058 1687 3142 οἰκοδομήμασι
1755 3053 1828 3121 δὲ
1889 3057 2085 3141 μεγά-

158 3168 301 3242 λοις
347 3160 458 3230 καὶ
494 3173 683 3241 ναοῖς
718 3161 1067 3249 ἐκπρεπέσι
1110 3162 1222 3229 καὶ
1258 3174 1399 3242 τοῖς
1436 3165 1662 3241 ἄλλοις
1698 3162 2085 3244 ἀναθήμασι

160 3277 489 3354 κοσμῆσαι
533 3274 967 3354 θαυμαστῶς·
1013 3270 1257 3356 ὁμοίως
1296 3267 1369 3336 δὲ
1406 3267 1516 3335 καὶ
1560 3270 1678 3345 τάς
1722 3277 1857 3332 τῶν
1905 3265 2086 3328 ἰδιω-
2124 3282 2157 3331 5

304 3471 332 3517 1
412 3457 786 3519 ασιλεύσαντα
822 3464 875 3518 11
1010 3462 1323 3532 γνεφαχθῶ
1364 3463 1404 3516 C
1552 3467 1583 3514 3
1623 3450 2005 3524 στρατεύοντα
2044 3451 2086 3506 G

159 3529 314 3608 αὐτῷ
396 3535 439 3589 F
571 3538 637 3588 18
674 3536 1051 3604 τετρακοσίων
1088 3533 1206 3589 ΑΕ
1330 3537 1399 3586 22
1438 3530 1550 3603 τῶν
1589 3546 1697 3584 om.
1735 3523 1890 3592 vulg.
2016 3527 2086 3576 26

159 3599 469 3675 εὐπρεπέσι
503 3604 571 3662 Π.

2504 1453 2535 2039 ,ρὲᾳῳπικςτεκ-ηυπςιπῆἑι-ἯἪᾼ
2502 1359 2535 1432 .·;-.“
2502 1245 2535 1350 .i⁷.:·‚²„-
2504 1219 2507 1230 “

2496 2036 2511 2121 μία,

2520 2262 2527 2271 Α
2516 2152 2529 2203 ma„
2516 2106 2525 2129 ι--
2516 2042 2523 2083 m„

2508 3184 2527 3377 Ἴὲ-Ρμμῆϋὴζ
2496 3136 2497 3141 Α
2496 3124 2497 3127 Α

2526 3372 2527 3377 ⁴
2524 3332 2549 3361 2:
