2569 4061
393 258 525 324 350
1058 256 1368 312 DIODORI
1404 256 1637 314 SICULI

392 423 639 509 μένοις·
697 421 856 510 σίτῳ
905 417 979 487 δὲ
1033 422 1108 486 τὸ
1156 422 1451 487 σύνολον
1505 421 1594 505 μὴ
1642 426 1935 507 χρῆσθαι
1980 423 2055 487 τὸ
2113 424 2323 502 ἔθνος

393 530 503 594 διὰ
547 530 623 594 τὸ
670 530 864 612 μήπω
915 537 1038 594 τοῦ
1081 536 1343 613 καρποῦ
1397 528 1642 593 τούτου
1687 529 1812 611 τὴν
1856 531 2085 613 χρείαν
2132 529 2322 616 εὑρε-

319 659 352 707 6
388 642 596 718 θῆναι
661 630 816 720 παρ’
877 635 1121 713 αὐτοῖς.
1231 636 1349 711 τὰς
1422 631 1485 699 δ’
1549 628 1674 700 οὖν
1723 629 2076 719 Ἀμαζόνας
2150 635 2319 722 ἀλκῇ

390 744 844 828 διαφερούσας
895 741 1007 809 καὶ
1060 742 1225 827 πρὸς
1279 743 1573 825 πόλεμον
1625 740 2015 827 ὡρμημένας
2069 744 2146 808 τὸ
2193 739 2318 826 μὲν

387 860 654 934 πρῶτον
716 851 833 926 τὰς
896 850 969 916 έν
1041 857 1120 934 τῆ
1184 850 1397 936 νήσῳ,
1440 851 1666 939 πόλεις
1735 846 2320 933 καταστρέφεσθαι
2346 872 2374 914 5

388 957 563 1041 πλὴν
598 964 713 1041 τῆς
758 955 1245 1040 ὀνομαζομένης
1280 958 1547 1039 Μήνης,
1599 955 1777 1040 ἱερᾶς
1817 952 1877 1019 δ’
1915 950 2089 1020 εἶναι
2124 979 2318 1041 νομι-

391 1062 686 1147 ζομένης,
731 1062 819 1145 ἣν
855 1068 1311 1128 κατοικεῖσθαι
1348 1058 1471 1146 μὲν
1513 1055 1630 1126 ὑπ’
1664 1064 2023 1127 Αἰθιόπων
2059 1062 2317 1147 Ἰχθυο-

389 1168 648 1252 φάγων,
675 1169 849 1251 ἔχειν
878 1163 953 1230 δὲ
978 1168 1189 1253 πυρὸς
1217 1167 1649 1253 ἐκφυσήματα
1677 1168 1929 1251 μεγάλα
1957 1166 2069 1234 καὶ
2094 1173 2317 1236 λίθων

386 1277 769 1338 πολυτελῶν
805 1277 1065 1357 πλῆθος
1100 1285 1236 1339 τῶν
1274 1272 1782 1358 ὀνομαζομένων
1816 1272 1972 1360 παρ’
1994 1273 2313 1359 ’Ἕλλησιν

387 1380 750 1464 ἀνθράκων
814 1379 926 1445 καὶ
990 1382 1288 1467 σαρδίων
1350 1379 1463 1446 καὶ
1522 1382 1958 1467 σμαράγδων,
2015 1384 2174 1467 μετὰ
2228 1381 2306 1449 δὲ
2342 1408 2396 1447 10

386 1495 591 1551 ταῦτα
647 1489 938 1564 πολλοὺς
990 1498 1125 1552 τῶν
1179 1487 1662 1572 πλησιοχώρων
1708 1489 1988 1572 Λιβύων
2042 1487 2150 1555 καὶ
2193 1514 2312 1555 νο-

387 1594 618 1676 μάδων
682 1599 1245 1678 καταπολεμῆσαι,
1312 1591 1423 1659 καὶ
1484 1596 1702 1659 κτίσαι
1757 1597 1956 1660 πόλιν
2015 1597 2314 1680 μεγάλην

386 1700 574 1777 ἐντὸς
616 1709 733 1784 τῆς
778 1702 1183 1787 Τριτωνίδος
1219 1703 1478 1785 λίμνης,
1522 1701 1610 1785 ἣν
1648 1700 1775 1766 ἀπὸ
1821 1710 1943 1766 τοῦ
1980 1705 2315 1787 σχήματος

279 1804 367 1872 54
384 1806 710 1892 ὀνομάσαι
773 1811 1223 1894 Χερρόνησον.
1318 1806 1388 1873 ἐκ
1465 1803 1537 1872 δὲ
1610 1808 1851 1891 ταύτης
1924 1808 2314 1893 ὁρμωμένας

386 1913 762 2001 ἐγχειρῆσαι
807 1915 1121 1998 μεγάλαις
1167 1913 1507 1997 ἐπιβολαῖς
1516 1963 1536 1998 ,
1591 1914 1799 2000 ὁρμῆς
1843 1913 2067 1990 αὐταῖς
2111 1912 2310 1999 ἐμπε-
2343 1937 2400 1979 15

387 2022 634 2106 σούσης
688 2019 997 2087 ἐπελθεῖν
1041 2022 1255 2087 πολλὰ
1311 2019 1474 2107 μέρη
1521 2032 1638 2105 τῆς
1698 2020 2105 2106 οἰκουμένης.
2199 2020 2312 2089 ἐπὶ

383 2129 687 2214 πρώτους
734 2126 795 2193 δ’
851 2129 1053 2206 αὐτὰς
1099 2138 1495 2213 στρατεῦσαι
1542 2128 1799 2213 λέγεται
1845 2132 2004 2207 τοὺς
2043 2127 2309 2196 Ἀτλαν-

383 2237 598 2319 τίους,
663 2237 911 2321 ἄνδρας
983 2236 1448 2321 ἡμερωτάτους
1518 2247 1652 2301 τῶν
1725 2236 1798 2302 ἐν
1870 2247 2011 2313 τοῖς
2082 2239 2313 2315 τόποις

385 2342 662 2419 ἐκείνοις
686 2340 798 2409 καὶ
833 2344 1058 2427 χώραν
1084 2341 1494 2427 νεμομένους
1530 2343 1894 2427 εὐδαίμονα
1938 2342 2049 2409 καὶ
2084 2347 2312 2421 πόλεις

383 2450 694 2532 μεγάλας·
742 2445 897 2533 παρ’
941 2441 1042 2525 οἷς
1088 2450 1170 2532 δὴ
1219 2453 1762 2533 μυθολογεῖσθαί
1801 2466 1967 2533 φασι
2012 2452 2136 2533 τὴν
2170 2461 2310 2528 τῶν
2339 2473 2395 2512 20

381 2559 566 2619 θεῶν
610 2551 876 2637 γένεσιν
920 2554 1207 2639 ὑπάρξαι
1243 2557 1411 2640 πρὸς
1455 2567 1598 2633 τοῖς
1634 2556 1799 2621 κατὰ
1842 2557 1961 2622 τὸν
2010 2557 2309 2623 ὠκεανὸν

381 2660 639 2741 τόποις,
697 2658 1073 2741 συμφώνως
1134 2672 1274 2737 τοῖς
1338 2656 1493 2746 παρ’
1528 2660 1802 2746 Ἕλλησι
1875 2666 2308 2748 μυθολόγοις,

380 2762 533 2850 περὶ
587 2759 683 2830 ὧν
736 2765 817 2829 τὰ
879 2767 1043 2830 κατὰ
1097 2766 1297 2853 μέρος
1360 2770 1598 2854 μικρὸν
1656 2768 1940 2855 ὕστερον
1997 2768 2423 2854 διέξιμεν.222

311 2892 342 2941 2
380 2882 515 2938 τῶν
563 2865 689 2936 οὖν
724 2868 1097 2955 Ἀμαζόνων
1142 2872 1401 2958 λέγεται
1444 2875 1937 2957 βασιλεύουσαν
1981 2877 2306 2961 Μύριναν

381 2981 844 3064 συστήσασθαι
904 2982 1356 3066 στρατόπεδον
1409 2984 1622 3060 πεζῶν
1687 2978 1809 3067 μὲν
1867 2986 2302 3070 τρισμυρίων,
2334 3004 2392 3045 25

384 3085 636 3153 ἱππέων
664 3082 739 3151 δὲ
769 3090 1174 3172 τρισχιλίων,
1206 3087 1607 3173 ζηλουμένης
1634 3085 1788 3174 παρ’
1818 3089 2045 3167 αὐταῖς
2081 3111 2303 3175 περιτ-

379 3196 654 3278 τότερον
692 3194 765 3259 ἐν
791 3204 932 3271 τοῖς
967 3193 1281 3279 πολέμοις
1306 3204 1421 3278 τῆς
1458 3194 1585 3260 ἀπὸ
1615 3207 1748 3261 τῶν
1779 3195 2031 3262 ἱππέων
2059 3200 2303 3284 χρείας.

524 3388 557 3436 6
605 3380 835 3454 Μήνης]
874 3383 977 3454 μὲν
1015 3380 1221 3455 Μήνης
1267 3385 1522 3441 Hertlein
1669 3393 1733 3442 17
1778 3384 2152 3451 Ἀτλαντείους
2201 3389 2314 3445 C'F

380 3451 469 3513 (ut
504 3451 673 3520 infra.)
817 3460 887 3507 23
934 3450 1006 3507 τὰ
1044 3456 1121 3522 D,
1160 3472 1269 3509 om.
1311 3456 1460 3524 vulg.
1608 3464 1678 3512 25
1723 3459 2087 3530 τρισμυρίων]
2126 3462 2308 3530 δισχικ

377 3518 514 3567 λίων
549 3520 729 3574 Ἦοεε.
876 3529 945 3576 26
984 3525 1267 3591 δισχιλίων
1303 3527 1474 3595 vulg„
1511 3532 1848 3597 τρισμυρίων
1886 3529 2066 3584 Wese.
2106 3526 2117 3534 '
