2569 4061
421 261 552 328 256
1087 258 1391 316 DIODORI
1428 258 1662 315 SICULI

420 427 754 493 νεύουσαν
798 422 1167 507 εὐδαίμονα
1210 422 1815 507 προσαγορεύουσι,
1866 423 1991 505 τὴν
2037 418 2100 486 δ’
2154 420 2351 486 ἐνδο-

419 531 589 615 τέρω
650 528 965 614 κειμένην
1026 527 1292 614 νέμεται
1355 533 1618 611 πλῆθος
1673 526 1972 615 Ἀράβων
2028 528 2353 612 νομάδων

418 634 530 702 καὶ
558 638 880 720 σκηνίτην
906 639 1060 721 βίον
1087 633 1456 722 ᾑρημένων.
1532 630 1720 701 οὗτοι
1750 632 1825 701 δὲ
1850 641 2353 721 θρεμματοτρο-

420 752 708 828 φοῦντες
760 743 999 827 ἀγέλας
1054 743 1342 827 μεγάλας
1399 744 1838 826 βοσκημάτων
1890 741 2352 820 ἐναυλίζονται

348 872 382 921 2
419 852 676 929 πεδίοις
721 851 1123 937 ἀμετρήτοις.
1206 849 1248 933 ἡ
1298 844 1360 914 δ’
1413 849 1543 914 ἀνά
1587 848 1794 933 μέσον
1838 850 2080 932 ταύτης
2122 871 2194 913 τε
2238 846 2351 913 καὶ
2382 867 2410 907 5

418 966 537 1041 τῆς
582 958 979 1041 εὐδαίμονος
1030 954 1338 1041 Ἀραβίας
1393 958 1636 1042 ἔρημος
1688 953 1798 1020 καὶ
1853 955 2144 1040 ἄνυδρός
2188 952 2350 1037 ἐστι,

421 1065 726 1148 καθάπερ
771 1066 1185 1149 προείρηται·
1245 1064 1327 1127 τὰ
1382 1059 1458 1127 δὲ
1512 1063 1678 1148 πρὸς
1730 1063 1989 1147 δυσμὰς
2034 1060 2198 1146 μέρη
2243 1084 2351 1127 κε-

422 1168 698 1254 κλιμένα
741 1177 859 1251 τῆς
895 1162 1203 1253 Ἀραβίας
1249 1171 1620 1254 διείληπται
1664 1169 1921 1245 πεδίοις
1965 1167 2350 1252 ἀμμώδεσιν

421 1275 669 1360 ἀερίοις
712 1275 787 1339 τὸ
833 1274 1148 1358 μέγεθος,
1209 1273 1301 1340 δι’
1354 1270 1452 1342 ὧν
1497 1276 1569 1341 οἱ
1616 1276 1734 1351 τὰς
1778 1274 2166 1359 ὁδοιπορίας
2209 1293 2350 1339 ποι-

421 1383 694 1466 ούμενοι
738 1382 1043 1468 καθάπερ
1091 1383 1163 1447 οί
1203 1383 1278 1447 έν
1323 1393 1463 1459 τοῖς
1504 1383 1820 1465 πελάγεσι
1863 1383 2031 1468 πρὸς
2064 1383 2183 1459 τὰς
2219 1381 2347 1447 ἀπὸ
2377 1400 2429 1439 10

349 1510 383 1559 3
419 1497 555 1553 τῶν
583 1489 844 1575 ἄρκτων
881 1492 1206 1573 σημασίας
1240 1491 1366 1573 τὴν
1400 1485 1705 1567 διέξοδον
1732 1497 2098 1555 ποιοῦνται.
2171 1490 2249 1554 τὸ
2280 1483 2344 1554 δ’

419 1594 949 1680 ὑπολειπόμενον
984 1596 1184 1684 μέρος
1218 1605 1337 1681 τῆς
1374 1594 1680 1683 Ἀραβίας
1722 1597 1797 1661 τὸ
1844 1597 2011 1680 πρὸς
2044 1596 2171 1678 τὴν
2209 1600 2347 1660 Συ-

424 1705 579 1786 ρίαν
631 1702 1022 1787 κεκλιμένον
1074 1705 1323 1787 πλήθει
1367 1713 1684 1789 γεωργῶν
1728 1700 1840 1767 καὶ
1898 1703 2347 1767 παντοδαπῶν

420 1807 757 1896 ἐμπόρων,
814 1813 888 1874 οἳ
927 1810 1040 1873 διὰ
1082 1810 1201 1885 τὰς
1243 1819 1381 1873 τῶν
1427 1811 1726 1895 φορτίων
1771 1808 2124 1895 εὐκαίρους
2169 1808 2348 1873 ἀντι-

423 1916 643 1993 δόσεις
704 1917 785 1981 τὰ
846 1912 1001 2001 παρ’
1074 1913 1474 2001 ἀμφοτέροις
1538 1918 1938 1993 σπανίζοντα
2001 1917 2168 2001 πρὸς
2232 1916 2346 1979 δα·
2376 1931 2424 1972 15
2555 1939 2556 1970 3

353 2042 388 2090 4
424 2025 691 2101 ψίλειαν
753 2033 889 2089 τῶν
959 2027 1303 2108 χρησίμων
1366 2023 1821 2109 διορθοῦνται.
1912 2022 1955 2106 ἡ
2021 2018 2097 2089 δὲ
2169 2024 2349 2111 παρὰ

422 2131 542 2195 τὸν
596 2130 894 2196 ὠκεανὸν
933 2127 1208 2218 Ἀραβία
1261 2141 1471 2195 κεῖται
1525 2127 1648 2214 μὲν
1702 2130 2014 2216 ὑπεράνω
2069 2139 2186 2214 τῆς
2240 2130 2348 2196 εὐ-

422 2237 772 2322 δαίμονος,
825 2249 1145 2321 ποταμοῖς
1201 2234 1276 2302 δὲ
1330 2242 1602 2314 πολλοῖς
1654 2235 1768 2302 καὶ
1821 2238 2132 2322 μεγάλοις
2188 2238 2348 2303 διει-

422 2342 720 2427 λημμένη
793 2346 1084 2419 πολλοὺς
1162 2354 1348 2408 ποιεῖ·
1411 2345 1658 2420 τόπους
1729 2344 2165 2427 λιμνάζοντας
2237 2341 2347 2408 καὶ

351 2471 384 2518 5
422 2451 728 2533 μεγάλων
783 2447 954 2513 ἑλῶν
996 2447 1447 2534 περιμέτρους.
1539 2461 1679 2526 τοῖς
1733 2447 1794 2514 δ’
1850 2449 1922 2514 ἐκ
1966 2459 2102 2514 τῶν
2146 2471 2346 2515 ποτα-
2374 2467 2425 2506 2⁰

420 2564 566 2637 μῶν
621 2553 926 2631 ἐπακτοῖς
976 2554 1178 2619 ὕδασι
1232 2552 1344 2619 καὶ
1397 2566 1539 2630 τοῖς
1582 2554 1655 2621 ἐκ
1707 2567 1844 2622 τῶν
1886 2561 2186 2642 θερινῶν
2231 2558 2345 2641 ὄμ-

418 2661 604 2744 βρων
647 2657 1026 2742 γινομένοις
1072 2659 1465 2745 ἀρδεύοντες
1500 2661 1756 2745 πολλὴν
1799 2662 2046 2748 χώραν,
2091 2660 2203 2727 καὶ
2250 2663 2345 2726 δι-

419 2770 632 2842 πλοῦς
701 2767 998 2852 καρποὺς
1070 2767 1505 2850 λαμβάνουσι.
1596 2767 1829 2854 τρέφει
1902 2765 1978 2834 δὲ
2045 2769 2082 2834 ὁ
2145 2771 2347 2848 τόπος

421 2865 618 2948 οὗτος
690 2870 1071 2957 ἐλεφάντων
1144 2873 1383 2956 ἀγέλας
1453 2872 1565 2939 καὶ
1637 2877 1805 2940 ἄλλα
1879 2879 2008 2964 ζῷα
2079 2876 2343 2960 κητώδη

419 2989 692 3067 χερσαῖα
741 2981 1003 3066 [θηρία]
1052 2977 1164 3046 καὶ
1212 2981 1540 3068 δίμορφα,
1593 2993 1737 3058 ταῖς
1782 2981 1990 3058 ἰδέαις
2035 2981 2344 3066 έξηλλαγ-
2371 2999 2422 3041 25

419 3085 610 3172 μένα·
693 3088 861 3173 πρὸς
941 3085 1016 3153 δὲ
1087 3089 1352 3164 τούτοις
1421 3089 1824 3174 θρεμμάτων
1895 3090 2344 3154 παντοδαπῶν

418 3196 698 3277 πλήθει,
757 3191 868 3258 καὶ
921 3195 1203 3277 μάλιστα
1256 3199 1439 3279 βοῶν
1483 3193 1596 3260 καὶ
1648 3196 2004 3279 προβάτων
2048 3207 2184 3262 τῶν
2227 3197 2344 3273 τὰς

349 3322 382 3370 6
419 3301 706 3383 μεγάλας
757 3298 870 3365 καὶ
931 3304 1204 3386 παχείας
1257 3300 1550 3385 ἐχόντων
1613 3301 1835 3386 οὐράς.
1929 3307 2204 3368 πλεῖστα
2269 3299 2343 3367 δὲ

418 3536 509 3572 om
558 3461 608 3573 ἒ
629 3452 859 3525 ἀγέλαις
894 3454 1163 3526 μεγάλαις
1197 3459 1250 3512 II
1415 3464 1481 3511 10
1528 3455 1642 3513 ἀπὸ
1683 3474 1792 3513 om.
1830 3458 1880 3512 D
2042 3465 2112 3514 25
2159 3461 2344 3530 θηρία
