2569 4061
399 309 534 377 466
1077 306 1386 365 DIODORI
1422 306 1656 363 SICULI

401 482 695 560 τροφαῖς.
756 470 1103 556 ἐμπειρίαν
1150 466 1224 536 δὲ
1270 470 1566 555 μεγάλην
1614 467 1687 533 ἐν
1730 469 1993 546 τούτοις
2039 471 2346 554 ἔχουσαν

400 588 667 663 πρῶτον
721 573 844 661 μὲν
897 578 1017 643 τὸν
1070 574 1320 660 πατέρα
1374 576 1700 664 φαρμάκῳ
1757 575 2152 661 διαφθεῖραι
2216 576 2346 644 καὶ
2543 605 2544 662 1

403 681 838 763 διαδέξασθαι
883 685 1008 767 τὴν
1052 683 1428 767 βασιλείαν,
1477 676 1674 746 ἔπειτ’
1721 676 2097 765 Ἀρτέμιδος
2145 683 2346 769 ἱερὸν
2543 667 2544 700 ³

403 788 858 875 ἱδρυσαμένην
892 787 1003 855 καὶ
1044 791 1202 866 τοὺς
1236 785 1726 865 καταπλέοντας
1762 786 1992 870 ξένους
2027 789 2453 862 θύεσθαι289

403 905 483 984 τῇ
539 903 681 985 θεῷ
733 896 1212 976 καταδείξασαν
1273 891 1372 960 ἐπ’
1430 895 1715 978 ὠμότητι
1772 896 2338 979 διονομασθῆναι.
2371 917 2402 957 5
2543 899 2544 982 ᾖ

311 1025 367 1074 *3
405 1004 568 1088 μετὰ
628 999 702 1068 δὲ
755 1010 960 1068 ταῦτα
1016 1003 1514 1083 συνοικήσασαν
1561 1001 1773 1086 Αἰήτῃ
1829 1007 2145 1084 γεννῆσαι
2203 1003 2338 1068 δύο

404 1107 810 1194 θυγατέρας,
866 1110 1128 1192 Κίρκην
1190 1130 1260 1171 τε
1323 1105 1435 1173 καὶ
1489 1107 1830 1189 Μήδειαν,
1895 1108 1990 1171 ἔτι
2055 1102 2116 1171 δ’
2174 1108 2340 1174 υἱὸν

405 1212 744 1298 Αἰγιαλέα.
816 1210 927 1278 καὶ
970 1213 1094 1295 τὴν
1140 1208 1262 1297 μὲν
1301 1215 1563 1298 Κίρκην
1609 1214 1703 1289 εἰς
1749 1213 2120 1299 φαρμάκων
2162 1235 2338 1280 παν-

403 1321 715 1385 τοδαπῶν
762 1317 1065 1384 ἐπίνοιαν
1113 1317 1548 1406 ἐκτραπεῖσαν
1586 1318 1880 1405 ἐξευρεῖν
1926 1320 2124 1407 ῥιζῶν
2160 1341 2336 1385 παν-

402 1428 586 1502 τοίας
630 1425 869 1509 φύσεις
902 1423 1023 1491 καὶΓ
1052 1427 1369 1510 δυνάμεις
1407 1423 1919 1511 ἀπιστουμένας·
1967 1427 2092 1491 οὐκ
2136 1426 2335 1510 ὀλίγα
2367 1451 2423 1490 ιο
2543 1421 2544 1448 ³

403 1526 525 1614 μὲν
570 1523 700 1618 γὰρ
743 1531 875 1598 ὑπὸ
921 1541 1038 1616 τῆς
1082 1533 1328 1618 μητρὸς
1362 1530 1635 1615 Ἑκάτης
1683 1533 2107 1616 διδαχθῆναι,
2156 1537 2334 1600 πολὺ

406 1634 480 1703 δὲ
525 1642 728 1706 πλείω
787 1640 899 1704 διὰ
953 1647 1070 1722 τῆς
1126 1640 1302 1716 ἰδίας
1349 1638 1717 1724 ἐπιμελείας
1761 1637 2165 1724 ἐξευροῦσαν
2191 1656 2334 1725 ’μη-

406 1746 641 1830 δεμίαν
695 1745 1075 1832 ὑπερβολὴν
1135 1745 1485 1811 ἀπολιπεῖν
1550 1742 1737 1833 ἑτέρα
1800 1748 1966 1832 πρὸς
2028 1745 2335 1812 ἐπίνοιαν

332 1873 367 1921 4
405 1855 831 1937 φαρμακείας.
926 1852 1215 1934 δοθῆναι
1271 1850 1334 1915 δ’
1389 1851 1599 1934 αὐτὴν
1654 1854 1751 1928 εἰς
1802 1853 2018 1937 γάμον
2072 1861 2161 1939 τῷ
2203 1855 2333 1933 βα-

407 1963 582 2023 σιλεῖ
649 1968 785 2023 τῶν
856 1962 1264 2044 Σαρματῶν,
1340 1956 1458 2034 οὓς
1534 1959 1701 2023 ἔνιοι
1773 1960 2049 2035 Σκύθας
2115 1972 2326 2042 προσ-
2364 1980 2425 2022 15

409 2066 827 2151 αγορεύουσι.
919 2062 1031 2133 καὶ
1083 2066 1158 2130 τὸ
1213 2061 1337 2148 μὲν
1389 2076 1658 2150 πρῶτον
1701 2066 1821 2132 τὸν
1887 2068 2098 2153 ἄνδρα
2156 2090 2333 2151 φαρ-

409 2174 644 2256 μάκοις
726 2172 1018 2255 ἀνελεῖν,
1100 2172 1261 2255 μετὰ
1346 2168 1419 2237 δὲ
1500 2180 1707 2239 ταῦτα
1788 2173 1912 2257 τὴν
1984 2176 2334 2257 βασιλείαν

407 2277 884 2363 διαδεξαμένην
963 2279 1177 2345 πολλὰ
1256 2280 1421 2344 κατὰ
1501 2289 1636 2345 τῶν
1719 2277 2105 2365 ἀρχομένων
2186 2281 2333 2365 ὠμά

339 2404 370 2452 5
409 2384 650 2474 πρᾶξαι
720 2385 832 2451 καὶ
895 2388 1096 2469 βίαια.
1191 2386 1423 2471 διόπερ
1489 2385 1900 2457 ἐκπεσοῦσαν
1960 2395 2076 2472 τῆς
2143 2391 2335 2471 βασι-

406 2495 585 2569 λείας
630 2495 794 2559 κατὰ
840 2492 962 2577 μέν
1007 2515 1192 2568 τινας
1236 2503 1373 2561 τῶν
1419 2493 1883 2578 μυθογράφων
1929 2503 2174 2577 φυγεῖν
2225 2492 2333 2561 ἐπὶ
2365 2513 2422 2555 20

407 2599 527 2663 τὸν
565 2598 882 2682 ὠκεανόν,
928 2597 1040 2663 καὶ
1082 2606 1295 2683 νῆσον
1341 2601 1588 2684 ἔρημον
1633 2597 2178 2685 καταλαβομένην
2225 2599 2333 2666 ἐν-

406 2707 627 2767 ταῦθα
673 2703 834 2785 μετὰ
879 2713 1014 2767 τῶν
1061 2714 1567 2786 συμφυγουσῶν
1613 2717 1953 2787 γυναικῶν
2001 2707 2332 2792 καθιδρυ-

405 2812 646 2890 θῆναι,
709 2808 874 2872 κατὰ
939 2806 1018 2872 δέ
1075 2830 1262 2884 τινας
1325 2820 1460 2875 τῶν
1518 2812 1871 2898 ἱστορικῶν
1927 2811 2333 2879 ἐκλιποῦσαν

404 2915 524 2980 τὸν
567 2916 836 2980 Πόντον
880 2922 1270 2998 κατοικῆσαι
1315 2924 1432 3000 τῆς
1471 2914 1746 2996 Ἰταλιάς
1792 2918 2206 3005 ἀκρωτήριον
2252 2921 2331 2984 τὸ

408 3018 598 3106 μέχρι
642 3029 763 3086 τοῦ
808 3030 937 3087 νῦν
983 3019 1093 3089 ἀπ’
1148 3021 1402 3106 ἐκείνης
1448 3025 1776 3108 Κίρκαιον
1820 3025 2331 3109 ὀνομαζόμενον.
2362 3046 2420 3087 25

302 3128 387 3193 46
409 3130 532 3212 τὴν
580 3124 653 3195 δὲ
690 3129 1000 3212 Μήδειαν
1048 3129 1390 3216 ἱστοροῦσι
1437 3135 1683 3214 μαθεῖν
1728 3133 1907 3217 παρά
1943 3155 2012 3197 τε
2036 3142 2172 3217 τῆς
2208 3158 2330 3218 μη-

406 3235 563 3318 τρὸς
614 3233 725 3299 καὶ
778 3243 893 3317 τῆς
951 3234 1245 3319 ἀδελφῆς
1300 3236 1556 3312 ἁπάσας
1607 3238 1726 3314 τὰς
1778 3248 1913 3305 τῶν
1958 3240 2332 3325 φαρμάκων

409 3339 749 3422 δυνάμεις,
791 3340 1174 3425 προαιρέσει
1221 3339 1283 3407 δ’
1330 3341 1769 3427 ἐναντιωτάτῃ
1814 3351 2132 3431 χρῆσθαι·
2184 3346 2329 3412 δια-

384 3551 570 3608 ,καῖον
589 3495 868 3611 ῚΒμηδίαν
905 3495 983 3547 D¹
1021 3511 1242 3566 semper
1387 3503 1455 3551 23
1496 3493 1868 3554 ἐκλείπουσαν
1907 3499 1956 3553 D
2102 3506 2170 3555 25
2207 3520 2326 3571 κιρ-
