2569 4061
366 224 494 289 178
1025 219 1335 275 DIODORI
1372 218 1610 275 SICULI

363 385 738 471 βασιλεύων
785 377 846 447 δ’
901 383 1104 465 αὐτῆς
1142 379 1496 467 Ὀξυάρτης
1540 378 1952 462 κατέγραψεν
1998 380 2298 456 ἅπαντας

363 495 521 567 τοὺς
583 489 658 554 ἐν
720 488 945 575 ἡλικία
1009 490 1353 573 στρατείας
1417 487 1643 568 ὄντας,
1700 488 1772 550 οἳ
1819 487 1938 550 τὸν
1999 484 2295 570 ἀριθμὸν

295 621 328 668 3
366 598 843 682 ἠθροίσθησαν
880 596 976 671 εἰς
1008 593 1491 679 τετταράκοντα
1528 592 1872 677 μυριάδας.
1936 590 2295 674 ἀναλαβὼν

365 696 491 768 οὖν
527 703 650 785 τὴν
698 702 986 784 δύναμιν
1022 697 1135 764 καὶ
1168 709 1310 775 τοῖς
1345 699 1687 780 πολεμίοις
1725 697 2105 781 ἀπαντήσας
2141 697 2293 784 περὶ

363 810 479 886 τὰς
524 808 862 891 εἰσβολάς,
907 813 1086 873 εἴασε
1132 804 1333 890 μέρος
1386 813 1504 888 τῆς
1546 814 1668 869 τοῦ
1713 807 1936 870 Νίνου
1985 814 2293 890 στρατιᾶς
2322 819 2361 859 5·

364 917 724 999 εἰσβαλεῖν·
772 911 914 978 ἐπεὶ
959 909 1020 977 δ’
1069 909 1300 989 ἔδοξεν
1348 911 1581 975 ἰκανὸν
1627 909 2114 994 ἀποβεβηκέναι
2157 922 2297 976 τῶν

363 1023 699 1105 πολεμίων
752 1023 1013 1102 πλῆθος
1057 1019 1154 1095 εἰς
1195 1019 1271 1082 τὸ
1319 1018 1584 1099 πεδίον,
1632 1015 1886 1097 ἐξέταξε
1929 1018 2054 1100 τὴν
2111 1018 2294 1082 ἰδίαν

367 1130 676 1210 δύναμιν.
739 1121 1102 1208 γενομένης
1140 1119 1215 1189 δὲ
1241 1124 1453 1207 μάχης
1484 1124 1758 1207 ἰσχυρᾶς
1796 1123 1868 1187 οἰ
1888 1121 2295 1206 Βακτριανοὶ

362 1236 523 1309 τοὺς
560 1229 954 1310 Ἀσσυρίους
995 1230 1400 1313 τρεψάμενοι
1434 1226 1547 1293 καὶ
1591 1230 1715 1294 τὸν
1761 1229 2059 1312 διωγμὸν
2104 1226 2295 1314 μέχρι

365 1348 501 1403 τῶν
572 1334 1063 1422 ὑπερκειμένων
1137 1336 1317 1422 ὀρῶν
1380 1335 1819 1420 ποιησάμενοι
1892 1333 2292 1420 διέφθειραν
2322 1351 2380 1390 1⁰

294 1466 330 1514 4
364 1454 501 1509 τῶν
552 1444 888 1528 πολεμίων
942 1444 1037 1519 εἰς
1093 1442 1250 1508 δέκα
1306 1442 1648 1528 μυριάδας.
1739 1443 1903 1525 μετὰ
1957 1438 2032 1506 δὲ
2087 1450 2296 1506 ταῦτα

366 1550 583 1634 πάσης
627 1557 744 1633 τῆς
790 1550 1134 1634 δυνάμεως
1170 1550 1632 1632 εἰσβαλούσης,
1678 1548 2119 1634 κρατούμενοι
2155 1559 2295 1624 τοῖς

365 1659 654 1740 πλήθεσι
734 1657 899 1722 κατὰ
976 1658 1201 1732 πόλεις
1274 1655 1741 1739 ἀπεχώρησαν,
1816 1654 2080 1720 ἔκαστοι
2151 1664 2295 1731 ταῖς

371 1764 572 1840 ἰδίαις
616 1765 885 1846 πατρίσι
939 1762 1414 1843 βοηθήσοντες.
1505 1761 1622 1836 τὰς
1665 1757 1789 1844 μὲν
1837 1755 1962 1826 οὖν
2008 1762 2212 1837 ἄλλας
2257 1760 2294 1825 ὁ

368 1870 582 1945 Νίνος
619 1867 1013 1953 ἐχειρώσατο
1053 1866 1322 1953 ῥᾳδίως,
1367 1867 1447 1931 τα
1487 1863 1562 1932 δὲ
1606 1868 1874 1953 Βάκτρα
1913 1868 2025 1932 διά
2064 1890 2134 1931 τε
2171 1867 2296 1949 τὴν
2327 1881 2382 1921 15

370 1974 739 2061 ὀχυρότητα
792 1971 902 2039 καὶ
955 1974 1078 2058 τὴν
1135 1972 1208 2039 ἐν
1269 1972 1436 2059 αὐτῇ
1491 1975 1918 2058 παρασκευὴν
1982 1974 2297 2056 ἠδυνάτει

298 2103 332 2151 5
368 2084 533 2148 κατὰ
574 2083 816 2168 κράτος
861 2079 1051 2147 ἑλεῖν.
1125 2082 1579 2165 πολυχρονίου
1626 2077 1701 2146 δὲ
1749 2089 1866 2164 τῆς
1909 2083 2297 2164 πολιορκίας

366 2188 741 2272 γινομένης,
791 2188 826 2254 ὁ
863 2197 980 2272 τῆς
1014 2188 1469 2273 Σεμιράμιδος
1490 2174 1696 2272 Δόίνήρ,
1745 2187 2071 2273 ἐρωτικῶς
2107 2188 2277 2271 ἔχων
2301 2204 2406 2254 119

368 2297 535 2380 πρὸς
579 2296 702 2381 τὴν
746 2305 1031 2378 γυναῖκα
1067 2292 1179 2359 καὶ
1225 2297 1831 2379 συστρατευόμενος
1874 2303 1967 2379 τῷ
2013 2296 2294 2377 βασιλεῖ,

369 2399 821 2484 μετεπέμψατο
858 2402 981 2482 τὴν
1019 2400 1407 2483 ἄνθρωπον.
1461 2399 1503 2481 ἡ
1531 2395 1609 2463 δὲ
1646 2397 1912 2464 συνέσει
1938 2399 2052 2464 καὶ
2086 2403 2296 2485 τόλμῃ
2325 2416 2385 2454 20

367 2502 480 2568 καὶ
533 2514 673 2580 τοῖς
726 2506 954 2579 ἄλλοις
1006 2514 1146 2579 τοῖς
1199 2506 1368 2588 πρὸς
1416 2502 1812 2587 ἐπιφάνειαν
1873 2509 2299 2570 συντείνουσι

369 2606 862 2693 κεχορηγημένη
900 2609 1136 2693 καιρὸν
1185 2609 1422 2690 ἔλαβεν
1459 2607 1918 2687 ἐπιδείξασθαι
1953 2609 2078 2691 τὴν
2116 2612 2300 2675 ἰδίαν

300 2737 333 2785 6
371 2714 626 2799 ἀρετήν.
727 2724 993 2798 πρῶτον
1065 2709 1187 2797 μὲν
1260 2708 1386 2778 οὖν
1456 2718 1724 2779 πολλῶν
1794 2714 2059 2801 ἡμερῶν
2133 2715 2299 2782 ὁδὸν

371 2818 704 2903 μέλλουσα
742 2821 1267 2905 διαπορεύεσθαι
1297 2822 1541 2904 στολὴν
1579 2819 2160 2906 ἐπραγματεύσατο
2201 2820 2289 2887 δι’

368 2921 452 3011 ἧς
503 2925 626 2992 οὐκ
669 2920 756 3009 ἦν
812 2927 1178 3009 διαγνῶναι
1229 2928 1349 2992 τὸν
1394 2926 1958 3012 περιβεβλημένον
2014 2933 2298 3014 πότερον
2327 2945 2385 2985 25

520 3127 548 3175 1
600 3114 867 3207 ἐξαόρτης
903 3121 953 3175 D
1098 3127 1130 3175 2
1178 3115 1423 3188 ἡλικίαις
1469 3120 1516 3174 D
1560 3179 1571 3192 ,
1663 3124 1696 3174 5
1744 3117 1936 3191 μέρος]
1991 3118 2095 3191 μὲν
2131 3119 2299 3190 μέρος

373 3192 587 3246 conicio
733 3197 764 3245 6
804 3187 1256 3263 αποβεβληκέναι
1296 3190 1401 3246 OF
1535 3197 1564 3245 7
1604 3188 1687 3253 εἰς
1723 3187 1784 3245 τὸ
1825 3192 2050 3264 πεδίον]
2089 3208 2197 3246 om.
2235 3190 2298 3259 F,

370 3264 589 3317 πεδίων
642 3260 692 3314 D
884 3267 949 3317 16
1004 3259 1107 3325 τὰς
1137 3304 1149 3315 .
1181 3302 1193 3316 .
1222 3258 1589 3330 παρασκευὰς
1644 3261 1697 3314 11
1878 3267 1946 3316 18
2000 3261 2298 3333 γινομένης

373 3331 671 3402 amintas,
746 3331 1018 3422 ενομένης
1056 3333 1276 3389 codices
1421 3329 1770 3403 σεμιράμεως
1806 3332 1856 3386 D
2004 3340 2073 3389 20
2126 3330 2162 3402 ἡ
2204 3333 2294 3403 δὲ]

371 3394 444 3466 ἦν
484 3400 549 3456 δὲ
588 3403 661 3470 F,
731 3403 830 3459 πεὶ
866 3400 931 3459 δὲ
969 3423 1042 3475 ην
1079 3404 1120 3460 C
1230 3410 1300 3459 22
1339 3400 1565 3475 καιρὸν]
1606 3396 1709 3459 οὖν
1746 3404 1876 3458 add.
1917 3404 1979 3458 F
2077 3411 2148 3459 24
2184 3404 2297 3457 διε-

371 3470 844 3537 πραγματεύσατο
884 3476 950 3528 D.
