2569 4061
367 178 454 244 22
1037 175 1345 232 monom
1382 174 1617 232 smum

367 337 554 408 οὗτοι
600 341 764 426 πρὸς
801 339 1127 423 ἀλήθειάν
1163 341 1337 405 εἰσιν
1376 339 1445 404 οἰ
1484 339 1698 403 πάντα
1734 348 2115 420 γεννῶντες.
2179 337 2291 403 καὶ

265 469 330 518 1ο
366 450 485 513 τὸν
521 447 803 530 ποιητὴν
832 442 906 512 δὲ
945 447 1040 523 εἰς
1067 450 1416 529 Αἴγυπτον
1443 447 1915 530 παραβαλόντα
1951 443 2062 508 καὶ
2100 467 2290 528 μετα-

365 556 611 636 σχόντα
638 554 818 639 παρὰ
854 565 988 619 τῶν
1018 551 1250 639 ἱερέων
1288 562 1421 617 τῶν
1453 552 1777 616 τοιούτων
1807 553 2026 634 λόγων
2062 554 2296 617 θεῖναί

364 680 497 725 που
523 662 689 726 κατὰ
715 662 839 745 τὴν
866 663 1138 744 ποίησιν
1173 653 1247 724 τὸ
1263 656 1764 744 προειρημένον
1792 657 1881 734 ὡς
1908 659 2288 743 γινόμενον,

451 771 570 833 καί
607 790 678 833 τε
723 767 877 833 θεοὶ
922 765 1242 845 ξείνοισιν
1290 763 1575 842 ἐοικότες
1621 763 2058 829 ἀλλοδαποῖσι
2331 786 2396 834 17

453 884 760 939 παντοῖοι
806 871 1194 949 τελέθοντες
1240 870 1707 956 ἐπιστρωφῶσι
1752 874 2034 955 πόληας,

455 979 856 1066 ἀνθρώπων
881 977 1081 1063 ὕβριν
1126 1000 1196 1043 τε
1242 976 1354 1042 καὶ
1400 977 1720 1062 εὐνομίην
1768 976 2144 1063 ἐσορῶντες.

361 1083 512 1170 περὶ
576 1082 698 1169 μὲν
762 1079 888 1150 οὐν
948 1094 1086 1149 τῶν
1145 1083 1219 1150 ἐν
1284 1084 1552 1172 οὐρανῷ
1611 1090 1796 1150 θεῶν
1853 1084 1965 1151 καὶ
2023 1082 2288 1167 γένεσιν

363 1189 585 1255 ἀίδιον
632 1189 1008 1274 ἐσχηκότων
1052 1198 1344 1256 τοσαῦτα
1391 1189 1705 1274 λέγουσιν
1751 1192 2124 1273 Αἰγύπτιοι.

260 1294 341 1360 13
520 1294 807 1373 ’Άλλους
835 1294 896 1363 δ’
933 1295 1004 1362 ἐκ
1030 1297 1291 1363 τούτων
1328 1296 1659 1381 ἐπιγείους
1694 1295 2013 1381 γενέσθαι
2051 1299 2282 1381 φασίν,
2315 1331 2365 1370 10

361 1402 780 1488 ὑπάρξαντας
826 1399 948 1487 μὲν
992 1404 1322 1488 θνητούς,
1387 1406 1498 1469 διὰ
1553 1400 1627 1470 δὲ
1675 1404 1950 1470 σύνεσιν
1994 1401 2105 1468 καὶ
2149 1427 2288 1469 κοι-

360 1509 490 1593 νὴν
545 1507 928 1594 ἀνθρώπων
982 1510 1373 1596 εὐεργεσίαν
1425 1514 1809 1596 τετευχότας
1860 1518 1979 1594 τῆς
2035 1510 2289 1576 ἀθανα-

362 1617 540 1699 σίας,
597 1611 693 1681 ὧν
749 1616 969 1695 ἐνίους
1026 1614 1138 1682 καὶ
1192 1621 1489 1700 βασιλεῖς
1547 1613 1894 1701 γεγονέναι
1947 1619 2113 1682 κατὰ
2165 1618 2290 1700 τὴν

287 1743 321 1792 2
360 1725 727 1805 Αἴγυπτον.
818 1723 1506 1808 μεθερμηνευομένων
1553 1721 1617 1787 δ’
1666 1724 1889 1788 αὐτῶν
1933 1725 2121 1800 τινὰς
2165 1720 2287 1806 μὲν

360 1828 759 1912 ὁμωνύμους
802 1827 1125 1913 ὑπάρχειν
1167 1836 1310 1905 τοϊς
1356 1828 1719 1913 οὐρανίοις,
1766 1829 1951 1904 τινὰς
1998 1822 2059 1891 δ’
2106 1829 2287 1892 ἰδίαν
2317 1859 2367 1900 15

359 1931 705 2016 ἐσχηκέναι
750 1937 1237 2019 προσηγορίαν,
1268 1932 1506 1999 ’Ἠλιόν
1559 1958 1628 1999 τε
1674 1932 1786 1999 καὶ
1845 1934 2118 2018 Κρόνον
2175 1931 2286 1999 καὶ

349 2038 557 2126 Ῥέαν,
604 2043 701 2106 ἔτι
738 2038 810 2106 δὲ
848 2043 985 2107 Δία
1031 2043 1152 2108 τὸν
1196 2041 1329 2108 ὑπό
1376 2066 1580 2108 τινων
1603 2041 1921 2128 ’Ἀμμωνα
1956 2038 2320 2128 προσαγο·’

361 2150 759 2233 ρευόμενον,
813 2150 980 2235 πρὸς
1035 2145 1108 2215 δὲ
1163 2150 1426 2227 τούτοις
1464 2148 1683 2236 ’Ἦραν
1736 2148 1845 2215 καὶ
1885 2146 2286 2233 “Ηφαιστον,

360 2255 456 2318 ἔτι
485 2253 547 2318 δ’
573 2249 840 2321 Ἑστίαν
869 2254 981 2321 καὶ
1016 2260 1400 2322 τελευταῖον
1418 2254 1684 2341 Ἑρμῆν.
1731 2255 1843 2321 καὶ
1869 2266 2138 2342 πρῶτον
2165 2252 2287 2340 μὲν

343 2357 585 2423 ’Ἠλιον
640 2363 1030 2442 βασιλεῦσαι
1088 2372 1224 2425 τῶν
1278 2359 1418 2425 κατ’
1484 2367 1860 2443 Αἴγυπτον,
1928 2361 2287 2446 ὁμώνυμον
2315 2395 2367 2434 20

289 2486 322 2535 3
360 2466 523 2530 ὄντα
569 2472 659 2552 τῷ
706 2463 847 2530 κατ’
893 2465 1187 2551 οὐρανὸν
1232 2467 1471 2553 ἄστρῳ.
1546 2469 1714 2531 ἔνιοι
1762 2463 1836 2530 δὲ
1872 2475 2005 2530 τῶν
2054 2465 2286 2552 ἱερέων

360 2570 528 2656 φασὶ
574 2582 839 2657 πρῶτον
870 2569 1248 2656 “Ηφαιστον
1296 2576 1706 2656 βασιλεῦσαι,
1753 2573 1963 2657 πυρὸς
2008 2571 2286 2657 εὑρετὴν

357 2681 725 2763 γενόμενον
769 2676 878 2744 καὶ
926 2679 1039 2743 διὰ
1083 2680 1207 2764 τὴν
1262 2679 1660 2765 εὐχρηστίαν
1704 2679 1954 2763 ταύτην
1998 2681 2286 2761 τυχόντα

357 2795 474 2870 τῆς
518 2785 898 2870 ἡγεμονίας·
945 2784 1313 2870 γενομένου
1349 2787 1477 2869 γὰρ
1525 2784 1599 2850 ἐν
1633 2796 1774 2879 τοῖς
1820 2787 2004 2873 ὄρεσι
2049 2808 2285 2870 κεραυ-

356 2894 650 2976 νοβόλου
707 2889 996 2977 δένδρου
1048 2889 1161 2959 καὶ
1221 2902 1340 2976 τῆς
1392 2895 1677 2976 πλησίον
1734 2889 1899 2976 ὕλης
1957 2890 2285 2976 καομένης
2311 2929 2364 2970 25

358 3001 823 3087 προσελθόντα
895 3000 1014 3064 τὸν
1073 2997 1454 3084 ’Ἡφαιστου
1517 3000 1683 3066 κατὰ
1754 2999 1877 3084 τὴν
1949 2996 2285 3084 χειμέριον

359 3108 543 3193 ὥραν
597 3106 895 3189 ἡσθῆναι
951 3107 1406 3194 διαφερόντως
1460 3105 1568 3172 ἐπὶ
1621 3114 1700 3192 τῇ
1756 3109 2121 3193 θερμασία,
2169 3109 2283 3190 λή-

359 3236 598 3294 γοντος
644 3208 718 3278 δὲ
763 3221 885 3278 τοῦ
931 3213 1142 3294 πυρὸς
1188 3211 1291 3278 ἀεὶ
1346 3221 1461 3297 τῆς
1505 3213 1669 3296 ὕλης
1715 3211 2124 3296 ἐπιβάλλειν,
2172 3213 2284 3278 καὶ

507 3442 571 3488 15
609 3434 919 3510 ὁμωνύμως
954 3440 1004 3494 D
1149 3446 1217 3497 25
1257 3439 1541 3512 καομένης
1580 3458 1686 3496 om.
1725 3439 1792 3497 D.
