2569 4061
348 176 435 241 26
1050 171 1358 229 DIODORI
1396 172 1627 229 SICULI

348 339 643 424 ἀμπέλου
689 336 799 402 καὶ
844 338 965 421 τὴν
1010 344 1248 422 χρῆσιν
1298 345 1421 402 τοῦ
1467 341 1659 401 οἴνου
1704 334 1815 400 καὶ
1859 336 1982 419 τὴν
2030 351 2269 418 συγκο-

276 465 308 514 9
347 446 550 531 μιδὴν
597 444 804 509 αὐτοῦ
858 441 969 509 καὶ
1014 446 1311 529 τήρησιν.
1404 448 1726 527 τιμᾶσθαι
1777 440 1838 506 δ’
1897 439 2002 507 ὑπ’
2061 442 2268 507 αὐτοῦ

345 553 625 635 μάλιστα
669 552 939 617 πάντων
995 552 1113 617 τὸν
1150 547 1429 635 Ἑρμῆν,
1479 550 1783 638 διαφόρῳ
1838 548 2039 632 φύσει
2084 571 2269 631 κεχο-

346 657 725 743 ρηγημένον
769 660 934 742 πρὸς
980 657 1283 724 ἐπίνοιαν
1320 667 1454 722 τῶν
1502 655 1895 740 δυναμένων
1928 656 2269 740 ὠφελῆσαι

340 767 459 831 τὸν
502 767 736 832 κοινὸν
780 769 950 851 βίον.
2293 781 2318 820 5

241 870 322 935 16
467 870 622 938 Ὑπὸ
660 874 786 959 γὰρ
824 872 1068 937 τούτου
1104 880 1371 955 πρῶτον
1412 867 1534 954 μὲν
1578 872 1701 953 τήν
1745 892 1815 934 τε
1852 871 2088 952 κοινὴν
2126 870 2267 933 διά-

345 985 578 1046 λεκτον
623 981 1133 1065 διαρθρωθῆναι
1169 973 1279 1042 καὶ
1326 977 1539 1042 πολλὰ
1574 986 1710 1041 τῶν
1747 975 2119 1060 ἀνωνύμων
2155 998 2267 1040 τυ-

344 1098 486 1172 χεῖν
531 1087 1009 1171 προσηγορίας,
1069 1086 1190 1167 τήν
1245 1107 1316 1149 τε
1373 1083 1638 1169 εὕρεσιν
1683 1092 1819 1148 τῶν
1863 1083 2265 1168 γραμμάτων

344 1191 661 1276 γενέσθαι
706 1189 816 1256 καὶ
861 1191 944 1256 τὰ
985 1189 1136 1276 περὶ
1179 1191 1297 1267 τὰς
1340 1200 1474 1255 τῶν
1518 1195 1702 1255 θεῶν
1747 1189 1939 1275 τιμὰς
1982 1187 2092 1254 καὶ
2138 1195 2265 1253 θυ-

342 1303 490 1375 σίας
536 1299 1005 1382 διαταχθῆναι·
1065 1298 1224 1383 περί
1262 1320 1332 1362 τε
1379 1304 1493 1379 τῆς
1535 1307 1672 1362 τῶν
1719 1297 1980 1382 ἄστρων
2024 1295 2266 1374 τάξεως
2294 1313 2346 1352 10

342 1403 452 1470 καὶ
507 1403 659 1490 περὶ
717 1413 833 1488 τῆς
886 1415 1020 1470 τῶν
1074 1407 1404 1488 φθόγγων
1461 1402 1782 1489 ἁρμονίας
1833 1401 1946 1468 καὶ
2000 1402 2266 1486 φύσεως

342 1521 584 1578 τοῦτον
630 1522 895 1597 πρῶτον
941 1508 1259 1595 γενέσθαι
1315 1513 1812 1596 παρατηρητήν,
1868 1507 1980 1574 καὶ
2033 1511 2264 1574 παλαί-

344 1636 545 1708 στρας
591 1617 868 1705 εὑρετὴν
914 1618 1219 1704 ὑπάρξαι,
1266 1617 1377 1683 καὶ
1421 1627 1538 1700 τῆς
1583 1617 1952 1704 εὐρυθμίας
1995 1614 2106 1682 καὶ
2153 1626 2267 1699 τῆς
2304 1618 2372 1667 20

343 1725 492 1809 περὶ
558 1728 631 1791 τὸ
698 1736 889 1809 σῶμα
949 1725 1329 1810 πρεπούσης
1401 1724 1701 1800 πλάσεως
1765 1722 2263 1806 ἐπιμεληθῆναι.

341 1834 554 1915 λύραν
575 1854 670 1895 ’τε
714 1832 1032 1914 νευρίνην
1068 1838 1340 1911 ποιῆσαι
1386 1827 1761 1913 τρίχορδον,
1808 1828 2266 1910 μιμησάμενον
2294 1847 2344 1885 15

297 2017 320 2025 ἡ
339 1939 454 2014 τὰς
497 1931 639 2001 κατ’
694 1935 1000 2001 ἐνιαυτὸν
1055 1935 1256 2022 ὥρας·
1313 1943 1489 2020 τρεῖς
1541 1933 1669 2019 γὰρ
1725 1933 1932 1999 αὐτὸν
1978 1933 2264 2017 ὑποστή-

341 2050 593 2111 σασθαι
640 2046 1013 2129 φθόγγους,
1059 2042 1222 2121 ὀξὺν
1257 2041 1369 2107 καὶ
1414 2044 1632 2129 βαρὺν
1672 2039 1783 2108 καὶ
1828 2038 2056 2126 μέσον,
2104 2041 2264 2121 ὀξὺν
2378 2076 2381 2083 ·

340 2150 462 2238 μὲν
510 2152 637 2219 ἀπὸ
683 2161 803 2218 τοῦ
849 2149 1129 2237 θέρους,
1185 2153 1403 2237 βαρὺν
1450 2148 1524 2216 δὲ
1580 2150 1707 2215 ἀπὸ
1754 2158 1876 2217 τοῦ
1920 2162 2263 2235 χειμῶνος,

269 2281 301 2328 2
340 2261 545 2346 μέσον
587 2257 677 2325 ’δὲ
733 2258 858 2323 ἀπὸ
925 2267 1047 2323 τοῦ
1108 2260 1318 2344 ἔαρος.
1410 2257 1520 2323 καὶ
1583 2261 1740 2334 τοὺς
1779 2255 2106 2342 “Ελληνας
2167 2259 2264 2321 δι-

343 2364 536 2443 δάξαι
579 2373 819 2429 τοῦτον
865 2365 946 2427 τὰ
990 2362 1141 2448 περὶ
1186 2364 1310 2445 τὴν
1358 2361 1731 2446 ἑρμηνείαν,
1779 2361 1947 2449 ὑπὲρ
1995 2358 2093 2429 ὧν
2119 2361 2263 2449 Ἑρ·
2291 2382 2344 2421 20

343 2478 474 2554 μῆν
548 2469 753 2534 αὐτὸν
825 2469 1234 2551 ὠνομάσθαι.
1354 2469 1655 2533 καθόλου
1734 2464 1809 2532 δὲ
1881 2471 2040 2545 τοὺς
2111 2469 2262 2552 περὶ

337 2579 455 2641 τὸν
500 2574 763 2662 ’Όσιριν
817 2583 1058 2639 τοῦτον
1114 2576 1386 2658 ἔχοντας
1442 2573 1964 2659 ἱερογραμματέα
2020 2572 2252 2638 ἅπαντ’

341 2684 519 2772 αὐτῷ
575 2687 1281 2769 προσανακοινοῦσθαι
1333 2679 1445 2747 καὶ
1499 2681 1779 2766 μάλιστα
1832 2686 2126 2767 χρῆσθαι
2180 2689 2258 2766 τῇ

337 2792 583 2856 τούτου
625 2791 1037 2876 συμβουλίᾳ.
1126 2787 1238 2854 καὶ
1298 2797 1414 2872 τῆς
1478 2787 1700 2866 ἐλαίας
1764 2784 1839 2853 δὲ
1900 2790 1974 2853 τὸ
2042 2790 2259 2871 φυτὸν

337 2897 542 2963 αὐτὸν
598 2896 850 2982 εὑρεῖν,
907 2890 1053 2960 ἀλλ’
1117 2895 1241 2961 οὐκ
1293 2894 1615 2979 Ἀθηνᾶν,
1675 2895 1894 2980 ὥσπερ
1943 2892 2261 2977 Ἕλληνές
2288 2912 2339 2953 25

335 3025 519 3090 φασι.

234 3110 312 3173 17
478 3114 611 3179 Τὸν
677 3108 750 3177 δὲ
796 3109 1059 3197 Ὄσιριν
1131 3108 1475 3194 λέγουσιν,
1550 3111 1769 3195 ὥσπερ
1844 3109 2260 3195 εὐεργετικὸν

481 3310 549 3358 15
577 3303 870 3396 νευρίνην]
898 3300 1089 3371 ευρεῖν
1118 3297 1189 3374 ἣν
1221 3303 1326 3359 OF
1395 3310 1463 3358 22
1492 3305 1822 3374 γραμματέα
1853 3304 1892 3359 C
1967 3310 2036 3360 27
2068 3301 2257 3392 ωσπερ

338 3378 436 3427 aut
473 3375 661 3429 delere
700 3381 798 3430 aut
835 3396 910 3439 ως
936 3373 1063 3463 (αν)
1104 3375 1345 3431 scribere
1381 3375 1505 3430 vult
1540 3375 1797 3430 Hertlein
1897 3370 2258 3445 εὐεργετικὸν

337 3442 410 3506 F,
459 3438 750 3509 εὑρετικὸν
790 3446 849 3513 O,
888 3443 1250 3517 ευεργετικὸν
1290 3441 1583 3518 εὖρετικὸν
1622 3446 1687 3501 D.
