2569 4061
437 1134 986 1208 DIODORI
1067 1133 2081 1209 BIBLIOTHEOAE

456 1302 495 1319 fl

938 1317 1578 1402 EPITOME.

1138 1613 1294 1671 LIB.
1340 1613 1387 1672 Ι.

289 1696 407 1744 Cap.

333 1762 384 1810 1.
423 1753 782 1810 Prooemium
819 1754 1019 1824 operis.
1093 1752 1351 1808 Historia
1385 1753 1662 1823 magistra
1697 1754 2005 1811 hominum.

329 1843 381 1891 2.
421 1834 677 1891 Historia
704 1836 946 1904 patrona
972 1834 1263 1901 virtutum,
1294 1832 1503 1890 vindex
1530 1833 1859 1903 facinorum,
1897 1833 2087 1890 nutrix
2116 1836 2229 1890 elo·

473 1914 759 1986 quentiae.

329 2003 380 2051 3.
417 1996 734 2054 Historiam
769 1994 1149 2052 universalem
1184 2011 1363 2068 usque
1403 1993 1477 2049 ad
1504 1992 1741 2052 Diodori
1770 1994 2016 2050 aetatem
2053 2010 2221 2051 nemo

472 2076 728 2133 confecit.

330 2163 382 2211 4.
419 2156 636 2210 Primus
681 2156 980 2212 historiam
1031 2156 1412 2211 universalem
1457 2155 1700 2211 scribere
1749 2172 2049 2225 aggressus
2086 2157 2222 2211 Dio-

476 2236 647 2288 dorus
675 2235 912 2305 triginta
940 2252 1212 2291 annorum
1241 2250 1472 2304 operam
1499 2235 1791 2304 impendit.
1842 2236 2040 2305 Operis
2069 2237 2227 2290 adiu-

475 2315 672 2367 menta
699 2316 756 2368 et
782 2316 1035 2383 partitio:
1075 2318 1273 2387 primis
1306 2331 1404 2371 sex
1429 2314 1592 2370 libris
1622 2313 1944 2371 continetur
1970 2315 2227 2372 fabulosa

476 2392 717 2449 historia
751 2411 928 2463 usque
965 2396 1038 2451 ad
1075 2398 1307 2453 Troiam
1354 2397 1606 2464 captam,
1657 2395 2023 2464 sequentibus
2060 2395 2221 2450 libris

478 2472 738 2528 undecim
782 2492 872 2529 res
907 2491 1009 2545 per
1045 2478 1238 2533 orbem
1291 2478 1489 2547 gestae
1525 2475 1599 2530 ad
1634 2474 1940 2530 Alexandri
1988 2475 2225 2543 obitum,

473 2553 771 2624 postremis
810 2554 1050 2623 denique
1084 2556 1246 2612 libris
1282 2555 1490 2627 viginti
1526 2554 1707 2611 tribus
1744 2555 1896 2610 facta
1932 2570 2110 2625 usque
2148 2556 2224 2611 ad

476 2633 725 2689 Caesaris
762 2633 977 2689 bellum
1014 2636 1309 2692 Gallicum.

329 2719 379 2769 5.
421 2713 836 2783 chronologica
870 2714 1018 2769 ratio
1056 2717 1258 2786 operis.

326 2798 378 2850 6.
413 2798 460 2848 7.
488 2793 626 2848 Pars
647 2794 830 2863 prima
847 2793 1102 2862 mythica
1118 2794 1337 2865 incipit.
1355 2793 1439 2849 De
1454 2810 1639 2849 rerum
1657 2793 2059 2863 hominumque
2076 2796 2221 2849 ortu.

328 2880 377 2930 8.
415 2875 611 2929 Prima
645 2873 937 2928 hominum
971 2872 1093 2928 vita
1128 2874 1284 2928 rudis
1324 2876 1383 2930 et
1415 2874 1632 2929 inculta
1659 2871 2014 2927 describitur.
2070 2873 2219 2928 Usus

472 2956 532 3008 et
566 2952 874 3008 necessitas
914 2953 1108 3008 docuit
1140 2954 1413 3025 linguam,
1452 2955 1619 3022 artes,
1658 2952 1814 3007 vitae
1852 2951 2168 3007 commoda.

329 3039 378 3089 9.
419 3034 574 3100 Quae
612 3048 751 3102 gens
790 3034 917 3087 ortu
951 3034 1137 3103 prima
1172 3034 1347 3088 fuerit
1379 3033 1674 3088 incertum.

296 3119 379 3168 10.
417 3111 828 3183 Aegyptiorum
881 3112 1122 3168 historia
1175 3112 1394 3183 incipit.
1478 3113 1588 3169 Cur
1642 3109 1816 3182 primi
1858 3111 2117 3167 homines
2164 3111 2226 3164 in

469 3193 730 3262 Aegypto
768 3192 1093 3263 provenisse
1130 3191 1326 3247 multis
1364 3191 1677 3248 videantur.

435 3350 590 3405 Haec
619 3350 884 3421 epitome,
922 3351 1000 3406 eis
1029 3350 1126 3420 qui
1150 3351 1336 3407 indice
1368 3353 1558 3407 carent
1589 3346 1923 3415 necessaria,
1963 3341 2224 3400 omnibus

290 3424 357 3476 ut
395 3437 558 3491 spero
596 3423 785 3492 grata,
823 3424 1140 3493 composita
1176 3426 1262 3478 est
1299 3423 1371 3477 ab
1410 3422 1627 3477 editore
1666 3417 2004 3497 Bipontin02
2056 3426 2227 3495 quem

290 3491 369 3547 ad
397 3493 629 3547 verbum
657 3491 958 3563 descripsit
984 3491 1249 3561 Dindorf3
1278 3492 1401 3561 ipse
1430 3510 1556 3547 eam
1583 3489 1898 3568 retractam
1925 3480 2224 3561 permultis

291 3562 434 3618 locis
472 3562 763 3632 correctis,
802 3563 932 3618 aliis
969 3563 1248 3632 suppletis
1287 3561 1415 3617 aliis
1455 3560 1784 3619 contractis,
1825 3569 1957 3605 usus
1997 3562 2223 3615 saepius

290 3632 573 3692 breviario
609 3632 976 3689 Eichstaedti.
