2569 4061
997 290 1077 345 IV
1118 297 1201 345 57.
1243 297 1329 347 58.
2018 294 2150 361 489

225 453 736 540 ἀντιταχθέντα,
795 457 1206 539 παραλαβεῖν
1251 451 1687 539 “Ηρακλείδας
1749 458 1873 541 τὴν
1930 458 2152 544 Εὐρυ-

225 561 448 639 σθέως
483 563 849 646 βασιλειάν,
897 562 961 625 εἰ
996 557 1058 625 δ’
1077 558 1311 637 ’Ὕλλος
1347 564 1681 645 λειφθείη,
1730 565 1818 648 μὴ
1858 564 2152 630 κατιέναι

224 671 386 745 τοὺς
451 670 886 754 Ἡρακλείδας
959 670 1053 745 εἰς
1128 669 1654 751 Πελοπόννησον
1729 668 1913 747 ἐντὸς
1987 671 2154 739 ἐτῶν

225 777 659 859 πεντήκοντα.·
721 775 1129 858 καταβάντος
1174 771 1234 839 δ’
1274 777 1369 852 εἰς
1413 775 1537 859 τὴν
1581 778 1949 861 πρόκλησιν
1981 776 2152 863 Έχέ-
2189 799 2226 849 4

168 898 197 940 5
227 906 363 966 μου
423 879 924 975 τοῦ-,ῑβασιλέως
986 891 1121 946 τῶν
1183 885 1558 965 Τεγεατῶν,
1612 880 1723 947 καὶ
1779 890 1895 966 τῆς
1953 907 2153 967 μονο-

227 992 465 1074 μαχίας
510 987 920 1073 γενομένης,
986 987 1022 1052 ὁ
1088 983 1211 1072 μὲν
1254 985 1489 1065 ’Ύλλος
1552 988 1885 1076 ἀνῃρέθη,
1952 990 2023 1054 οἰ
2083 987 2146 1055 δ’

216 1092 644 1183 Ἡρακλεῖδαι
722 1095 887 1159 κατὰ
958 1095 1074 1170 τὰς
1158 1094 1515 1179 ὁμολογίας
1588 1095 1966 1181 ἀπέστησαν
2037 1105 2154 1180 τῆς
2241 1089 2252 1097 '⁸

227 1204 534 1268 καθόδου
588 1199 700 1267 καὶ
752 1202 875 1284 τὴν
923 1202 1017 1277 εἰς
1071 1204 1497 1288 Τρικόρυθον
1553 1202 1887 1270 ἐπάνοδον
1933 1202 2155 1287 ἐποιή-

231 1325 453 1373 σαντο.
518 1308 678 1390 μετὰ
725 1305 805 1372 δέ
845 1330 1032 1384 τινας
1079 1310 1364 1393 χρόνους
1409 1309 1778 1394 Λικύμνιος
1824 1306 1946 1395 μὲν
1991 1311 2154 1395 μετὰ
2192 1329 2226 1379 5

144 1432 201 1473 10
230 1425 368 1478 τῶν
406 1415 667 1478 παίδων
711 1411 823 1478 καὶ
866 1412 1300 1498 Τληπολέμου
1344 1425 1467 1480 τοῦ
1495 1413 1924 1503 Ἡρακλέους,
1971 1415 2158 1483 ἑκου-

235 1522 395 1595 σίως
431 1530 565 1583 τῶν
594 1517 912 1606 Ἀργείων
948 1519 1194 1598 αὐτοὺς
1230 1521 1806 1607 προσδεξαμένων,
1846 1522 2157 1608 ἐν’Άργει

232 1622 646 1715 κατῴκησαν,
695 1626 765 1690 oc
797 1624 858 1690 δ’
894 1628 1086 1691 ἄλλοι
1129 1627 1371 1704 πάντες
1416 1626 1489 1691 ἐν
1535 1629 1931 1717 Τρικορύθῳ
1980 1633 2157 1710 [κατ-

234 1727 530 1820 ῴκησαν]
547 1752 560 1764 ·
629 1731 718 1809 ὡς
772 1731 843 1795 δ’
884 1732 920 1797 ὁ
977 1732 1538 1815 πεντηκονταετὴς
1593 1736 1834 1819 χρόνος
1900 1734 2157 1818 διῆλθε,

233 1844 575 1922 κατῆλθον
630 1840 724 1917 εἰς
772 1841 1322 1923 Πελοπόννησον·
1382 1835 1479 1905 ὧν
1522 1841 1638 1916 τὰς
1690 1838 1958 1925 προέξεις
2004 1840 2161 1906 ἀνα-

156 1963 208 2004 15
235 1947 614 2039 γράψομεν,
681 1946 843 2011 ὅταν
899 1947 993 2022 εἰς
1047 1944 1346 2024 ἐκείνους
1398 1949 1556 2022 τοὺς
1608 1948 1896 2033 χρόνους
1952 1967 2161 2034 παρα-

238 2050 648 2137 γενηθῶμεν.
703 2050 1060 2138 ’.Ἀλκμήνη
1129 2051 1188 2119 δ’
1234 2055 1331 2130 εἰς
1390 2056 1615 2137 Θήβας
1676 2056 2158 2138 καταντήσασα,
2198 2076 2231 2126 6

240 2155 352 2221 καὶ
408 2160 566 2242 μετὰ
619 2157 804 2224 ταῦτ’
848 2161 1144 2243 ἄφαντος
1196 2160 1556 2244 γενομένη,
1591 2170 1812 2245 τιμῶν
1871 2160 2161 2229 ἰσοθέων
2208 2180 2226 2191 “·

243 2265 437 2353 ἔτυχε,
465 2267 641 2351 παρὰ
675 2277 816 2343 τοῖς
855 2269 1190 2350 Θηβαίοις.
1253 2269 1413 2344 τοὺς
1451 2264 1513 2331 δ’
1550 2268 1795 2344 ἄλλους
1823 2265 2159 2354 Ἡρακλεί-

245 2370 364 2445 δας
409 2369 617 2452 φασὶν
663 2372 986 2450 ἐλθόντας
1029 2368 1184 2457 παρ’
1219 2375 1537 2458 Αἰγίμιον
1581 2376 1701 2440 τὸν
1744 2375 1995 2460 Δώρου
2040 2376 2163 2457 τὴν

163 2494 216 2534 20
241 2473 554 2564 πατρῴαν
607 2486 718 2561 τῆς
772 2480 989 2565 χώρας
1050 2484 1617 2565 παρακαταθήκην
1676 2480 2164 2564 ἀπαιτήσαντας

241 2582 402 2664 μετὰ
475 2581 800 2669 Δωριέων
880 2595 1284 2670 κατοικῆσαι.
1394 2589 1825 2671 Τληπόλεμον
1897 2583 1971 2652 δὲ
2042 2587 2163 2652 τὸν
2202 2609 2231 2659 ⁷

234 2684 642 2773 “Ηρακλεόυς
688 2687 762 2754 ἐν
789 2687 1016 2773 ’Ἀργει
1056 2701 1495 2758 κατοικοῦντα
1540 2692 1854 2776 λέγουσιν
1901 2691 2163 2759 ἀνελεῖν

196 2832 207 2843 2
243 2795 620 2879 Λικύμνιον
666 2797 786 2861 τὸν
826 2792 1322 2884 Ἠλεκτρύωνος
1376 2798 1687 2883 ἐρίσαντα
1733 2802 1893 2886 περί
1934 2824 2163 2883 τινων,

244 2903 372 2991 διὰ.
395 2898 484 2967 ῑδὲ
528 2904 649 2968 τὸν
705 2905 923 2987 φόνον
975 2913 1218 2971 τοῦτον
1273 2904 1339 2984 ἐξ
1375 2903 1657 2991 ’Ἀργους
1712 2908 2017 2990 φυγόντα
2072 2907 2165 2982 εἰς

169 3026 217 3067 25
235 3006 464 3076 Ῥόδον
509 3019 919 3094 μετοικῆσαι·
974 3011 1097 3094 τὴν
1144 3006 1217 3076 δὲ
1262 3021 1475 3095 νῆσον
1530 3013 1778 3095 ταύτην
1822 3014 1970 3076 τότε
2015 3033 2165 3076 κατ-

247 3113 466 3204 ῴκουν
486 3113 803 3199 ’Έλληνες
850 3117 921 3182 οἰ
959 3116 1092 3182 ὑπὸ
1137 3120 1392 3203 Τριόπα
1428 3127 1550 3184 τοῦ
1591 3119 1979 3201 Φόρβαντος
2013 3140 2165 3180 κατ-

246 3221 672 3300 οικισθέντες.
766 3224 885 3288 τὸν
950 3220 1011 3288 δ’
1066 3217 1191 3288 οὖν
1264 3226 1693 3308 Τληπόλεμον
1746 3230 1937 3307 κοινῇ
2003 3222 2164 3305 μετὰ
2202 3242 2235 3292 8

389 3419 421 3469 8
464 3412 858 3498 Τρικόρυνθον
900 3415 1058 3471 GDF
1209 3421 1274 3470 12
1321 3413 1693 3506 Τρικορύνθῳ
1732 3414 1893 3470 CDF
2032 3433 2168 3468 κατ-

247 3483 471 3555 ᾤκησαν
507 3485 710 3554 delevi,
737 3484 1190 3567 κατοικήσαντες
1225 3487 1277 3540 II
1370 3491 1437 3539 13
1477 3485 1535 3540 δ’
1576 3503 1683 3541 om.
1722 3485 1871 3554 vulg.
1966 3490 2035 3539 25
2073 3503 2166 3554 με·

246 3557 501 3624 τοικῆσαι
535 3555 810 3626 Hertlein,
847 3558 1181 3627 κατοικῆσαι
1216 3557 1365 3615 libri.
