2569 4061
368 285 501 350 452
1038 284 1347 340 DIODORI
1384 276 1621 341 SICULI

371 457 494 515 τοῦ
557 443 796 513 τέκνου
861 453 1163 530 κεῖσθαι,
1228 449 1344 513 τὸν
1389 448 1618 513 δαλὸν
1673 448 1995 533 ἐπιμελῶς
2058 461 2310 536 τηρεῖν.

306 572 336 622 7
375 556 659 640 ὕστερον
713 552 774 618 δ’
829 553 938 620 ἐπὶ
991 561 1083 641 τῷ
1151 557 1340 642 φόνφ
1396 564 1532 618 τῶν
1596 553 1910 640 ἀδελφῶν
1974 558 2311 644 παροξυν-

376 668 615 726 θεῖσαν
677 669 1089 729 κατακαῦσαι
1151 662 1271 725 τὸν
1336 661 1545 726 δαλὸν
1608 659 1721 728 καὶ
1778 670 1870 750 τῷ
1931 664 2309 753 Μελεάγρῳ

375 775 492 851 τῆς
534 771 842 850 τελευτῆς
888 770 1109 833 αἰτίαν
1152 776 1585 850 καταστῆναι·
1635 765 1738 832 ἀεὶ
1786 765 1859 833 δὲ
1906 772 2161 852 μᾶλλον
2199 768 2308 836 ἐπὶ

373 886 513 953 τοῖς
547 872 1037 963 πεπραγμένοις
1071 873 1503 958 λυπουμένην
1550 876 1625 939 τὸ
1663 873 1851 951 τέλος
1896 874 2147 960 ἀγχόνῃ
2183 878 2308 943 τὸν
2334 896 2363 936 5

268 975 358 1042 35
372 985 527 1067 βιόν
589 980 1052 1067 καταστρέψαι.
1145 981 1334 1065 ἅμα.
1354 977 1428 1045 δὲ
1488 981 1754 1057 τούτοις
1825 981 2305 1066 πραττομένοις

359 1086 720 1155 Ιππόνουν
767 1088 841 1154 ἐν
860 1086 1112 1175 ’.Ωλένω
1157 1088 1326 1173 πρὸς
1362 1088 1486 1172 τὴν
1530 1084 1872 1174 θυγατέρα
1907 1089 2306 1174 Περίβοιαν,

371 1199 766 1283 φάσκουσαν
812 1193 1024 1276 αὑτὴν
1070 1191 1137 1270 ἐξ
1176 1191 1412 1280 ’Ἀρεος
1466 1194 1789 1278 ὑπάρχειν
1844 1194 2111 1278 ἔγκυον,
2170 1197 2305 1260 διε-

372 1301 697 1386 νεχθέντα
742 1299 994 1384 πέμψαι
1046 1300 1298 1384 ταύτην
1353 1302 1450 1376 εἰς
1494 1301 1835 1365 Αἰτωλίαν
1880 1301 2048 1385 πρὸς
2096 1300 2301 1366 Οἰνέα

371 1407 482 1475 καὶ
509 1406 1137 1492 παρακελεύσασθαι
1172 1407 1424 1490 ταύτην
1453 1405 1778 1491 ἀφανίσαι
1806 1407 1929 1490 τὴν
1964 1409 2299 1492 ταχίστην.
2331 1428 2387 1468 lo

297 1528 329 1575 2
375 1514 411 1580 ὁ
459 1511 519 1578 δ’
579 1514 820 1590 Οἰνεὺς
876 1512 1308 1590 ἀπολωλεκὼς
1363 1513 1764 1598 προσφάτως
1820 1513 1973 1578 υἱὸν
2027 1512 2139 1579 καὶ
2183 1539 2303 1597 γυ-

372 1630 600 1704 ναῖκα,
646 1621 724 1685 τὸ
780 1615 903 1705 μὲν
962 1619 1343 1686 ἀποκτεῖναι
1398 1620 1523 1703 τὴν
1576 1620 1948 1706 Περίβοιαν
2013 1618 2298 1705 ἀπέγνω,

374 1731 591 1812 γήμας
638 1724 698 1792 δ’
754 1726 967 1811 αὐτὴν
1015 1724 1372 1810 ἐγέννησεν
1415 1726 1569 1790 υἱὸν
1625 1724 1857 1791 Τυδέα.

556 1836 652 1899 Τὰ
698 1831 820 1918 μὲν
871 1827 997 1899 οὖν
1040 1831 1195 1917 περὶ
1229 1831 1630 1918 Μελέαγρον
1673 1830 1785 1897 καὶ
1816 1826 2154 1917 Ἀλθαίαν,
2200 1837 2299 1899 ἔτι

295 1956 327 2005 3
385 1938 446 2008 δ’
485 1941 687 2009 Οἰνέα
721 1941 1033 2023 τοιαύτης
1076 1941 1264 2023 ἔτυχε
1304 1939 1628 2018 διεξόδου.
1680 1935 2013 2025 “Ηρακλῆς
2048 1936 2121 2004 δὲ
2153 1948 2297 2018 τοῖς
2328 1961 2384 2001 15

365 2052 835 2127 Καλυδωνίοις
894 2050 1305 2132 βουλόμενος
1360 2049 1770 2133 χαρίσασθαι
1820 2049 1939 2113 τὸν
1978 2045 2296 2135 Ἀχελῷον

363 2158 665 2242 ποταμὸν
712 2154 1098 2241 ἀπέστρεψε,
1143 2151 1254 2220 καὶ
1302 2153 1500 2241 ῥύσιν
1537 2155 1746 2237 ἄλλην
1791 2154 2282 2232 κατασκευάσας

367 2261 655 2346 ἀπέλαβε
692 2264 920 2349 χώραν
963 2261 1219 2343 πολλὴν
1253 2258 1367 2326 καὶ
1406 2261 1787 2347 πάμφορον,
1835 2258 2292 2347 ἀρδευομένην

296 2390 333 2439 4
369 2369 499 2435 ὑπὸ
548 2379 670 2437 τοῦ
719 2366 1206 2456 προειρημένου
1254 2367 1553 2455 ῥείθρου.
1620 2367 1726 2431 διὸ
1771 2365 1885 2432 καὶ
1928 2378 2063 2433 τῶν
2106 2389 2297 2451 ποιη-

365 2486 503 2541 τῶν
555 2500 743 2554 τινας
789 2482 1249 2561 μυθοποιῆσαι
1302 2475 1377 2538 τὸ
1422 2471 1751 2559 πραχθέν·
1801 2478 2294 2560 παρεισήγαγον
2322 2493 2377 2533 20

366 2582 494 2666 γὰρ
521 2582 642 2645 τὸν
663 2578 995 2667 “Ηρακλέα
1021 2582 1188 2665 πρὸς
1222 2582 1343 2645 τὸν
1362 2573 1686 2667 Ἀχελῷον
1724 2579 2018 2657 συνάψαι
2053 2580 2291 2665 μάχην,

368 2684 802 2770 ὡμοιωμένου
840 2695 962 2751 τοῦ
1007 2694 1308 2769 ποταμοῦ
1344 2686 1590 2773 ταύρω,
1636 2686 1802 2751 κατὰ
1841 2683 1916 2751 δὲ
1959 2687 2082 2769 τὴν
2129 2703 2292 2772 συμ-

365 2792 621 2874 πλοκὴν
659 2792 953 2877 θάτερον
988 2802 1123 2856 τῶν
1158 2792 1456 2879 κεράτων
1492 2792 1826 2857 κλάσαντα
1856 2794 2291 2879 δωρήσασθαι

365 2908 504 2975 τοῖς
550 2899 912 2982 Αἰτωλοῖς,
964 2896 1000 2963 ὃ
1054 2907 1592 2984 προσαγορεῦσαι
1644 2898 1840 2984 κέρας
1878 2895 2285 2982 Ἀμαλθείας.

366 3004 441 3071 έν
495 2996 547 3093 ᾧ
593 3004 959 3071 πλάττουσι
1013 3010 1270 3089 πλῆθος
1324 3005 1647 3093 ὑπάρχειν
1689 3006 1903 3089 πάσης
1958 3005 2291 3093 ὀπωρινῆς
2319 3024 2372 3066 25

368 3113 573 3199 ὥρας,
619 3113 933 3200 βοτρύων
985 3135 1053 3177 τε
1099 3110 1209 3177 καὶ
1246 3114 1491 3197 ,μήλων
1536 3109 1648 3179 καὶ
1701 3122 1837 3176 τῶν
1884 3112 2106 3178 ἄλλων
2152 3122 2395 3185 τῶν281

542 3346 574 3393 3
621 3337 721 3394 τὸν
769 3341 821 3394 δ.
868 3341 1227 3394 κατακαῦσαι
1272 3339 1425 3408 vulg.
1606 3346 1643 3394 4
1688 3337 1905 3412 αἰτίαν]
1944 3338 2046 3409 τὴν
2092 3339 2281 3396 αἰτίαν

361 3408 513 3476 vulg.
653 3416 685 3463 5
722 3407 1141 3479 λυπουμένη-
1157 3411 1540 3481 κατέστρεψεν
1578 3409 1633 3463 Π
1775 3417 1843 3466 23
1883 3410 2280 3498 δωρήσασθαι]

360 3477 709 3564 χαρίσασθαι
750 3480 796 3532 D
972 3484 1041 3533 24
1078 3431 1406 3549 ἀμαλθαίας
1442 3481 1491 3533 D
1531 3482 1616 3550 (ut
1650 3480 1821 3551 infra)
1996 3488 2064 3538 25
2105 3479 2290 3553 πάσης

361 3561 454 3597 οπ.
494 3543 588 3615 ὡρ.
627 3543 722 3602 ὑπ.
760 3549 981 3618 πλῆθος
1015 3551 1166 3620 vulg
