2569 4061
338 2016 371 2066 3

336 2548 372 2595 4

334 3276 377 3341 5

404 235 537 301 272
1069 231 1377 289 DIODORJ
1413 230 1649 288 SICULI

406 397 617 486 μηδὲν
652 397 1125 481 παραλίπωμεν
1162 406 1299 461 τῶν
1334 392 2018 482 ἀρχαιολογουμένων.
2085 394 2348 479 συμβέ-

404 509 564 590 βηκε
590 506 824 568 τοίνυν
850 505 1010 580 τοὺς
1036 498 1159 586 μὲν
1184 502 1438 579 τύπους
1464 502 1788 589 ὑπάρχειν
1815 501 2037 567 αὐτῶν
2056 501 2350 585 ὁμοίους

407 606 595 698 ζῴοις
638 609 1089 686 παντοδαποῖς
1132 605 1243 674 καὶ
1290 607 1728 693 ἀκρωτηρίοις
1772 607 2186 694 ἀνθρώπων,
2233 611 2347 675 ἔτι

406 713 467 780 δ’
521 715 865 803 ὀργάνοις,
922 713 1035 781 καὶ
1092 715 1375 800 μάλιστα
1431 725 1859 792 τεκτονικοῖς·
1928 714 2010 779 ού
2068 716 2196 801 γὰρ
2260 714 2348 782 ἐκ

404 831 521 907 τῆς
577 834 715 889 τῶν
770 825 1123 907 συλλαβῶν
1168 820 1553 899 συνθέσεως
1606 820 1648 905 ἡ
1694 821 2110 909 γραμματικὴ
2165 820 2336 908 παρ’
2376 839 2406 881 ⁵

406 930 635 1008 αὐτοῖς
695 931 815 995 τὸν
879 928 1321 1013 ὑποκείμενον
1385 931 1591 1013 λόγον
1655 927 2101 1012 ἀποδίδωσιν,
2178 926 2332 993 ἀλλ’

406 1035 474 1115 ἐξ
529 1035 876 1122 ἐμφάσεως
928 1045 1064 1100 τῶν
1117 1033 1729 1121 μεταγραφομένων
1786 1033 1898 1100 καὶ
1952 1043 2343 1121 μεταφορᾶς

407 1145 631 1228 μνήμῃ
693 1140 1222 1226 συνηθλημένης.
1332 1142 1669 1229 γράφουσι
1725 1142 1856 1226 γὰρ
1923 1137 2152 1227 ἱέρακα
2218 1139 2340 1207 καὶ

403 1249 867 1333 κροκόδειλον,
920 1250 1017 1313 ἔτι
1063 1245 1124 1313 δ’
1171 1250 1334 1334 ὄφιν
1387 1246 1499 1314 καὶ
1542 1258 1678 1314 τῶν
1731 1247 1805 1314 ἐκ
1847 1256 1971 1314 τοῦ
2026 1249 2340 1333 σώματος

403 1364 539 1418 τῶν
585 1353 967 1440 ἀνθρώπων
1015 1354 1377 1439 ὀφθαλμὸν
1421 1353 1535 1419 καὶ
1577 1364 1765 1440 χεῖρα
1809 1351 1922 1419 καὶ
1966 1357 2337 1441 πρόσωπον
2370 1374 2425 1414 1⁰

403 1458 515 1525 καὶ
551 1458 741 1547 ἕτερα
776 1470 1066 1527 τοιαῦτα.
1141 1461 1177 1527 6
1215 1457 1339 1546 μὲν
1376 1455 1502 1527 οὖν
1541 1460 1719 1549 ἱέραξ
1757 1461 1985 1538 αὐτοῖς
2022 1454 2338 1546 σημαίνει

403 1567 620 1633 πάντα
672 1569 753 1633 τὰ
806 1565 1008 1646 ὀξέως
1060 1570 1411 1655 γινόμενα,
1475 1569 1587 1633 διὰ
1639 1569 1715 1633 τὸ
1771 1569 1845 1634 τὸ
1904 1572 2073 1657 ζῷον
2129 1579 2332 1635 τοῦτο

291 1747 297 1752 ‚
402 1685 539 1740 τῶν
574 1684 845 1760 πτηνῶν
881 1675 1124 1759 σχεδὸν
1159 1674 1483 1762 ὑπάρχειν
1510 1673 1855 1753 ὀξύτατον.
1893 1673 2340 1762 μεταφέρεταί

403 1805 474 1846 τε
529 1781 565 1847 6
612 1784 810 1866 λόγος
861 1792 1007 1858 ταῖς
1052 1784 1327 1858 οἰκείαις
1380 1791 1787 1867 μεταφοραῖς
1841 1783 1937 1859 εἰς
1988 1783 2202 1847 πάντα
2248 1784 2334 1847 τὰ

406 1887 559 1968 ὀξέα
602 1887 714 1954 καὶ
757 1889 839 1953 τὰ
881 1888 1146 1964 τούτοις
1191 1888 1402 1953 οἰκεῖα
1452 1891 1926 1975 παραπλησίως
1967 1898 2106 1964 τοῖς
2148 1887 2331 1972 εἰρη-
2364 1908 2419 1949 15

409 1994 651 2082 μένοις.
743 1995 781 2063 6
843 1990 917 2061 δὲ
974 1995 1400 2082 κροκόδειλος
1458 1998 1858 2081 σημαντικός
1916 1994 2056 2062 ἐστι
2114 1993 2334 2080 πάσης

407 2106 668 2189 κακίας,
725 2103 763 2170 6
809 2100 883 2168 δὲ
938 2102 1295 2189 ὀφθαλμὸς
1350 2104 1541 2187 δίκης
1592 2103 1876 2187 τηρητὴς
1920 2100 2033 2168 καὶ
2084 2105 2333 2180 παντὸς

404 2219 528 2276 τοῦ
587 2210 889 2296 σώματος
952 2208 1187 2295 φύλαξ.
1296 2220 1433 2275 τῶν
1492 2204 1553 2274 δ’
1608 2208 2038 2295 ἀκρωτηρίων
2101 2209 2144 2297 ἡ
2207 2205 2329 2294 μὲν

406 2318 449 2383 δ
452 2315 588 2396 εξιὰ
623 2320 780 2395 τοὺς
826 2317 1195 2395 δακτύλους
1231 2314 1698 2402 ἐκτεταμένους
1744 2314 1986 2400 ἔχουσα
2024 2319 2327 2401 σημαίνει

405 2427 562 2508 βίου
612 2426 972 2510 πορισμόν,
1017 2422 1059 2507 ἡ
1108 2420 1169 2487 δ’
1224 2423 1569 2508 εὐώνυμος
1622 2420 2004 2508 συνηγμένη
2048 2425 2328 2509 τήρησιν
2355 2443 2407 2482 20

407 2527 519 2594 καὶ
564 2530 873 2613 φυλακὴν
916 2529 1288 2615 χρημάτων.
1380 2528 1416 2595 6
1465 2526 1526 2594 δ’
1580 2529 1778 2607 αὐτὸς
1823 2532 2022 2613 λόγος
2064 2528 2176 2596 καὶ
2221 2528 2325 2596 ἐπὶ

404 2645 541 2700 τῶν
595 2636 818 2700 ἄλλων
875 2635 1104 2700 τύπων
1156 2646 1293 2700 τῶν
1347 2634 1419 2700 ἐκ
1469 2645 1592 2702 τοῦ
1658 2636 1958 2721 σώματος
2019 2634 2131 2703 καὶ
2192 2647 2326 2702 τῶν

406 2740 782 2826 ὀργανικῶν
833 2738 945 2806 καὶ
1007 2751 1141 2806 τῶν
1205 2742 1427 2807 ἄλλων
1482 2741 1820 2808 ἁπάντων·
1875 2753 2019 2820 ταῖς
2071 2744 2199 2830 γὰρ
2254 2741 2323 2808 ἐν

405 2846 707 2926 ἑκάστοις
750 2847 1058 2924 ἐνούσαις
1103 2847 1432 2933 ἐμφάσεσι
1474 2854 2173 2933 συνακολουθοῦντες,
2217 2847 2322 2914 καὶ

404 2953 640 3043 μελέτῃ
719 2958 1141 3045 πολυχρονίῳ
1214 2954 1326 3021 καὶ
1407 2957 1630 3042 μνήμῃ
1701 2956 2144 3041 γυμνάζοντες
2213 2956 2322 3033 τὰς
2348 2972 2397 3014 25

403 3064 650 3150 ψυχάς,
699 3061 965 3140 ἑκτικῶς
1010 3061 1247 3129 ἕκαστα
1293 3073 1430 3128 τῶν
1482 3059 1955 3150 γεγραμμένων
2001 3062 2421 3147 ἀναγινώ-ΠΊ

405 3187 661 3238 σκουσι.

590 3280 740 3342 Τῶν
777 3272 850 3341 δὲ
886 3274 1041 3362 παρ’
1077 3277 1369 3355 Αἰθίοψι
1405 3278 1709 3361 νομίμων
1745 3276 1869 3342 οὐκ
1913 3274 2107 3359 ὀλίγα
2144 3276 2323 3342 δοκεῖ

551 3441 577 3485 1
618 3453 698 3486 πα
737 3433 867 3487 αλεί
839 3450 1056 3517 ιπωμεν
1093 3432 1244 3520 vulg.
1358 3438 1390 3487 9
1428 3433 1539 3487 τῶν
1575 3431 1846 3501 Hertlein‚
1885 3430 1986 3489 τὸν
2021 3432 2156 3489 libri
2255 3439 2311 3488 12

404 3496 474 3550 τὰ
515 3515 623 3555 om.
665 3503 712 3556 0
874 3497 1165 3574 τὸτὸ]τό
1203 3502 1354 3573 vulg.
1459 3509 1524 3557 19
1564 3501 1769 3573 ἔχουσα
1809 3503 1906 3561 ἐκτ
1876 3502 2216 3575 τεταμένους
2250 3505 2312 3560 D.
