2569 4061
347 259 482 327 346
1014 256 1327 313 DIODORI
1364 256 1598 313 SICULI

347 426 581 500 σκίους
636 421 940 498 αὐλῶνας
995 426 1445 506 παρακεῖσθαι
1489 403 1775 505 πλησίον
1830 422 1988 506 μήτε
2041 422 2276 503 λόφων

348 530 671 614 ὑπάρχειν
718 527 1172 614 ἀναστήματα·
1219 538 1537 612 ποταμῶν
1581 551 1652 592 τε
1689 526 1993 612 μεγάλων
2040 528 2279 592 σπανί-

354 640 485 714 ζειν
520 638 678 714 τοὺς
721 638 985 719 τόπους,
1031 632 1140 700 καὶ
1177 635 1480 699 καθόλου
1525 633 1648 716 τὴν
1686 633 2012 716 σύνεγγυς
2049 635 2277 719 χώραν

352 742 616 808 ἅπασαν
646 743 947 829 ἄκαρπον
975 736 1189 807 οὖσαν
1217 741 1546 825 μηδεμίαν
1585 742 1759 826 ἔχειν
1792 739 2274 823 ἀναθυμίασιν·

351 847 418 927 ἐξ
486 844 583 917 ὧν
641 850 953 916 ἁπάντων
1020 845 1335 914 εἰωθέναι
1396 849 1778 930 γεννᾶσθαί
1832 868 2016 923 τινας
2072 846 2278 932 ἀρχὰς
2306 865 2335 907 5

279 972 315 1022 3
351 956 464 1023 καὶ
500 957 848 1032 συστάσεις
883 956 1297 1039 πνευμάτων.
1373 956 1604 1039 διόπερ
1643 960 2056 1037 συμπνιγοῦς
2092 973 2274 1038 περι-

350 1065 640 1141 στάσεως
693 1063 816 1145 τὴν
879 1060 1122 1146 χέρσον
1176 1061 1567 1145 ἐπεχούσης,
1633 1061 1794 1146 ὅπερ
1852 1060 2111 1144 ὁρῶμεν
2166 1058 2275 1126 ἐπὶ

347 1181 483 1236 τῶν
537 1180 763 1253 νεφῶν
809 1167 1021 1234 ἐνίοτε
1076 1172 1452 1252 συμβαῖνον
1507 1168 1580 1234 έν
1626 1177 1769 1243 ταῖς
1822 1169 2075 1244 νοτίαις
2117 1166 2273 1250 ἡμέ-

356 1300 530 1361 ραις,
585 1272 1024 1359 τυπουμένων
1082 1275 1281 1340 ἰδεῶν
1325 1275 1801 1356 παντοδαπῶν,
1852 1282 2051 1338 τοῦτο
2095 1276 2273 1356 γίνε-

348 1388 512 1446 σθαι
557 1381 668 1447 καὶ
712 1381 864 1468 περὶ
907 1383 1032 1465 τὴν
1070 1382 1357 1466 Λιβύην,
1405 1385 1747 1465 πολλαχῶς
1793 1377 2273 1464 μορφουμένου
2304 1399 2361 1439 10

352 1497 474 1554 τοῦ
522 1491 1011 1573 συμπίπτοντος
1057 1487 1275 1574 ἀέρος·
1325 1487 1407 1553 ὃν
1450 1498 1593 1565 ταῖς
1629 1482 1751 1572 μὲν
1797 1485 2114 1552 ἀσθενέσι
2158 1485 2272 1552 καὶ

346 1599 665 1683 βληχραῖς
711 1598 946 1681 αὔραις
992 1595 1297 1681 ὀχεῖσθαι
1352 1596 1908 1680 μετεωριζόμενον
1952 1592 2064 1659 καὶ
2107 1597 2272 1658 παλ-

350 1707 517 1787 μοὺς
552 1712 878 1769 ποιοῦντα
921 1701 1033 1769 καὶ
1070 1703 1530 1789 συγκρούοντα
1573 1703 1985 1787 συστήμασιν
2023 1700 2271 1785 ἑτέροις

349 1809 633 1894 ὁμοίοις,
690 1813 1006 1895 νηνεμίας
1062 1807 1124 1874 δ’
1178 1809 1757 1893 ἐπιλαμβανούσης
1817 1811 2268 1873 καθίστασθαι

348 1917 513 2000 πρὸς
567 1916 691 1998 τὴν
753 1925 909 2000 γῆν,
975 1917 1190 1999 βαρὺν
1256 1916 1419 1979 ὄντα
1479 1912 1592 1979 καὶ
1652 1910 2118 1997 τετυπωμένον,
2172 1912 2263 1990 ὡς
2295 1928 2356 1969 15

346 2023 606 2107 ἔτυχεν·
652 2024 873 2089 ἔπειτα
910 2022 1197 2106 μηδενὸς
1242 2021 1436 2099 ὄντος
1471 2028 1593 2087 τοῦ
1632 2019 2027 2106 συγχέοντος
2062 2037 2270 2104 προσ-

346 2131 648 2209 πελάζειν
683 2140 825 2207 τοῖς
870 2129 1252 2214 αὐτομάτως
1289 2129 1846 2217 περιτυγχάνουσι
1892 2139 2027 2193 τῶν
2066 2124 2267 2216 ζῴων.

272 2249 310 2298 4
348 2239 463 2314 τὰς
508 2231 571 2303 δ’
607 2234 712 2320 ἐφ’
750 2235 1020 2321 ἑκάτερα
1064 2238 1359 2319 κινήσεις
1404 2235 1625 2300 αὐτῶν
1668 2249 1834 2319 φασι
1877 2236 2270 2319 προαίρεσιν

346 2340 467 2428 μὲν
523 2344 851 2428 μηδεμίαν
906 2342 1284 2427 ἐμφαίνειν·
1342 2341 1414 2406 ἐν
1461 2340 1693 2430 ἀψύχῳ
1748 2342 1874 2425 γὰρ
1931 2340 2269 2406 ἀδύνατον

341 2450 662 2537 ὑπάρχειν
709 2451 935 2533 φυγὴν
979 2447 1289 2514 ἑκούσιον
1334 2446 1375 2531 ἢ
1425 2447 1678 2527 δίωξιν·
1723 2449 1805 2511 τά
1849 2445 2077 2531 μέντοι
2125 2450 2255 2536 ζῷα
2299 2467 2357 2508 20

343 2558 726 2638 λεληθότως
771 2561 949 2619 αἴτια
992 2563 1107 2637 τῆς
1161 2555 1515 2638 μεταρσίας
1559 2556 1879 2638 κινήσεως
1928 2557 2267 2636 γίνεσθαι·

345 2663 763 2746 προσιόντων
817 2656 940 2743 μὲν
986 2662 1112 2743 γὰρ
1169 2659 1393 2725 αὐτῶν
1446 2662 1564 2725 τὸν
1618 2661 2058 2745 ὑποκείμενον
2106 2659 2269 2744 ἀέρα

345 2768 506 2852 μετὰ
568 2769 716 2850 βίας
780 2763 1235 2850 ἀναστέλλειν,
1294 2765 1404 2832 καὶ
1470 2769 1583 2831 διὰ
1644 2761 1840 2833 τοῦθ’
1895 2768 2268 2854 ὑποχωρεῖν

342 2876 418 2940 τὸ
489 2876 891 2958 συνεστηκὸς
963 2875 1244 2940 εἴδωλον
1307 2872 1419 2939 καὶ
1489 2884 1708 2939 ποιεῖν
1781 2875 1905 2957 τὴν
1978 2877 2267 2959 ἔμφασιν

344 2981 872 3067 ὑποφεύγοντος·
918 2991 1059 3058 τοῖς
1105 2978 1164 3045 δ’
1203 2980 1624 3065 ἀναχωροῦσι
1667 2982 1832 3045 ’κατὰ
1868 2980 2268 3046 τούναντίον
2297 2998 2354 3040 25

348 3088 862 3172 ἐπακολουθεῖν,
928 3086 1500 3173 ἀντεστραμμένης
1552 3095 1667 3170 τῆς
1731 3088 1971 3171 αἰτίας,
2033 3087 2123 3162 ὡς
2182 3084 2268 3151 ἂν

270 3202 306 3252 5
343 3203 464 3259 τοῦ
509 3203 709 3260 κενοῦ
753 3192 863 3258 καὶ
899 3203 1014 3277 τῆς
1060 3193 1437 3278 ἀραιώσεως
1483 3191 1956 3277 ἐπισπωμένης.
2033 3194 2264 3278 διόπερ

343 3296 628 3364 ἐοικέναι
666 3300 976 3364 διώκοντι
1004 3301 1162 3375 τοὺς
1197 3299 1737 3384 ὑποχωροῦντας·
1784 3298 2098 3365 ἕλκεσθαι
2135 3300 2264 3383 γάρ

482 3457 544 3504 11
587 3458 710 3514 ταῖς
748 3451 874 3523 μὲν]
916 3449 978 3507 ἐν
1015 3452 1122 3523 μὲν
1159 3461 1282 3516 ταῖς
1321 3454 1368 3507 D
1515 3457 1581 3506 15
1633 3452 1959 3524 βαρύνοντα
1995 3455 2044 3508 D
2195 3462 2262 3510 16

338 3514 664 3581 διαχέοντος
700 3521 751 3574 ῙΙ
894 3529 959 3576 21
1001 3521 1299 3593 κινήσεως]
1340 3523 1435 3577 καὶ
1472 3519 1746 3591 κινήσεως
1782 3526 1936 3593 vulg.
