2569 4061
990 383 995 388 ,
1103 340 1156 394 11
1192 346 1279 395 40.
1310 346 1398 396 41.
2078 341 2206 406 237

285 505 446 590 μετά
490 503 742 569 τέκνων
787 501 896 569 καὶ
942 513 1282 586 γυναικῶν
1330 503 1403 567 οἱ
1441 508 1753 588 γεωργοί,
1800 501 1911 570 καὶ
1956 511 2073 587 τῆς
2118 504 2213 579 εἰς

283 612 408 694 τὴν
442 613 640 676 πόλιν
676 611 1101 692 καταβάσεως
1135 612 1474 684 παντελῶς
1502 607 1923 693 ἀφεστήκασι.
1983 618 2100 694 τῆς
2138 605 2211 673 δὲ

283 718 503 803 χώρας
556 719 847 801 μισθοὺς
901 721 1166 781 τελοῦσι
1220 723 1313 803 τῷ
1379 719 1641 798 βασιλεῖ
1692 716 1803 779 διὰ
1857 719 1930 780 τὸ
1992 726 2212 782 πᾶσαν

281 825 407 907 τὴν
446 819 734 906 Ἰνδικὴν
780 824 1132 906 βασιλικὴν
1178 818 1374 905 εἶναι,
1424 822 1653 906 ἰδιώτῃ
1692 817 1768 884 δὲ
1814 820 2050 904 μηδενὶ
2086 832 2212 905 γῆν

228 950 255 990 5
285 929 528 1009 ἐξεῖναι
572 936 960 1014 κεκτῆσθαι·
1014 928 1215 1015 χωρὶς
1260 924 1335 993 δὲ
1381 937 1497 1012 τῆς
1551 927 1945 1012 μισθώσεως
1989 929 2213 1012 τετάρ-

284 1060 408 1120 την
453 1038 548 1114 εἰς
590 1038 666 1101 τὸ
703 1037 1055 1120 βασιλικὸν
1097 1039 1384 1099 τελοῦσι.
1450 1038 1677 1121 τρίτον
1714 1031 1777 1097 δ’
1816 1031 1956 1098 ἐστὶ
1993 1037 2212 1115 φῦλον
2252 1057 2287 1106 6

283 1144 358 1208 τὸ
396 1153 531 1208 τῶν
567 1144 916 1228 βουκόλων
951 1139 1061 1208 καὶ
1097 1139 1435 1225 ποιμένων
1467 1140 1578 1207 καὶ
1614 1144 1916 1207 καθόλου
1943 1140 2213 1204 πάντων

283 1260 419 1315 τῶν
473 1248 768 1334 νομέων,
824 1252 897 1315 οἳ
944 1251 1144 1314 πόλιν
1197 1243 1321 1332 μὲν
1375 1247 1415 1331 ἢ
1462 1249 1691 1333 κώμην
1747 1248 1872 1314 οὐκ
1928 1249 2212 1328 οἰκοῦσι,

286 1357 562 1440 σκηνίτῃ
607 1352 681 1419 δὲ
727 1358 851 1443 βίῳ
888 1365 1200 1441 χρῶνται,
1247 1354 1320 1418 οἱ
1361 1348 1422 1417 δ’
1457 1355 1648 1421 αὐτοὶ
1684 1354 1796 1421 καὶ
1840 1362 2213 1439 κυνηγοῦν-

204 1483 258 1521 10
285 1483 390 1537 τες
462 1460 772 1545 καθαρὰν
836 1468 1107 1524 ποιοῦσι
1174 1458 1300 1542 τὴν
1362 1461 1586 1546 χώραν
1651 1461 1905 1546 ὀρνέων
1967 1485 2038 1526 τε
2101 1457 2212 1526 καὶ

284 1570 570 1652 θηρίων.
635 1567 729 1641 εἰς
763 1574 971 1631 ταῦτα
1018 1560 1078 1629 δ’
1114 1564 1475 1641 ἀσκοῦντες
1518 1564 1628 1631 καὶ
1666 1571 2213 1651 φιλοτεχνοῦντες

288 1672 681 1756 ἐξημεροῦσι
744 1673 868 1755 τὴν
915 1670 1232 1754 Ἰνδικήν,
1310 1674 1712 1754 πλήθουσαν
1774 1678 2040 1737 πολλῶν
2104 1671 2215 1737 καὶ

287 1777 736 1842 παντοδαπῶν
779 1780 1045 1861 θηρίων
1079 1801 1150 1843 τε
1194 1776 1307 1843 καὶ
1346 1777 1601 1863 ὀρνέων
1645 1787 1780 1842 τῶν
1825 1779 2214 1842 κατεσθιόν-

177 1908 288 1961 154
308 1904 443 1948 των
487 1882 569 1946 τά
615 1881 952 1969 σπέρματα
996 1894 1131 1949 τῶν
1176 1894 1511 1970 γεωργῶν.
1602 1882 1916 1969 τέταρτον
1963 1880 2024 1946 δ’
2079 1882 2217 1947 ἐστὶ
2235 1884 2320 1948 41

208 2012 262 2054 15
290 1987 490 2076 μέρος
541 1991 616 2056 τὸ
671 2001 806 2056 τῶν
859 2000 1201 2076 τεχνιτῶν·
1250 1990 1362 2057 καὶ
1414 1991 1674 2057 τούτων
1732 1992 1805 2057 οἱ
1853 1988 1976 2076 μέν
2048 1990 2219 2054 εἰσιν

292 2097 670 2180 ὁπλοποιοί,
726 2099 798 2164 οἱ
840 2094 915 2162 δὲ
967 2109 1107 2174 τοῖς
1161 2108 1483 2184 γεωργοῖς
1537 2100 1580 2182 ἤ
1636 2115 1813 2163 τισιν
1868 2099 2094 2174 ἄλλοις
2138 2097 2220 2160 τά

290 2205 579 2290 χρήσιμα
616 2206 781 2290 πρὸς
817 2205 1189 2290 ὑπηρεσίαν
1224 2206 1843 2283 κατασκευάζουσιν.
1925 2198 2113 2268 οὗτοι
2152 2200 2213 2266 δ’

293 2311 375 2376 οὐ
412 2313 624 2396 μόνον
662 2310 912 2388 ἀτελεῖς
950 2314 1140 2394 εἰσιν,
1184 2311 1352 2376 ἀλλὰ
1386 2309 1498 2376 καὶ
1535 2312 1956 2396 σιτομετρίαν
1992 2308 2065 2375 ἐκ
2099 2318 2220 2374 τοῦ

292 2421 644 2502 βασιλικοῦ
671 2419 1105 2503 λαμβάνουσι.
1170 2416 1469 2502 πέμπτον
1510 2415 1583 2483 δὲ
1620 2420 1684 2482 τὸ
1724 2419 2217 2503 στρατιωτικόν,
2257 2437 2290 2485 2

214 2544 268 2584 20
296 2526 391 2600 εἰς
415 2528 573 2602 τοὺς
601 2523 931 2610 πολέμους
958 2525 1309 2608 εὐθετοῦν,
1339 2533 1429 2613 τῷ
1458 2520 1581 2609 μὲν
1608 2527 1854 2607 πλήθει
1883 2525 2219 2610 δεύτερον,

299 2628 519 2694 ἀνέσει
566 2626 641 2695 δὲ
684 2628 797 2696 καὶ
841 2632 1076 2718 παιδιᾷ
1122 2632 1396 2716 πλείστῃ
1434 2630 1780 2717 χρώμενον
1825 2629 1899 2695 ἐν
1942 2639 2086 2707 ταῖς
2131 2631 2222 2694 εί-

298 2737 548 2821 ρήναις.
594 2736 907 2823 τρέφεται
945 2736 1006 2802 δ’
1043 2736 1116 2802 ἐκ
1140 2745 1264 2802 τοῦ
1293 2742 1643 2820 βασιλικοῦ
1679 2746 1814 2802 πᾶν
1848 2738 1923 2802 τὸ
1961 2741 2222 2821 πλῆθος

297 2852 432 2907 τῶν
479 2856 898 2930 στρατιωτῶν
940 2843 1053 2909 καὶ
1099 2854 1233 2909 τῶν
1277 2849 1694 2927 πολεμιστῶν
1739 2845 1960 2908 ἵππων
1996 2868 2067 2909 τε
2110 2841 2223 2908 καὶ

298 2946 699 3033 ἐλεφάντων.
774 2949 967 3016 ἕκτον
1013 2945 1077 3014 δ’
1111 2947 1247 3016 ἐστὶ
1284 2952 1360 3016 τὸ
1405 2960 1542 3015 τῶν
1579 2949 1871 3037 ἐφόρων·
1919 2945 2108 3016 οὗτοι
2148 2944 2221 3013 δὲ
2260 2968 2293 3017 3

217 3074 269 3116 25
298 3056 1013 3141 πολυπραγμονοῦντες
1064 3057 1280 3120 πάντα
1334 3054 1444 3120 καὶ
1499 3055 1874 3142 ἐφορῶντες
1925 3057 2006 3119 τά
2059 3054 2223 3119 κατὰ

297 3163 423 3245 τὴν
454 3160 746 3246 Ἰνδικὴν
784 3162 1274 3247 ἀπαγγέλλουσι
1311 3174 1451 3240 τοῖς
1488 3168 1897 3247 βασιλεῦσιν,
1929 3160 2047 3224 ἐάν
2085 3157 2146 3223 δ’
2180 3158 2222 3241 ἡ

300 3271 489 3346 πόλις
526 3268 749 3334 αὐτῶν
786 3269 1219 3354 ἀβασίλευτος
1256 3261 1318 3355 ᾖ,
1357 3281 1496 3347 τοϊς
1532 3272 1869 3356 ἄρχουσιν.
1934 3265 2225 3348 ἕβδομον
2261 3282 2297 3331 4

444 3469 476 3516 9
514 3461 880 3531 κυνιγοῦντες
907 3462 1006 3518 καὶ
1043 3462 1389 3532 ζωγροῦντες
1416 3461 1513 3516 καὶ
1553 3456 1998 3536 φιλοσοφοῦντες
2026 3450 2225 3524 ἐξημε-

302 3533 466 3622 ροῦσι
502 3535 629 3600 (oet.
669 3536 800 3602 om.)
840 3534 881 3588 O
975 3541 1043 3590 10
1080 3553 1140 3588 τε
1180 3550 1288 3589 om.
1326 3533 1481 3600 vulg.
1579 3537 1642 3585 11
1684 3524 2131 3597 φιλοπονοῦντες
2169 3522 2231 3577 F

301 3607 370 3658 19
407 3600 471 3658 τὸ
511 3603 638 3660 add.
675 3603 934 3661 Hertlein
1077 3611 1148 3660 20
1184 3604 1488 3672 πολεμίους
1522 3601 1590 3657 D.
