<?xml version="1.0" encoding="UTF-8"?>
<!DOCTYPE html PUBLIC "-//W3C//DTD XHTML 1.0 Transitional//EN"
    "http://www.w3.org/TR/xhtml1/DTD/xhtml1-transitional.dtd">
<html xmlns="http://www.w3.org/1999/xhtml" xml:lang="en" lang="en">
 <head>
  <title>
</title>
<meta http-equiv="Content-Type" content="text/html;charset=utf-8" />
  <meta name='ocr-system' content='tesseract 3.04.00' />
  <meta name='ocr-capabilities' content='ocr_page ocr_carea ocr_par ocr_line ocrx_word'/>
</head>
<body>
  <div class='ocr_page' id='page_1' title='image "./diodoribiblioth02dindgoog/diodoribiblioth02dindgoog_0605.png"; bbox 0 0 2569 4061; ppageno 0'>
   <div class='ocr_carea' id='block_1_1' title="bbox 2041 141 2078 158">
    <p class='ocr_par' dir='ltr' id='par_1_1' title="bbox 2041 141 2078 158">
     <span class='ocr_line' id='line_1_1' title="bbox 2041 141 2078 158; baseline 0 -2"><span class='ocrx_word' id='word_1_1' title='bbox 2041 141 2078 158; x_wconf 57' lang='grc' dir='ltr'><strong><em>μ’·</em></strong></span> 
     </span>
    </p>
   </div>
   <div class='ocr_carea' id='block_1_2' title="bbox 1017 296 2149 364">
    <p class='ocr_par' dir='ltr' id='par_1_2' title="bbox 1017 296 2149 364">
     <span class='ocr_line' id='line_1_2' title="bbox 1017 296 2149 364; baseline 0.012 -14"><span class='ocrx_word' id='word_1_2' title='bbox 1017 296 1097 350; x_wconf 85' lang='lat' dir='ltr'><strong><em>IV</em></strong></span> <span class='ocrx_word' id='word_1_3' title='bbox 1137 303 1220 352; x_wconf 84' lang='lat'><strong><em>66.</em></strong></span> <span class='ocrx_word' id='word_1_4' title='bbox 1262 303 1347 352; x_wconf 81' lang='lat'><strong><em>67.</em></strong></span> <span class='ocrx_word' id='word_1_5' title='bbox 2013 299 2149 364; x_wconf 78' lang='lat'><strong><em>505</em></strong></span> 
     </span>
    </p>
   </div>
   <div class='ocr_carea' id='block_1_3' title="bbox 106 458 2293 3098">
    <p class='ocr_par' dir='ltr' id='par_1_3' title="bbox 106 458 2293 3098">
     <span class='ocr_line' id='line_1_3' title="bbox 223 458 2153 544; baseline -0.001 -17"><span class='ocrx_word' id='word_1_6' title='bbox 223 458 305 527; x_wconf 75' lang='grc' dir='ltr'><strong><em>δὲ</em></strong></span> <span class='ocrx_word' id='word_1_7' title='bbox 364 458 669 543; x_wconf 78' lang='grc' dir='ltr'><strong><em>Ἱππότης</em></strong></span> <span class='ocrx_word' id='word_1_8' title='bbox 730 462 1088 544; x_wconf 90' lang='grc' dir='ltr'><strong><em>γενόμενος</em></strong></span> <span class='ocrx_word' id='word_1_9' title='bbox 1151 458 1223 525; x_wconf 82' lang='grc' dir='ltr'><strong><em>ἐκ</em></strong></span> <span class='ocrx_word' id='word_1_10' title='bbox 1288 462 1729 543; x_wconf 77' lang='grc' dir='ltr'><strong><em>Μελανίππης</em></strong></span> <span class='ocrx_word' id='word_1_11' title='bbox 1794 459 2153 527; x_wconf 82' lang='grc' dir='ltr'><strong><em>ἐτέκνωσεν</em></strong></span> 
     </span>
     <span class='ocr_line' id='line_1_4' title="bbox 220 560 2152 652; baseline 0.002 -20"><span class='ocrx_word' id='word_1_12' title='bbox 220 569 511 633; x_wconf 88' lang='grc' dir='ltr'><strong><em>Αἰόλον·</em></strong></span> <span class='ocrx_word' id='word_1_13' title='bbox 548 567 793 632; x_wconf 90' lang='grc' dir='ltr'><strong><em>τούτου</em></strong></span> <span class='ocrx_word' id='word_1_14' title='bbox 831 560 892 631; x_wconf 84' lang='grc' dir='ltr'><strong><em>δ’</em></strong></span> <span class='ocrx_word' id='word_1_15' title='bbox 908 565 1118 652; x_wconf 74' lang='grc' dir='ltr'><strong><em>’Ἀρνη</em></strong></span> <span class='ocrx_word' id='word_1_16' title='bbox 1153 561 1479 649; x_wconf 78' lang='grc' dir='ltr'><strong><em>γενομένη</em></strong></span> <span class='ocrx_word' id='word_1_17' title='bbox 1517 567 1824 650; x_wconf 77' lang='grc' dir='ltr'><strong><em>θυγάτηρ</em></strong></span> <span class='ocrx_word' id='word_1_18' title='bbox 1852 570 2152 635; x_wconf 89' lang='grc' dir='ltr'><strong><em>Βοιωτὸν</em></strong></span> 
     </span>
     <span class='ocr_line' id='line_1_5' title="bbox 224 670 2223 756; baseline 0.001 -16"><span class='ocrx_word' id='word_1_19' title='bbox 224 673 303 740; x_wconf 81' lang='grc' dir='ltr'><strong><em>ἐκ</em></strong></span> <span class='ocrx_word' id='word_1_20' title='bbox 361 675 789 750; x_wconf 84' lang='grc' dir='ltr'><strong><em>Ποσειδῶνος</em></strong></span> <span class='ocrx_word' id='word_1_21' title='bbox 853 671 1226 756; x_wconf 78' lang='grc' dir='ltr'><strong><em>ἐγέννησεν.</em></strong></span> <span class='ocrx_word' id='word_1_22' title='bbox 1318 674 1569 749; x_wconf 88' lang='grc' dir='ltr'><strong><em>Αἰόλος</em></strong></span> <span class='ocrx_word' id='word_1_23' title='bbox 1629 670 1690 736; x_wconf 86' lang='grc' dir='ltr'><strong><em>δ’</em></strong></span> <span class='ocrx_word' id='word_1_24' title='bbox 1744 673 2037 740; x_wconf 78' lang='grc' dir='ltr'><strong><em>ἀπιστῶν</em></strong></span> <span class='ocrx_word' id='word_1_25' title='bbox 2092 677 2156 741; x_wconf 86' lang='grc' dir='ltr'><strong><em>εἰ</em></strong></span> <span class='ocrx_word' id='word_1_26' title='bbox 2187 701 2223 751; x_wconf 85' lang='lat'>4</span> 
     </span>
     <span class='ocr_line' id='line_1_6' title="bbox 226 777 2154 868; baseline 0.001 -23"><span class='ocrx_word' id='word_1_27' title='bbox 226 782 615 846; x_wconf 80' lang='grc' dir='ltr'><strong><em>Ποσειδῶνι</em></strong></span> <span class='ocrx_word' id='word_1_28' title='bbox 670 780 860 865; x_wconf 84' lang='grc' dir='ltr'><strong><em>ἐμίγη</em></strong></span> <span class='ocrx_word' id='word_1_29' title='bbox 916 777 1027 845; x_wconf 88' lang='grc' dir='ltr'><strong><em>καὶ</em></strong></span> <span class='ocrx_word' id='word_1_30' title='bbox 1072 787 1151 864; x_wconf 78' lang='grc' dir='ltr'><strong><em>τῇ</em></strong></span> <span class='ocrx_word' id='word_1_31' title='bbox 1208 784 1444 865; x_wconf 81' lang='grc' dir='ltr'><strong><em>φθορᾷ</em></strong></span> <span class='ocrx_word' id='word_1_32' title='bbox 1491 782 1944 864; x_wconf 84' lang='grc' dir='ltr'><strong><em>μεμφόμενος,</em></strong></span> <span class='ocrx_word' id='word_1_33' title='bbox 1990 802 2154 868; x_wconf 83' lang='grc' dir='ltr'><strong><em>παρ-</em></strong></span> 
     </span>
     <span class='ocr_line' id='line_1_7' title="bbox 106 884 2154 974; baseline -0.002 -17"><span class='ocrx_word' id='word_1_34' title='bbox 106 907 226 957; x_wconf 81' lang='grc'><strong><em>312</em></strong></span> <span class='ocrx_word' id='word_1_35' title='bbox 253 885 462 954; x_wconf 86' lang='grc' dir='ltr'><strong><em>έδωκε</em></strong></span> <span class='ocrx_word' id='word_1_36' title='bbox 518 888 643 970; x_wconf 85' lang='grc' dir='ltr'><strong><em>τὴν</em></strong></span> <span class='ocrx_word' id='word_1_37' title='bbox 683 885 937 970; x_wconf 78' lang='grc' dir='ltr'><strong><em>’Ἀρνην</em></strong></span> <span class='ocrx_word' id='word_1_38' title='bbox 979 888 1426 974; x_wconf 75' lang='grc' dir='ltr'><strong><em>Μεταποντίῳ</em></strong></span> <span class='ocrx_word' id='word_1_39' title='bbox 1494 884 1656 974; x_wconf 82' lang='grc' dir='ltr'><strong><em>ξένῳ</em></strong></span> <span class='ocrx_word' id='word_1_40' title='bbox 1720 888 1885 951; x_wconf 80' lang='grc' dir='ltr'><strong><em>κατὰ</em></strong></span> <span class='ocrx_word' id='word_1_41' title='bbox 1947 888 2154 972; x_wconf 86' lang='grc' dir='ltr'><strong><em>τύχην</em></strong></span> 
     </span>
     <span class='ocr_line' id='line_1_8' title="bbox 168 992 2154 1080; baseline -0.001 -21"><span class='ocrx_word' id='word_1_42' title='bbox 168 1011 195 1051; x_wconf 81' lang='grc'><strong>6</strong></span> <span class='ocrx_word' id='word_1_43' title='bbox 225 995 833 1080; x_wconf 80' lang='grc' dir='ltr'><strong><em>παρεπιδημοῦντι,</em></strong></span> <span class='ocrx_word' id='word_1_44' title='bbox 889 992 1261 1076; x_wconf 82' lang='grc' dir='ltr'><strong><em>προστάξας</em></strong></span> <span class='ocrx_word' id='word_1_45' title='bbox 1317 992 1594 1074; x_wconf 87' lang='grc' dir='ltr'><strong><em>ἀπάγειν</em></strong></span> <span class='ocrx_word' id='word_1_46' title='bbox 1655 995 1750 1069; x_wconf 88' lang='grc' dir='ltr'><strong><em>εἰς</em></strong></span> <span class='ocrx_word' id='word_1_47' title='bbox 1802 995 2154 1058; x_wconf 89' lang='grc' dir='ltr'><strong><em>Μεταπόν-</em></strong></span> 
     </span>
     <span class='ocr_line' id='line_1_9' title="bbox 226 1094 2153 1185; baseline -0.001 -20"><span class='ocrx_word' id='word_1_48' title='bbox 226 1122 396 1165; x_wconf 91' lang='grc' dir='ltr'><strong><em>τιον.</em></strong></span> <span class='ocrx_word' id='word_1_49' title='bbox 462 1100 708 1165; x_wconf 89' lang='grc' dir='ltr'><strong><em>τούτου</em></strong></span> <span class='ocrx_word' id='word_1_50' title='bbox 755 1094 829 1163; x_wconf 76' lang='grc' dir='ltr'><strong><em>δὲ</em></strong></span> <span class='ocrx_word' id='word_1_51' title='bbox 872 1097 1243 1182; x_wconf 78' lang='grc' dir='ltr'><strong><em>πράξαντος</em></strong></span> <span class='ocrx_word' id='word_1_52' title='bbox 1277 1099 1354 1163; x_wconf 88' lang='grc' dir='ltr'><strong><em>τὸ</em></strong></span> <span class='ocrx_word' id='word_1_53' title='bbox 1399 1099 1847 1185; x_wconf 88' lang='grc' dir='ltr'><strong><em>προσταχθέν,</em></strong></span> <span class='ocrx_word' id='word_1_54' title='bbox 1892 1097 2153 1185; x_wconf 76' lang='grc' dir='ltr'><strong><em>ἡἌρνη</em></strong></span> 
     </span>
     <span class='ocr_line' id='line_1_10' title="bbox 227 1203 2156 1294; baseline -0.001 -23"><span class='ocrx_word' id='word_1_55' title='bbox 227 1204 608 1292; x_wconf 81' lang='grc' dir='ltr'><strong><em>τρεφομένη</em></strong></span> <span class='ocrx_word' id='word_1_56' title='bbox 673 1204 745 1270; x_wconf 83' lang='grc' dir='ltr'><strong><em>ἐν</em></strong></span> <span class='ocrx_word' id='word_1_57' title='bbox 808 1208 1251 1294; x_wconf 73' lang='grc' dir='ltr'><strong><em>Μεταποντίῳ</em></strong></span> <span class='ocrx_word' id='word_1_58' title='bbox 1317 1204 1673 1289; x_wconf 80' lang='grc' dir='ltr'><strong><em>ἐγέννησεν</em></strong></span> <span class='ocrx_word' id='word_1_59' title='bbox 1727 1207 1982 1272; x_wconf 89' lang='grc' dir='ltr'><strong><em>Αἰόλον</em></strong></span> <span class='ocrx_word' id='word_1_60' title='bbox 2046 1203 2156 1270; x_wconf 89' lang='grc' dir='ltr'><strong><em>καὶ</em></strong></span> 
     </span>
     <span class='ocr_line' id='line_1_11' title="bbox 229 1311 2156 1396; baseline 0.001 -19"><span class='ocrx_word' id='word_1_61' title='bbox 229 1315 557 1394; x_wconf 90' lang='grc' dir='ltr'><strong><em>Βοιωτόν,</em></strong></span> <span class='ocrx_word' id='word_1_62' title='bbox 606 1311 724 1388; x_wconf 82' lang='grc' dir='ltr'><strong><em>οὓς</em></strong></span> <span class='ocrx_word' id='word_1_63' title='bbox 771 1312 808 1377; x_wconf 84' lang='grc' dir='ltr'>ὁ</span> <span class='ocrx_word' id='word_1_64' title='bbox 852 1315 1338 1396; x_wconf 82' lang='grc' dir='ltr'><strong><em>Μεταπόντιος,</em></strong></span> <span class='ocrx_word' id='word_1_65' title='bbox 1391 1315 1589 1390; x_wconf 78' lang='grc' dir='ltr'><strong><em>ἅπαις</em></strong></span> <span class='ocrx_word' id='word_1_66' title='bbox 1633 1314 1749 1396; x_wconf 76' lang='grc' dir='ltr'><strong><em>ὤν,</em></strong></span> <span class='ocrx_word' id='word_1_67' title='bbox 1795 1315 1963 1378; x_wconf 88' lang='grc' dir='ltr'><strong><em>κατά</em></strong></span> <span class='ocrx_word' id='word_1_68' title='bbox 2007 1336 2156 1378; x_wconf 90' lang='grc' dir='ltr'><strong><em>τινα</em></strong></span> 
     </span>
     <span class='ocr_line' id='line_1_12' title="bbox 144 1413 2293 1506; baseline 0 -23"><span class='ocrx_word' id='word_1_69' title='bbox 144 1436 201 1476; x_wconf 86' lang='lat'><strong><em>10</em></strong></span> <span class='ocrx_word' id='word_1_70' title='bbox 229 1419 534 1503; x_wconf 89' lang='grc' dir='ltr'><strong><em>χρησμὸν</em></strong></span> <span class='ocrx_word' id='word_1_71' title='bbox 586 1419 1039 1502; x_wconf 76' lang='grc' dir='ltr'><strong><em>υἱοποιήσατο.</em></strong></span> <span class='ocrx_word' id='word_1_72' title='bbox 1132 1413 1319 1483; x_wconf 84' lang='grc' dir='ltr'><strong><em>οὗτοι</em></strong></span> <span class='ocrx_word' id='word_1_73' title='bbox 1367 1417 1427 1484; x_wconf 87' lang='grc' dir='ltr'><strong><em>δ’</em></strong></span> <span class='ocrx_word' id='word_1_74' title='bbox 1473 1419 1959 1506; x_wconf 82' lang='grc' dir='ltr'><strong><em>ἀνδρωθέντες,</em></strong></span> <span class='ocrx_word' id='word_1_75' title='bbox 2005 1419 2155 1485; x_wconf 88' lang='grc' dir='ltr'><strong><em>στά-</em></strong></span> <span class='ocrx_word' id='word_1_76' title='bbox 2192 1442 2224 1492; x_wconf 80' lang='lat'>5</span> <span class='ocrx_word' id='word_1_77' title='bbox 2279 1444 2293 1453; x_wconf 88' lang='lat'><strong>·</strong></span> 
     </span>
     <span class='ocr_line' id='line_1_13' title="bbox 233 1523 2156 1614; baseline 0.002 -25"><span class='ocrx_word' id='word_1_78' title='bbox 233 1539 404 1601; x_wconf 88' lang='grc' dir='ltr'><strong><em>σεως</em></strong></span> <span class='ocrx_word' id='word_1_79' title='bbox 457 1523 819 1610; x_wconf 79' lang='grc' dir='ltr'><strong><em>γενομένης</em></strong></span> <span class='ocrx_word' id='word_1_80' title='bbox 873 1524 948 1591; x_wconf 80' lang='grc' dir='ltr'><strong><em>ἐν</em></strong></span> <span class='ocrx_word' id='word_1_81' title='bbox 1000 1531 1092 1612; x_wconf 74' lang='grc' dir='ltr'><strong><em>τῷ</em></strong></span> <span class='ocrx_word' id='word_1_82' title='bbox 1139 1528 1583 1614; x_wconf 86' lang='grc' dir='ltr'><strong><em>Μεταποντίῳ</em></strong></span> <span class='ocrx_word' id='word_1_83' title='bbox 1598 1573 1617 1608; x_wconf 91' lang='grc'><strong><em>,</em></strong></span> <span class='ocrx_word' id='word_1_84' title='bbox 1669 1528 1785 1613; x_wconf 77' lang='grc' dir='ltr'><strong><em>βία</em></strong></span> <span class='ocrx_word' id='word_1_85' title='bbox 1838 1526 2156 1611; x_wconf 81' lang='grc' dir='ltr'><strong><em>κατέσχον</em></strong></span> 
     </span>
     <span class='ocr_line' id='line_1_14' title="bbox 232 1627 2159 1717; baseline 0.002 -23"><span class='ocrx_word' id='word_1_86' title='bbox 232 1630 359 1712; x_wconf 84' lang='grc' dir='ltr'><strong><em>τὴν</em></strong></span> <span class='ocrx_word' id='word_1_87' title='bbox 400 1633 762 1712; x_wconf 89' lang='grc' dir='ltr'><strong><em>βασιλείαν.</em></strong></span> <span class='ocrx_word' id='word_1_88' title='bbox 827 1628 1112 1715; x_wconf 78' lang='grc' dir='ltr'><strong><em>ὕστερον</em></strong></span> <span class='ocrx_word' id='word_1_89' title='bbox 1160 1627 1234 1696; x_wconf 74' lang='grc' dir='ltr'><strong><em>δὲ</em></strong></span> <span class='ocrx_word' id='word_1_90' title='bbox 1277 1629 1661 1717; x_wconf 80' lang='grc' dir='ltr'><strong><em>τῆς”Αρνης</em></strong></span> <span class='ocrx_word' id='word_1_91' title='bbox 1707 1634 2159 1716; x_wconf 82' lang='grc' dir='ltr'><strong><em>διενεχθείσης</em></strong></span> 
     </span>
     <span class='ocr_line' id='line_1_15' title="bbox 234 1736 2157 1821; baseline 0.001 -21"><span class='ocrx_word' id='word_1_92' title='bbox 234 1738 403 1821; x_wconf 88' lang='grc' dir='ltr'><strong><em>πρὸς</em></strong></span> <span class='ocrx_word' id='word_1_93' title='bbox 465 1736 861 1820; x_wconf 82' lang='grc' dir='ltr'><strong><em>Αὐτολύτην</em></strong></span> <span class='ocrx_word' id='word_1_94' title='bbox 923 1738 1048 1820; x_wconf 79' lang='grc' dir='ltr'><strong><em>τὴν</em></strong></span> <span class='ocrx_word' id='word_1_95' title='bbox 1120 1747 1405 1819; x_wconf 77' lang='grc' dir='ltr'><strong><em>γυναῖκα</em></strong></span> <span class='ocrx_word' id='word_1_96' title='bbox 1477 1746 1600 1802; x_wconf 91' lang='grc' dir='ltr'><strong><em>τοῦ</em></strong></span> <span class='ocrx_word' id='word_1_97' title='bbox 1660 1740 2157 1819; x_wconf 88' lang='grc' dir='ltr'><strong><em>Μεταποντίου,</em></strong></span> 
     </span>
     <span class='ocr_line' id='line_1_16' title="bbox 233 1840 2160 1929; baseline -0.001 -21"><span class='ocrx_word' id='word_1_98' title='bbox 233 1846 652 1927; x_wconf 87' lang='grc' dir='ltr'><strong><em>βοηθοῦντες</em></strong></span> <span class='ocrx_word' id='word_1_99' title='bbox 675 1852 757 1928; x_wconf 77' lang='grc' dir='ltr'><strong><em>τῇ</em></strong></span> <span class='ocrx_word' id='word_1_100' title='bbox 785 1840 984 1929; x_wconf 87' lang='grc' dir='ltr'><strong><em>μητρὶ</em></strong></span> <span class='ocrx_word' id='word_1_101' title='bbox 1008 1844 1133 1926; x_wconf 85' lang='grc' dir='ltr'><strong><em>τὴν</em></strong></span> <span class='ocrx_word' id='word_1_102' title='bbox 1159 1844 1557 1926; x_wconf 84' lang='grc' dir='ltr'><strong><em>Αὐτολύτην</em></strong></span> <span class='ocrx_word' id='word_1_103' title='bbox 1584 1843 1871 1909; x_wconf 83' lang='grc' dir='ltr'><strong><em>ἀνεῖλον.</em></strong></span> <span class='ocrx_word' id='word_1_104' title='bbox 1925 1846 2160 1920; x_wconf 82' lang='grc' dir='ltr'><strong><em>δεινῶς</em></strong></span> 
     </span>
     <span class='ocr_line' id='line_1_17' title="bbox 153 1946 2159 2036; baseline 0.003 -28"><span class='ocrx_word' id='word_1_105' title='bbox 153 1969 205 2009; x_wconf 86' lang='lat'><strong><em>15</em></strong></span> <span class='ocrx_word' id='word_1_106' title='bbox 236 1946 311 2014; x_wconf 73' lang='grc' dir='ltr'><strong><em>δὲ</em></strong></span> <span class='ocrx_word' id='word_1_107' title='bbox 349 1948 675 2036; x_wconf 86' lang='grc' dir='ltr'><strong><em>φέροντος</em></strong></span> <span class='ocrx_word' id='word_1_108' title='bbox 711 1958 833 2014; x_wconf 92' lang='grc' dir='ltr'><strong><em>τοῦ</em></strong></span> <span class='ocrx_word' id='word_1_109' title='bbox 864 1952 1342 2016; x_wconf 86' lang='grc' dir='ltr'><strong><em>Μεταποντίου</em></strong></span> <span class='ocrx_word' id='word_1_110' title='bbox 1376 1952 1450 2016; x_wconf 89' lang='grc' dir='ltr'><strong><em>τὸ</em></strong></span> <span class='ocrx_word' id='word_1_111' title='bbox 1491 1951 1923 2035; x_wconf 87' lang='grc' dir='ltr'><strong><em>συμβεβηκός,</em></strong></span> <span class='ocrx_word' id='word_1_112' title='bbox 1961 1955 2159 2015; x_wconf 75' lang='grc' dir='ltr'><strong><em>πλοῖα</em></strong></span> 
     </span>
     <span class='ocr_line' id='line_1_18' title="bbox 237 2055 2157 2144; baseline 0.002 -25"><span class='ocrx_word' id='word_1_113' title='bbox 237 2057 899 2141; x_wconf 78' lang='grc' dir='ltr'><strong><em>παρασκευασάμενοι</em></strong></span> <span class='ocrx_word' id='word_1_114' title='bbox 953 2055 1064 2123; x_wconf 87' lang='grc' dir='ltr'><strong><em>καὶ</em></strong></span> <span class='ocrx_word' id='word_1_115' title='bbox 1106 2058 1232 2141; x_wconf 84' lang='grc' dir='ltr'><strong><em>τὴν</em></strong></span> <span class='ocrx_word' id='word_1_116' title='bbox 1259 2056 1515 2144; x_wconf 73' lang='grc' dir='ltr'><strong><em>’Ἀρνην</em></strong></span> <span class='ocrx_word' id='word_1_117' title='bbox 1570 2057 2017 2141; x_wconf 78' lang='grc' dir='ltr'><strong><em>ἀναλαβόντες</em></strong></span> <span class='ocrx_word' id='word_1_118' title='bbox 2063 2057 2157 2137; x_wconf 80' lang='grc' dir='ltr'><strong><em>ἐξ·</em></strong></span> 
     </span>
     <span class='ocr_line' id='line_1_19' title="bbox 240 2158 2227 2249; baseline 0.003 -22"><span class='ocrx_word' id='word_1_119' title='bbox 240 2159 566 2228; x_wconf 80' lang='grc' dir='ltr'><strong><em>έπλευσαν</em></strong></span> <span class='ocrx_word' id='word_1_120' title='bbox 612 2166 773 2248; x_wconf 77' lang='grc' dir='ltr'><strong><em>μετὰ</em></strong></span> <span class='ocrx_word' id='word_1_121' title='bbox 808 2168 1077 2229; x_wconf 78' lang='grc' dir='ltr'><strong><em>πολλῶν</em></strong></span> <span class='ocrx_word' id='word_1_122' title='bbox 1122 2167 1357 2249; x_wconf 86' lang='grc' dir='ltr'><strong><em>φίλων.</em></strong></span> <span class='ocrx_word' id='word_1_123' title='bbox 1423 2166 1671 2241; x_wconf 88' lang='grc' dir='ltr'><strong><em>Αἰόλος</em></strong></span> <span class='ocrx_word' id='word_1_124' title='bbox 1715 2160 1838 2248; x_wconf 74' lang='grc' dir='ltr'><strong><em>μὲν</em></strong></span> <span class='ocrx_word' id='word_1_125' title='bbox 1874 2158 2000 2229; x_wconf 80' lang='grc' dir='ltr'><strong><em>οὖν</em></strong></span> <span class='ocrx_word' id='word_1_126' title='bbox 2044 2166 2159 2241; x_wconf 78' lang='grc' dir='ltr'><strong><em>τὰς</em></strong></span> <span class='ocrx_word' id='word_1_127' title='bbox 2196 2188 2227 2235; x_wconf 91' lang='grc'><strong>6</strong></span> 
     </span>
     <span class='ocr_line' id='line_1_20' title="bbox 242 2267 2159 2356; baseline 0.002 -24"><span class='ocrx_word' id='word_1_128' title='bbox 242 2268 315 2333; x_wconf 82' lang='grc' dir='ltr'><strong><em>ἐν</em></strong></span> <span class='ocrx_word' id='word_1_129' title='bbox 371 2276 462 2355; x_wconf 74' lang='grc' dir='ltr'><strong><em>τῷ</em></strong></span> <span class='ocrx_word' id='word_1_130' title='bbox 531 2272 921 2356; x_wconf 75' lang='grc' dir='ltr'><strong><em>Τυρρηνικῷ</em></strong></span> <span class='ocrx_word' id='word_1_131' title='bbox 986 2270 1256 2354; x_wconf 86' lang='grc' dir='ltr'><strong><em>πελάγει</em></strong></span> <span class='ocrx_word' id='word_1_132' title='bbox 1318 2267 1732 2354; x_wconf 84' lang='grc' dir='ltr'><strong><em>καλουμένας</em></strong></span> <span class='ocrx_word' id='word_1_133' title='bbox 1795 2268 1905 2334; x_wconf 87' lang='grc' dir='ltr'><strong><em>ἀπ’</em></strong></span> <span class='ocrx_word' id='word_1_134' title='bbox 1951 2271 2159 2336; x_wconf 84' lang='grc' dir='ltr'><strong><em>αὐτοῦ</em></strong></span> 
     </span>
     <span class='ocr_line' id='line_1_21' title="bbox 241 2373 2161 2462; baseline 0.003 -25"><span class='ocrx_word' id='word_1_135' title='bbox 241 2376 493 2457; x_wconf 78' lang='grc' dir='ltr'><strong><em>νήσους</em></strong></span> <span class='ocrx_word' id='word_1_136' title='bbox 526 2376 851 2452; x_wconf 80' lang='grc' dir='ltr'><strong><em>Αἰολίδας</em></strong></span> <span class='ocrx_word' id='word_1_137' title='bbox 884 2375 1179 2462; x_wconf 85' lang='grc' dir='ltr'><strong><em>κατέσχε,</em></strong></span> <span class='ocrx_word' id='word_1_138' title='bbox 1224 2373 1338 2441; x_wconf 87' lang='grc' dir='ltr'><strong><em>καὶ</em></strong></span> <span class='ocrx_word' id='word_1_139' title='bbox 1372 2379 1571 2442; x_wconf 89' lang='grc' dir='ltr'><strong><em>πόλιν</em></strong></span> <span class='ocrx_word' id='word_1_140' title='bbox 1608 2379 1819 2441; x_wconf 83' lang='grc' dir='ltr'><strong><em>ἔκτισε</em></strong></span> <span class='ocrx_word' id='word_1_141' title='bbox 1855 2377 1979 2459; x_wconf 81' lang='grc' dir='ltr'><strong><em>τὴν</em></strong></span> <span class='ocrx_word' id='word_1_142' title='bbox 2016 2377 2161 2442; x_wconf 90' lang='grc' dir='ltr'><strong><em>ὀνο-</em></strong></span> 
     </span>
     <span class='ocr_line' id='line_1_22' title="bbox 164 2477 2161 2568; baseline 0.003 -26"><span class='ocrx_word' id='word_1_143' title='bbox 164 2499 216 2540; x_wconf 79' lang='lat'><strong><em>20</em></strong></span> <span class='ocrx_word' id='word_1_144' title='bbox 243 2478 616 2564; x_wconf 82' lang='grc' dir='ltr'><strong><em>μαζομένην</em></strong></span> <span class='ocrx_word' id='word_1_145' title='bbox 645 2477 781 2563; x_wconf 85' lang='grc' dir='ltr'><strong><em>[ἀπ’</em></strong></span> <span class='ocrx_word' id='word_1_146' title='bbox 817 2482 1051 2564; x_wconf 86' lang='grc' dir='ltr'><strong><em>αὐτοῦ]</em></strong></span> <span class='ocrx_word' id='word_1_147' title='bbox 1082 2483 1419 2568; x_wconf 84' lang='grc' dir='ltr'><strong><em>Λιπάραν·</em></strong></span> <span class='ocrx_word' id='word_1_148' title='bbox 1449 2484 1743 2560; x_wconf 91' lang='grc' dir='ltr'><strong><em>Βοιωτὸς</em></strong></span> <span class='ocrx_word' id='word_1_149' title='bbox 1772 2478 1846 2547; x_wconf 70' lang='grc' dir='ltr'><strong><em>δὲ</em></strong></span> <span class='ocrx_word' id='word_1_150' title='bbox 1872 2482 2161 2559; x_wconf 89' lang='grc' dir='ltr'><strong><em>πλεύσας</em></strong></span> 
     </span>
     <span class='ocr_line' id='line_1_23' title="bbox 240 2586 2162 2674; baseline 0.003 -25"><span class='ocrx_word' id='word_1_151' title='bbox 240 2587 407 2671; x_wconf 82' lang='grc' dir='ltr'><strong><em>πρὸς</em></strong></span> <span class='ocrx_word' id='word_1_152' title='bbox 441 2588 697 2652; x_wconf 84' lang='grc' dir='ltr'><strong><em>Αἰόλον</em></strong></span> <span class='ocrx_word' id='word_1_153' title='bbox 742 2589 861 2651; x_wconf 92' lang='grc' dir='ltr'><strong><em>τὸν</em></strong></span> <span class='ocrx_word' id='word_1_154' title='bbox 906 2598 1022 2673; x_wconf 78' lang='grc' dir='ltr'><strong><em>τῆς</em></strong></span> <span class='ocrx_word' id='word_1_155' title='bbox 1041 2586 1291 2674; x_wconf 74' lang='grc' dir='ltr'><strong><em>’Ἄρνης</em></strong></span> <span class='ocrx_word' id='word_1_156' title='bbox 1334 2588 1603 2674; x_wconf 88' lang='grc' dir='ltr'><strong><em>πατέρα,</em></strong></span> <span class='ocrx_word' id='word_1_157' title='bbox 1648 2586 1760 2654; x_wconf 89' lang='grc' dir='ltr'><strong><em>καὶ</em></strong></span> <span class='ocrx_word' id='word_1_158' title='bbox 1803 2587 2162 2666; x_wconf 81' lang='grc' dir='ltr'><strong><em>τεκνωθεὶς</em></strong></span> 
     </span>
     <span class='ocr_line' id='line_1_24' title="bbox 240 2690 2160 2781; baseline 0.003 -24"><span class='ocrx_word' id='word_1_159' title='bbox 240 2690 352 2758; x_wconf 82' lang='grc' dir='ltr'><strong><em>ὑπ’</em></strong></span> <span class='ocrx_word' id='word_1_160' title='bbox 398 2692 639 2777; x_wconf 82' lang='grc' dir='ltr'><strong><em>αὐτοῦ,</em></strong></span> <span class='ocrx_word' id='word_1_161' title='bbox 692 2692 1021 2778; x_wconf 87' lang='grc' dir='ltr'><strong><em>παρέλαβε</em></strong></span> <span class='ocrx_word' id='word_1_162' title='bbox 1075 2704 1193 2780; x_wconf 77' lang='grc' dir='ltr'><strong><em>τῆς</em></strong></span> <span class='ocrx_word' id='word_1_163' title='bbox 1239 2698 1559 2772; x_wconf 83' lang='grc' dir='ltr'><strong><em>Αἰολίδος</em></strong></span> <span class='ocrx_word' id='word_1_164' title='bbox 1613 2698 1736 2780; x_wconf 79' lang='grc' dir='ltr'><strong><em>τὴν</em></strong></span> <span class='ocrx_word' id='word_1_165' title='bbox 1789 2699 2160 2781; x_wconf 88' lang='grc' dir='ltr'><strong><em>βασιλείαν·</em></strong></span> 
     </span>
     <span class='ocr_line' id='line_1_25' title="bbox 241 2795 2161 2889; baseline 0.002 -24"><span class='ocrx_word' id='word_1_166' title='bbox 241 2798 350 2866; x_wconf 87' lang='grc' dir='ltr'><strong><em>καὶ</em></strong></span> <span class='ocrx_word' id='word_1_167' title='bbox 400 2800 525 2882; x_wconf 84' lang='grc' dir='ltr'><strong><em>τὴν</em></strong></span> <span class='ocrx_word' id='word_1_168' title='bbox 580 2795 703 2885; x_wconf 76' lang='grc' dir='ltr'><strong><em>μὲν</em></strong></span> <span class='ocrx_word' id='word_1_169' title='bbox 758 2801 984 2886; x_wconf 83' lang='grc' dir='ltr'><strong><em>χώραν</em></strong></span> <span class='ocrx_word' id='word_1_170' title='bbox 1038 2801 1166 2866; x_wconf 89' lang='grc' dir='ltr'><strong><em>ἀπὸ</em></strong></span> <span class='ocrx_word' id='word_1_171' title='bbox 1220 2810 1339 2885; x_wconf 82' lang='grc' dir='ltr'><strong><em>τῆς</em></strong></span> <span class='ocrx_word' id='word_1_172' title='bbox 1392 2805 1638 2889; x_wconf 90' lang='grc' dir='ltr'><strong><em>μητρὸς</em></strong></span> <span class='ocrx_word' id='word_1_173' title='bbox 1667 2802 1951 2889; x_wconf 72' lang='grc' dir='ltr'><strong><em>Ἄρνην,</em></strong></span> <span class='ocrx_word' id='word_1_174' title='bbox 2004 2806 2161 2879; x_wconf 87' lang='grc' dir='ltr'><strong><em>τοὺς</em></strong></span> 
     </span>
     <span class='ocr_line' id='line_1_26' title="bbox 243 2902 2229 2995; baseline 0.004 -24"><span class='ocrx_word' id='word_1_175' title='bbox 243 2902 315 2972; x_wconf 70' lang='grc' dir='ltr'><strong><em>δὲ</em></strong></span> <span class='ocrx_word' id='word_1_176' title='bbox 359 2909 563 2984; x_wconf 83' lang='grc' dir='ltr'><strong><em>λαοὺς</em></strong></span> <span class='ocrx_word' id='word_1_177' title='bbox 609 2903 724 2991; x_wconf 86' lang='grc' dir='ltr'><strong><em>ἀφ’</em></strong></span> <span class='ocrx_word' id='word_1_178' title='bbox 769 2906 1012 2973; x_wconf 76' lang='grc' dir='ltr'><strong><em>ἑαυτοῦ</em></strong></span> <span class='ocrx_word' id='word_1_179' title='bbox 1058 2911 1398 2984; x_wconf 87' lang='grc' dir='ltr'><strong><em>Βοιωτοὺς</em></strong></span> <span class='ocrx_word' id='word_1_180' title='bbox 1445 2908 1764 2995; x_wconf 85' lang='grc' dir='ltr'><strong><em>ὠνόμασε.</em></strong></span> <span class='ocrx_word' id='word_1_181' title='bbox 1857 2913 2160 2973; x_wconf 86' lang='grc' dir='ltr'><strong><em>Βοιωτοῦ</em></strong></span> <span class='ocrx_word' id='word_1_182' title='bbox 2200 2930 2229 2978; x_wconf 78' lang='grc'><strong>7</strong></span> 
     </span>
     <span class='ocr_line' id='line_1_27' title="bbox 169 3009 2160 3098; baseline 0.001 -24"><span class='ocrx_word' id='word_1_183' title='bbox 169 3029 219 3072; x_wconf 76' lang='lat'><strong><em>25</em></strong></span> <span class='ocrx_word' id='word_1_184' title='bbox 246 3009 317 3077; x_wconf 75' lang='grc' dir='ltr'><strong><em>δὲ</em></strong></span> <span class='ocrx_word' id='word_1_185' title='bbox 357 3011 631 3089; x_wconf 84' lang='grc' dir='ltr'><strong><em>Ἴτωνος</em></strong></span> <span class='ocrx_word' id='word_1_186' title='bbox 702 3016 1060 3098; x_wconf 82' lang='grc' dir='ltr'><strong><em>γενόμενος</em></strong></span> <span class='ocrx_word' id='word_1_187' title='bbox 1132 3012 1496 3081; x_wconf 79' lang='grc' dir='ltr'><strong><em>ἐτέκνωσεν</em></strong></span> <span class='ocrx_word' id='word_1_188' title='bbox 1566 3015 1759 3091; x_wconf 80' lang='grc' dir='ltr'><strong><em>υἱοὺς</em></strong></span> <span class='ocrx_word' id='word_1_189' title='bbox 1828 3012 2160 3098; x_wconf 84' lang='grc' dir='ltr'><strong><em>τέτταρας,</em></strong></span> 
     </span>
    </p>
   </div>
   <div class='ocr_carea' id='block_1_4' title="bbox 247 3201 2163 3632">
    <p class='ocr_par' dir='ltr' id='par_1_4' title="bbox 247 3201 2163 3632">
     <span class='ocr_line' id='line_1_28' title="bbox 420 3201 2162 3276; baseline -0.001 -17"><span class='ocrx_word' id='word_1_190' title='bbox 420 3212 450 3259; x_wconf 99' lang='grc'><strong>2</strong></span> <span class='ocrx_word' id='word_1_191' title='bbox 489 3201 753 3274; x_wconf 79' lang='grc' dir='ltr'><strong><em>θυγάτηρ</em></strong></span> <span class='ocrx_word' id='word_1_192' title='bbox 792 3204 1068 3276; x_wconf 82' lang='grc' dir='ltr'><strong><em>γενομένη</em></strong></span> <span class='ocrx_word' id='word_1_193' title='bbox 1106 3206 1260 3276; x_wconf 82' lang='lat' dir='ltr'><strong>vulg.</strong></span> <span class='ocrx_word' id='word_1_194' title='bbox 1409 3202 1660 3261; x_wconf 84' lang='grc' dir='ltr'><strong><em>Βοιωτὸν</em></strong></span> <span class='ocrx_word' id='word_1_195' title='bbox 1700 3201 1764 3260; x_wconf 80' lang='grc' dir='ltr'><strong><em>ἐκ</em></strong></span> <span class='ocrx_word' id='word_1_196' title='bbox 1802 3204 2162 3267; x_wconf 76' lang='grc' dir='ltr'><strong><em>Ποσειδῶνος</em></strong></span> 
     </span>
     <span class='ocr_line' id='line_1_29' title="bbox 247 3271 2162 3348; baseline -0.001 -17"><span class='ocrx_word' id='word_1_197' title='bbox 247 3271 571 3347; x_wconf 76' lang='grc' dir='ltr'><strong><em>ἐγέννησεν]</em></strong></span> <span class='ocrx_word' id='word_1_198' title='bbox 625 3277 946 3331; x_wconf 84' lang='grc' dir='ltr'><strong><em>Ποσειδῶνι</em></strong></span> <span class='ocrx_word' id='word_1_199' title='bbox 1007 3282 1233 3348; x_wconf 81' lang='grc' dir='ltr'><strong><em>μιγεῖσα</em></strong></span> <span class='ocrx_word' id='word_1_200' title='bbox 1296 3274 1497 3346; x_wconf 75' lang='grc' dir='ltr'><strong><em>ἔγκυος</em></strong></span> <span class='ocrx_word' id='word_1_201' title='bbox 1548 3272 1772 3345; x_wconf 76' lang='grc' dir='ltr'><strong><em>ἐγένετο</em></strong></span> <span class='ocrx_word' id='word_1_202' title='bbox 1827 3276 2047 3348; x_wconf 67' lang='grc' dir='ltr'><strong><em>(Αἴολος</em></strong></span> <span class='ocrx_word' id='word_1_203' title='bbox 2091 3304 2162 3316; x_wconf 90' lang='lat'><strong><em>—-</em></strong></span> 
     </span>
     <span class='ocr_line' id='line_1_30' title="bbox 248 3341 2163 3419; baseline -0.001 -18"><span class='ocrx_word' id='word_1_204' title='bbox 248 3343 406 3416; x_wconf 75' lang='grc' dir='ltr'><strong><em>ἐμίγη</em></strong></span> <span class='ocrx_word' id='word_1_205' title='bbox 446 3351 580 3418; x_wconf 89' lang='lat' dir='ltr'><strong>om.)</strong></span> <span class='ocrx_word' id='word_1_206' title='bbox 610 3350 658 3401; x_wconf 91' lang='lat' dir='ltr'>A</span> <span class='ocrx_word' id='word_1_207' title='bbox 734 3354 766 3403; x_wconf 86' lang='lat'><strong>3</strong></span> <span class='ocrx_word' id='word_1_208' title='bbox 805 3346 883 3419; x_wconf 87' lang='grc' dir='ltr'><strong><em>εἰ]</em></strong></span> <span class='ocrx_word' id='word_1_209' title='bbox 924 3346 981 3403; x_wconf 87' lang='grc' dir='ltr'><strong><em>εἰ</em></strong></span> <span class='ocrx_word' id='word_1_210' title='bbox 1013 3348 1089 3418; x_wconf 77' lang='grc' dir='ltr'><strong><em>τῷ</em></strong></span> <span class='ocrx_word' id='word_1_211' title='bbox 1120 3348 1274 3417; x_wconf 83' lang='lat' dir='ltr'>vulg.</span> <span class='ocrx_word' id='word_1_212' title='bbox 1354 3355 1385 3403; x_wconf 90' lang='grc'><strong>6</strong></span> <span class='ocrx_word' id='word_1_213' title='bbox 1423 3342 1745 3416; x_wconf 83' lang='grc' dir='ltr'><strong><em>ἀπαγαγεῖν</em></strong></span> <span class='ocrx_word' id='word_1_214' title='bbox 1774 3346 1826 3400; x_wconf 91' lang='lat'><strong><em>11</em></strong></span> <span class='ocrx_word' id='word_1_215' title='bbox 1900 3351 1968 3401; x_wconf 91' lang='lat'><strong><em>10</em></strong></span> <span class='ocrx_word' id='word_1_216' title='bbox 2003 3341 2163 3408; x_wconf 77' lang='grc' dir='ltr'><strong><em>υἱοὺς</em></strong></span> 
     </span>
     <span class='ocr_line' id='line_1_31' title="bbox 248 3412 2161 3493; baseline -0.001 -21"><span class='ocrx_word' id='word_1_217' title='bbox 248 3413 547 3487; x_wconf 74' lang='grc' dir='ltr'><strong><em>ἰποιήσατο</em></strong></span> <span class='ocrx_word' id='word_1_218' title='bbox 593 3417 643 3471; x_wconf 93' lang='lat' dir='ltr'>D</span> <span class='ocrx_word' id='word_1_219' title='bbox 827 3425 895 3473; x_wconf 80' lang='lat'><strong><em>14</em></strong></span> <span class='ocrx_word' id='word_1_220' title='bbox 943 3419 1296 3493; x_wconf 80' lang='grc' dir='ltr'><strong><em>βοηθοῦντες</em></strong></span> <span class='ocrx_word' id='word_1_221' title='bbox 1332 3449 1402 3460; x_wconf 91' lang='grc'>-</span> <span class='ocrx_word' id='word_1_222' title='bbox 1444 3424 1508 3472; x_wconf 84' lang='grc'><strong><em>15</em></strong></span> <span class='ocrx_word' id='word_1_223' title='bbox 1556 3412 1908 3490; x_wconf 85' lang='grc' dir='ltr'><strong><em>συμβεβηκός</em></strong></span> <span class='ocrx_word' id='word_1_224' title='bbox 1953 3433 2061 3472; x_wconf 88' lang='lat' dir='ltr'><strong><em>om.</em></strong></span> <span class='ocrx_word' id='word_1_225' title='bbox 2111 3417 2161 3470; x_wconf 94' lang='lat' dir='ltr'><strong>D</strong></span> 
     </span>
     <span class='ocr_line' id='line_1_32' title="bbox 250 3482 2158 3560; baseline 0.001 -19"><span class='ocrx_word' id='word_1_226' title='bbox 250 3494 311 3543; x_wconf 85' lang='lat'><strong><em>19</em></strong></span> <span class='ocrx_word' id='word_1_227' title='bbox 357 3488 624 3552; x_wconf 80' lang='grc' dir='ltr'><strong><em>Αἰολίδας</em></strong></span> <span class='ocrx_word' id='word_1_228' title='bbox 659 3486 868 3560; x_wconf 84' lang='grc' dir='ltr'><strong><em>νήσους</em></strong></span> <span class='ocrx_word' id='word_1_229' title='bbox 902 3489 1056 3560; x_wconf 83' lang='lat' dir='ltr'>vulg.</span> <span class='ocrx_word' id='word_1_230' title='bbox 1205 3495 1274 3544; x_wconf 91' lang='grc'><strong><em>20</em></strong></span> <span class='ocrx_word' id='word_1_231' title='bbox 1311 3485 1420 3544; x_wconf 83' lang='grc' dir='ltr'><strong><em>ἀπ’</em></strong></span> <span class='ocrx_word' id='word_1_232' title='bbox 1462 3483 1642 3543; x_wconf 74' lang='grc' dir='ltr'><strong><em>αὐτοῦ</em></strong></span> <span class='ocrx_word' id='word_1_233' title='bbox 1680 3489 1789 3544; x_wconf 83' lang='lat' dir='ltr'><strong>del.</strong></span> <span class='ocrx_word' id='word_1_234' title='bbox 1825 3487 2009 3555; x_wconf 63' lang='lat' dir='ltr'><strong>Eioh„</strong></span> <span class='ocrx_word' id='word_1_235' title='bbox 2056 3482 2158 3542; x_wconf 75' lang='grc' dir='ltr'><strong><em>ὑπ’</em></strong></span> 
     </span>
     <span class='ocr_line' id='line_1_33' title="bbox 247 3554 1867 3632; baseline 0.001 -18"><span class='ocrx_word' id='word_1_236' title='bbox 247 3554 420 3615; x_wconf 75' lang='grc' dir='ltr'><strong><em>αὐτοῦ</em></strong></span> <span class='ocrx_word' id='word_1_237' title='bbox 457 3559 639 3616; x_wconf 77' lang='lat' dir='ltr'><strong>Wess.</strong></span> <span class='ocrx_word' id='word_1_238' title='bbox 679 3562 770 3632; x_wconf 83' lang='lat' dir='ltr'>(cf.</span> <span class='ocrx_word' id='word_1_239' title='bbox 809 3562 860 3616; x_wconf 89' lang='lat' dir='ltr'><strong>V</strong></span> <span class='ocrx_word' id='word_1_240' title='bbox 900 3568 949 3630; x_wconf 78' lang='lat'><strong><em>7,</em></strong></span> <span class='ocrx_word' id='word_1_241' title='bbox 986 3565 1041 3630; x_wconf 80' lang='lat'><strong><em>5)</em></strong></span> <span class='ocrx_word' id='word_1_242' title='bbox 1187 3564 1256 3615; x_wconf 88' lang='grc'><strong><em>22</em></strong></span> <span class='ocrx_word' id='word_1_243' title='bbox 1296 3555 1397 3615; x_wconf 76' lang='grc' dir='ltr'><strong><em>ὑπ’</em></strong></span> <span class='ocrx_word' id='word_1_244' title='bbox 1439 3554 1616 3615; x_wconf 73' lang='grc' dir='ltr'><strong><em>αὐτοῦ</em></strong></span> <span class='ocrx_word' id='word_1_245' title='bbox 1654 3576 1762 3615; x_wconf 89' lang='lat' dir='ltr'><strong><em>om.</em></strong></span> <span class='ocrx_word' id='word_1_246' title='bbox 1798 3559 1867 3616; x_wconf 89' lang='lat'><strong><em>11.</em></strong></span> 
     </span>
    </p>
   </div>
  </div>
 </body>
</html>
