2569 4061
1034 381 1061 434 1
1098 388 1183 436 20.
1224 387 1310 436 21.
2063 379 2150 445 33

227 545 528 630 φύλακας
564 552 681 627 τῆς
717 545 1054 627 βασιλείας
1089 545 1419 626 βεβαίους.
1492 544 1616 626 τὴν
1654 539 1728 609 δὲ
1757 534 1922 609 Ἶσιν
1960 542 2151 608 ἀδελ·
2188 562 2222 613 3

228 654 367 736 φὴν
406 645 619 717 οὖσαν
648 648 976 736 Ὀσίριδος
1018 648 1129 715 καὶ
1165 659 1453 732 γυναῖκα
1489 653 1835 733 μετελθεῖν
1869 651 1989 715 τὸν
2027 652 2151 735 φό-

223 782 372 842 νον,
413 755 1036 841 συναγωνιζομένου
1071 764 1193 821 τοῦ
1228 757 1469 831 παιδὸς
1505 754 1708 839 αὐτῆς
1725 750 1961 841 Ὥρου·
2000 755 2151 822 ἀνε-

227 868 481 930 λοῦσαν
543 859 617 929 δὲ
680 865 801 929 τὸν
875 866 1167 947 Τυφῶνα
1238 860 1352 928 καὶ
1414 864 1573 938 τοὺς
1646 861 2152 947 συμπράξαντας

154 984 201 1036 ‘5
230 973 618 1054 βασιλεῦσαι
661 980 777 1054 τῆς
822 969 1189 1052 Αἰγύπτου.
1279 967 1603 1052 γενέσθαι
1651 964 1725 1033 δὲ
1770 969 1893 1052 τὴν
1937 969 2153 1053 μάχην
2188 994 2222 1041 4

227 1077 406 1165 παρὰ
458 1078 579 1143 τὸν
632 1076 932 1160 ποταμὸν
985 1079 1270 1160 πλησίον
1324 1085 1440 1159 τῆς
1493 1083 1622 1140 νῦν
1670 1071 1975 1141 Ἀνταίου
2028 1075 2153 1140 κώ-

226 1198 352 1267 μης
405 1181 850 1267 καλουμένης,
914 1181 1000 1266 ἣν
1054 1186 1323 1247 κεῖσθαι
1386 1178 1509 1267 μὲν
1534 1241 1539 1242 ff
1563 1181 1879 1264 λέγουσιν
1931 1181 2009 1248 ἐν
2061 1190 2153 1270 τῷ

209 1293 392 1356 ’κατὰ
435 1291 561 1373 τὴν
593 1283 906 1375 Ἀραβίαν
952 1286 1159 1374 μέρει,
1203 1290 1328 1373 τὴν
1366 1291 1825 1376 προσηγορίαν
1872 1287 1933 1354 δ’
1978 1292 2155 1375 ἔχειν

228 1396 356 1462 ἀπὸ
393 1404 515 1463 τοῦ
561 1394 1014 1473 κολασθέντος
1057 1391 1177 1479 ὑφ’
1213 1392 1619 1481 “Ηρακλέους
1656 1393 1984 1479 Ἀνταίου,
2030 1405 2153 1462 τοῦ

145 1530 200 1570 10
227 1505 392 1570 κατὰ
436 1505 561 1586 τὴν
601 1497 929 1588 Ὀσίριδος
974 1501 1239 1585 ἡλικίαν
1283 1499 1666 1586 γενομένου.
1748 1505 1871 1588 τὴν
1918 1497 1981 1569 δ’
2025 1497 2153 1568 οὖν
2191 1524 2224 1573 5

206 1601 383 1675 ᾳἾσιν
419 1610 636 1674 πάντα
672 1610 755 1672 τὰ
791 1606 955 1693 μέρη
991 1615 1115 1673 τοῦ
1152 1608 1455 1693 σώματος
1492 1609 1669 1692 πλὴν
1704 1620 1839 1674 τῶν
1875 1610 2152 1676 αἰδοίων

225 1716 572 1799 ἀνευρεῖν·
630 1711 1051 1797 βουλομένην
1097 1710 1171 1779 δὲ
1224 1715 1349 1798 τὴν
1392 1713 1677 1800 τάνδρὸς
1730 1716 1951 1799 ταφὴν
1997 1717 2154 1799 ἄδη-

229 1825 357 1886 λον
401 1827 674 1904 ποιῆσαι
719 1818 830 1887 καὶ
864 1818 1244 1905 τιμωμένην
1278 1822 1460 1907 παρὰ
1504 1830 1665 1886 πᾶσι
1700 1830 1840 1897 τοῖς
1874 1822 1998 1905 τὴν
2036 1826 2154 1885 Ac-

226 1948 488 2011 γυπτον
526 1934 930 2010 κατοικοῦσι,
970 1925 1362 1993 συντελέσαι
1396 1929 1472 1993 τὸ
1512 1927 1715 2008 δόξαν
1750 1925 1993 2015 τοιῷδέ
2024 1949 2155 1991 τινι

128 2052 199 2102 ’15
226 2037 469 2124 τρόπω.
564 2032 812 2125 ἑκάστῳ
874 2046 1011 2100 τῶν
1083 2046 1304 2121 μερῶν
1371 2036 1771 2123 περιπλάσαι
1843 2034 2157 2118 λέγουσιν

230 2141 441 2226 αὐτὴν
476 2142 690 2208 τύπον
728 2141 1221 2229 ἀνθρωποειδῆ,
1266 2146 1734 2229 παραπλήσιον
1762 2141 2042 2229 Ὀσίριδι
2077 2144 2153 2208 τὸ

229 2245 545 2331 μέγεθος,
606 2247 672 2328 ἐξ
729 2247 1096 2334 ἀρωμάτων
1139 2247 1251 2313 καὶ
1305 2258 1544 2333 κηροῦ·
1600 2245 2156 2331 εἰσκαλεσαμένην
2194 2271 2226 2319 6

233 2351 308 2419 δὲ
351 2357 516 2420 κατὰ
561 2352 721 2438 γένη
768 2365 904 2420 τῶν
951 2352 1185 2440 ἱερέων
1229 2352 1563 2440 ἐξορκίσαι
1614 2353 1866 2429 πάντας
1919 2351 2157 2436 μηδενὶ

233 2462 562 2544 δηλώσειν
597 2462 721 2545 τὴν
750 2462 1225 2546 δοθησομένην
1252 2460 1482 2538 αὐτοῖς
1506 2462 1753 2544 πίστιν,
1789 2453 1931 2526 κατ’
1974 2461 2156 2525 ἰδίαν

126 2581 193 2630 25
233 2564 293 2631 δ’
349 2565 645 2646 ἑκάστοις
689 2570 900 2635 εἰπεῖν
956 2569 1058 2634 ὅτι
1102 2570 1335 2653 μόνοις
1389 2566 1668 2646 ἐκείνοις
1721 2569 2155 2653 παρατίθεται

152 2713 203 2752 21
232 2675 356 2757 τὴν
400 2682 523 2741 τοῦ
570 2675 871 2759 σώματος
915 2678 1167 2759 ταφήν,
1212 2673 1326 2741 καὶ
1371 2685 1506 2740 τῶν
1551 2674 1947 2760 εὐεργεσιῶν
1992 2675 2154 2742 ὑπο-

231 2783 582 2864 μνήσασαν
626 2780 1077 2867 παρακαλέσαι
1111 2781 1463 2860 θάψαντας
1509 2781 1583 2847 ἐν
1624 2792 1762 2859 τοῖς
1809 2783 2005 2858 ἰδίοις
2045 2786 2156 2848 τό,

215 2907 382 2964 »ποις
435 2889 511 2953 τὸ
569 2899 757 2973 σῶμα
808 2897 1007 2972 τιμᾶν
1064 2889 1154 2966 ὡς
1206 2889 1375 2954 θεὸν
1429 2885 1548 2954 τὸν
1583 2885 1875 2971 Ὄσιριν,
1930 2893 2156 2953 καθιε-

233 3005 445 3079 ρῶσαι
493 2990 568 3060 δὲ
612 2993 723 3061 καὶ
767 2994 903 3061 τῶν
947 2993 1321 3080 γινομένων
1366 2991 1519 3080 παρ’
1575 2995 1801 3072 αὐτοῖς
1857 2995 2037 3085 ζῴων
2082 2995 2157 3060 ἓν

153 3142 203 3182 25
232 3100 470 3166 ὁποῖον
528 3099 613 3167 ἄν
677 3105 1098 3186 βουληθῶσι,
1162 3100 1274 3168 καὶ
1336 3099 1516 3168 τοῦτ’
1579 3101 1653 3168 έν
1707 3099 1829 3187 μὲν
1882 3111 1973 3192 τῷ
2041 3105 2156 3182 ζῆν

230 3217 450 3292 τιμᾶν,
496 3209 803 3294 καθάπερ
847 3207 958 3276 καὶ
1003 3211 1334 3296 πρότερον
1376 3210 1496 3274 τὸν
1533 3208 1826 3295 Ὄσιριν,
1877 3209 2037 3294 μετὰ
2084 3200 2158 3267 δὲ

230 3314 353 3397 τὴν
415 3314 731 3398 τελευτὴν
793 3324 908 3400 τῆς
979 3314 1210 3399 ὁμοίας
1274 3314 1504 3404 ἐκείνῳ
1578 3317 1844 3399 κηδείας
1908 3311 2156 3387 ἀξιοῦν.

231 3418 653 3504 βουλομένην
700 3416 774 3487 δὲ
827 3422 949 3504 τὴν
984 3411 1148 3486 Ἶσιν
1192 3418 1306 3486 καὶ
1357 3428 1449 3509 τῷ
1507 3424 1837 3485 λυσιτελεῖ
1885 3409 2159 3501 προτρέ-
2198 3433 2227 3480 7

230 3532 497 3606 ψασθαι
532 3530 691 3604 τοὺς
738 3528 935 3613 ἱερεῖς
981 3526 1088 3593 ἐπὶ
1132 3529 1248 3604 τὰς
1293 3524 1774 3612 προειρημένας
1818 3520 2036 3604 τιμάς,
2083 3516 2158 3578 τὸ

378 3655 410 3704 5
452 3648 773 3722 βασιλεύειν
810 3650 918 3708 CD.

338 3748 593 3791 onnonus
621 3750 661 3792 1.
777 3744 780 3747 ’
1810 3734 1841 3778 3
