2569 4061
1013 286 1090 341 IV
1129 294 1214 342 56.
1245 291 1333 341 57.
2021 283 2153 351 487

229 452 564 536 βάλλοντα
621 451 738 534 τὴν
784 450 984 535 ῥύσιν
1041 451 1216 533 ἔχειν
1269 448 1398 513 ἀπὸ
1453 459 1588 513 τῶν
1631 449 1856 514 αὐτῶν
1914 450 2155 515 τόπων.

218 555 561 642 Ῥωμαίων
622 558 749 642 γὰρ
816 537 1501 639 καταπολεμησάντων
1563 555 1637 619 τὸ
1701 566 1837 620 τῶν
1875 553 2155 640 Ἴστρων

232 667 456 747 ἔθνος,
504 662 752 750 εὑρέθη
790 663 906 740 τὰς
949 663 1164 747 πηγὰς
1206 664 1377 746 ἔχων
1424 660 1460 727 ὁ
1505 661 1797 744 ποταμὸς
1843 661 1970 726 ἀπὸ
2016 684 2154 728 τετ-

231 771 603 857 ταράκοντα
659 771 957 835 σταδίων-
1004 779 1117 852 τῆς
1170 768 1522 849 θαλάττης.
1614 766 1804 832 ἀλλὰ-
1835 768 1960 853 γὰρ
2015 779 2154 846 τοῖς

170 895 200 938 5
232 885 735 965 συγγραφεῦσιν
771 878 992 941 αἰτίαν
1028 883 1144 958 τῆς
1178 874 1433 957 πλάνης
1470 871 1638 959 φασὶ
1673 871 1994 955 γενέσθαι
2030 875 2153 958 τὴν

229 982 625 1069 ὁμωνυμίαν
668 995 805 1049 τῶν
850 992 1180 1066 ποταμῶν.

401 1088 602 1174 Ἡμῖν
633 1087 693 1155 δ’
723 1088 1107 1174 ἀρκούντως
1133 1085 1662 1174 ἐξειργασμένοις
1688 1088 1813 1172 τὴν
1839 1084 1991 1172 περὶ
2018 1096 2153 1151 τῶν

221 1190 688 1283 Ἀργοναυτῶν
735 1194 1039 1280 ἱστορίαν
1090 1191 1203 1260 καὶ
1249 1196 1331 1259 τὰ
1375 1191 1495 1279 ὑφ’
1540 1189 1946 1280 “Ηρακλέους
1990 1213 2154 1279 πρα-
2175 1191 2259 1256 57

227 1302 479 1387 χθέντα
535 1303 784 1367 οἰκεῖον
839 1299 923 1366 ἂν
978 1306 1079 1384 εἴη
1136 1302 1301 1366 κατὰ
1352 1300 1477 1384 τὴν
1532 1299 1902 1384 γενομένην
1958 1299 2155 1382 ἐπαγ-

144 1429 199 1470 ιο
230 1411 461 1491 γελίαν
525 1407 903 1493 ἀναγράψαι
976 1407 1093 1483 τὰς
1154 1417 1291 1472 τῶν
1352 1407 1523 1472 υἱῶν
1586 1406 1796 1472 αὐτοῦ
1867 1406 2152 1493 πράξεις.

227 1516 392 1599 μετὰ
445 1516 568 1598 την
603 1511 1010 1600 Ἡρακλέους
1061 1516 1297 1579 τοίνυν
1357 1510 1742 1579 ἀποθέωσιν
1798 1515 1869 1580 οί
1920 1515 2152 1591 παῖδες

228 1621 441 1686 αὐτοῦ
476 1620 822 1710 κατῴκουν
859 1619 934 1686 ἐν
970 1623 1246 1707 Τραχῖνι
1280 1620 1462 1705 παρὰ
1490 1622 1711 1702 Κήυκι
1745 1629 1837 1708 τῷ
1876 1623 2151 1702 βασιλεῖ.
2191 1641 2223 1689 2

228 1728 390 1812 μετὰ
437 1723 512 1792 δὲ
556 1735 763 1792 ταῦτα
788 1722 1031 1792 ’Ὺλλου
1075 1728 1194 1791 καί
1230 1749 1436 1791 τινων
1481 1724 1724 1812 ἑτέρων
1769 1723 2152 1810 ἀνδρωθέν-

126 1903 131 1906 ,
228 1856 394 1917 των,
459 1834 862 1920 Εὐρυσθεὺς
935 1830 1264 1918 φοβηθεὶς
1332 1833 1419 1916 μὴ
1493 1832 1764 1897 πάντων
1828 1830 2152 1915 ἐνηλίκων

150 1959 201 2000 15
227 1939 613 2025 γενομένων
651 1938 890 2026 ἐκπέσῃ
927 1948 1043 2024 τῆς
1078 1938 1152 2004 ἐν
1189 1942 1547 2023 Μυκήναις
1583 1942 1940 2022 βασιλείας,
1978 1940 2150 2022 ἔγνω

229 2050 386 2124 τοὺς
421 2045 859 2135 ἹέῙρακλείδας
895 2045 963 2127 ἐξ
1011 2047 1169 2129 ὅλης
1205 2055 1322 2130 τῆς
1347 2043 1666 2123 Ἑλλάδος
1711 2046 2148 2130 φυγαδεῦσαι.

234 2152 340 2216 διὸ
405 2155 623 2236 Κήυκι
689 2148 811 2238 μὲν
871 2161 962 2240 τῷ
1028 2156 1294 2235 βασιλεῖ
1349 2154 1806 2238 προηγόρευσε
1866 2151 2026 2229 τούς
2080 2173 2152 2217 τε

222 2253 656 2344 “Ηρακλείδας
709 2258 818 2325 καὶ
873 2262 1033 2336 τοὺς
1086 2260 1466 2342 Λικυμνίου
1519 2259 1762 2335 παῖδας
1824 2258 2150 2341 ἐκβαλεῖν,
2188 2279 2222 2329 3

231 2365 327 2429 ἔτι
386 2360 461 2428 δὲ
506 2362 759 2431 Ἰόλαον
812 2364 924 2431 καὶ
967 2367 1044 2432 τὸ
1100 2366 1403 2449 σύστημα
1456 2374 1591 2429 τῶν
1629 2358 1967 2450 Ἀρκάδων
2016 2373 2151 2429 τῶν

154 2492 206 2535 20
223 2468 537 2555 Ἡρακλεῖ
588 2475 1279 2556 συνεστρατευκότων,
1335 2471 1376 2555 ἢ
1421 2479 1627 2536 ταῦτα
1682 2471 1771 2555 μκὴ
1827 2478 2152 2537 ποιοῦντα

231 2580 523 2661 πόλεμον
560 2577 1028 2656 ἀναδέξασθαι.
1089 2580 1160 2645 οί
1191 2577 1253 2644 δ’
1279 2576 1709 2664 “Ηρακλεῖδαι
1753 2575 1865 2643 καὶ
1902 2577 1974 2642 οί
2005 2574 2142 2662 μετ’

230 2682 452 2749 αὐτῶν
514 2688 932 2769 θεωροῦντες
999 2685 1242 2762 αὑτοὺς
1308 2684 1431 2750 οὐκ
1491 2683 1889 2768 ἀξιομάχους
1953 2684 2150 2760 ὄντας
2185 2706 2221 2754 4

229 2790 583 2877 Εὐρυσθεῖ
630 2795 976 2877 πολεμεῖν,
1023 2794 1327 2876 ἔγνωσαν
1384 2789 1702 2868 ἑκουσίως
1756 2791 2034 2875 φεύγειν
2079 2788 2151 2855 ἐκ

229 2907 341 2982 τῆς
394 2902 744 2984 Τραχῖνος·
799 2897 1095 2976 ἐπιόντες
1150 2894 1223 2964 δὲ
1267 2908 1405 2963 τῶν
1449 2899 1670 2963 ἄλλων
1713 2900 1975 2962 πόλεων
2033 2898 2152 2972 τὰς

155 3020 206 3065 25
233 3003 750 3089 ἀξιολογωτάτας
795 3004 1063 3071 ἐδέοντο
1112 3003 1433 3085 δέξασθαι
1475 3014 1651 3089 σφᾶς
1698 3003 1942 3078 αὐτοὺς
1989 3019 2148 3066 συν-

233 3112 470 3188 οίκους.
553 3112 878 3196 μηδεμιᾶς
915 3106 988 3177 δὲ
1032 3112 1379 3196 τολμώσης
1423 3107 1901 3189 ὑποδέξασθαι,
1950 3108 2147 3190 μόνοι

230 3227 360 3283 τῶν
406 3218 630 3284 ἄλλων
669 3211 1015 3301 Ἀθηναῖοι
1063 3218 1174 3282 διὰ
1216 3217 1341 3301 τὴν
1387 3217 1687 3301 ἔμφυτον
1732 3210 1887 3298 παρ’
1925 3211 2151 3289 αὐτοῖς

368 3414 404 3461 4
441 3410 890 3477 τετταρακοσίων
925 3409 1133 3465 Reiske
1243 3415 1276 3465 ὅ
1315 3407 1506 3463 αἰτίαν
1538 3451 1549 3463 .
1580 3449 1595 3462 .
1625 3406 1767 3475 φασὶ
1796 3421 1903 3460 om.
1936 3403 1983 3459 D
2077 3410 2144 3459 10

232 3473 406 3533 αὐτοῦ
446 3495 554 3534 om.
592 3479 646 3533 ΙΙ
748 3485 814 3533 11
854 3476 1023 3552 μετὰ]
1061 3477 1126 3536 δὲ
1165 3482 1296 3537 add.
1334 3480 1384 3534 D
1475 3482 1545 3532 25
1582 3473 1775 3545 ἄξιολο
1814 3473 2064 3538 ωτάτους
2100 3474 2150 3528 D

236 3546 535 3619 δέξασθαι]
572 3549 1018 3619 παραδέξασθαι
1055 3550 1104 3607 G
1242 3558 1311 3608 27
1348 3545 1488 3620 παρ’
1532 3565 1641 3604 om.
1680 3497 1811 3604 GE?
