2569 4061
367 310 503 377 460
1041 309 1350 366 DIODORI
1388 309 1619 365 SICULI

371 472 524 559 μέν,
579 470 662 537 οὐ
715 475 882 538 κατὰ
925 481 1061 538 πᾶν
1108 468 1170 538 δ’
1224 472 1562 538 ἀδύνατον
1616 472 1967 556 κρίνοντα,
2021 468 2134 535 καὶ
2190 472 2330 537 διὰ

368 587 567 646 τοῦτο
633 584 889 663 μᾶλλον
955 579 1163 646 αὑτὸν
1225 575 1753 662 ἐπιφανέστερον
1817 578 2093 643 ἔσεσθαι
2162 579 2326 644 δια-

369 685 796 768 λαμβάνοντα
811 733 831 769 ,
901 684 1540 770 παρασκευάσασθαι
1601 685 1684 748 τά
1748 684 1916 769 πρὸς
1974 684 2099 767 τὴν
2167 683 2324 750 ἐπι·
2370 688 2374 690 ’

261 790 345 856 41
369 793 598 876 βολήν.
689 789 803 857 καὶ
845 802 1114 879 πρῶτον
1168 787 1292 876 μὲν
1335 787 1487 875 περὶ
1531 791 1607 855 τὸ
1655 792 1919 874 Πήλιον
1965 795 2324 874 ναυπηγή-

373 905 628 964 σασθαι
691 899 981 983 σκάφος,
1054 900 1229 963 πολὺ
1294 905 1387 986 τῷ
1451 893 1722 981 μεγέθει
1785 894 1898 963 καὶ
1957 905 2039 981 τῇ
2104 902 2317 982 λοιπῇ
2355 906 2393 949 ⁵

372 1014 745 1091 κατασκευῇ
789 1005 913 1088 τὴν
957 1006 1105 1070 τότε
1151 1006 1526 1087 συνήθειαν
1570 1003 2024 1090 ὑπερβάλλον,
2072 1004 2186 1068 διὰ
2229 1005 2317 1068 τὸ

375 1113 667 1196 σχεδίαις
728 1115 922 1176 πλεῖν
979 1113 1138 1187 τοὺς
1200 1112 1349 1175 τότε
1408 1109 1815 1195 ἀνθρώπους
1876 1108 1989 1174 καὶ
2047 1119 2320 1194 μικροῖς

374 1222 714 1294 παντελῶς
749 1216 1058 1294 ἀκατίοις.
1135 1218 1242 1282 διὸ
1289 1215 1402 1283 καὶ
1445 1227 1580 1282 τῶν
1628 1218 1915 1282 ἰδόντων
1952 1216 2115 1281 αὐτὸ
2160 1219 2320 1281 τότε

375 1320 1032 1407 καταπληττομένων,
1078 1321 1191 1389 καὶ
1235 1332 1354 1407 τῆς
1395 1325 1619 1408 φήμης
1664 1323 2099 1406 διαδοθείσης
2139 1324 2315 1387 κατὰ

375 1429 499 1512 τὴν
533 1423 821 1494 Ἑλλάδα
874 1431 1036 1517 περί
1081 1452 1152 1496 τε
1205 1438 1329 1496 τοῦ
1375 1431 1596 1495 ἄθλου
1648 1425 1760 1495 καὶ
1813 1437 1930 1512 τῆς
1972 1430 2139 1494 κατὰ
2182 1429 2316 1512 τὴν
2346 1437 2408 1478 1⁰
2539 1400 2540 1455 3

374 1538 757 1619 ναυπηγίαν
793 1535 1128 1621 ἐπιβολῆς,
1176 1537 1302 1603 οὐκ
1338 1536 1608 1620 ὀλίγους
1650 1545 1786 1600 τῶν
1833 1534 1907 1600 ἐν
1950 1534 2313 1620 ὑπεροχαῖς

307 1659 341 1707 2
379 1644 750 1708 νεανίσκων
788 1642 1199 1728 ἐπιθυμῆσαι
1235 1653 1584 1727 μετασχεῖν
1618 1651 1735 1726 τῆς
1762 1644 2123 1728 στρατείας.
2188 1639 2311 1707 Ἰά-

380 1767 548 1816 σονα
592 1746 669 1815 δὲ
714 1750 1223 1816 καθελκύσαντα
1275 1750 1352 1814 τὸ
1409 1749 1664 1833 σκάφος
1717 1746 1828 1814 καὶ
1882 1750 2311 1831 κοσμήσαντα

379 1865 542 1921 πᾶσι
584 1866 726 1933 τοῖς
772 1856 1097 1940 ἀνήκουσι
1150 1857 1318 1941 πρὸς
1367 1855 1676 1939 ἔκπληξιν
1732 1860 2070 1940 λαμπρῶς,
2127 1851 2309 1918 ἔκλε’-

381 1962 485 2042 ξαι
545 1973 680 2029 τῶν
739 1961 1159 2050 ὀρεγομένων
1215 1971 1333 2046 τῆς
1392 1963 1595 2046 αὐτῆς
1653 1960 2095 2049 προαιρέσεως
2147 1961 2309 2038 τοὺς
2340 1967 2396 2008 1⁵

383 2069 947 2155 ἐπιφανεστάτους
984 2070 1293 2158 ἀριστεῖς,
1332 2072 1498 2136 ὥστε
1535 2072 1665 2136 σὺν
1702 2069 1881 2158 αὐτῷ
1917 2071 2075 2146 τοὺς
2107 2068 2312 2133 ἅπαν-

380 2199 497 2255 τας
569 2174 744 2245 εἶναι
814 2181 1223 2261 πεντήκοντα
1295 2177 1406 2244 καὶ
1474 2174 1800 2262 τέτταρας.
1911 2176 2170 2242 τούτων
2240 2172 2303 2239 δ’

381 2285 705 2372 ὑπάρχειν
768 2284 1240 2364 ἐνδοξοτάτους
1301 2286 1615 2369 Κάστορα
1671 2281 1783 2348 καὶ
1845 2283 2307 2366 Πολυδεύκην,

381 2395 477 2458 ἔτι
544 2387 605 2457 δ’
668 2390 997 2478 Ἡρακλέα
1059 2390 1170 2458 καὶ
1238 2395 1619 2475 Τελαμῶνα,
1682 2391 1850 2475 πρὸς
1914 2386 1988 2454 δὲ
2052 2390 2307 2466 τούτοις
2385 2405 2388 2406 ’

375 2492 618 2583 Ὀρφέα
673 2497 784 2564 καὶ
836 2501 962 2582 τὴν
1006 2495 1346 2582 Σχοινέως
1385 2492 1818 2579 Ἀταλάντην,
1873 2497 1970 2561 ἔτι
2025 2492 2100 2561 δὲ
2153 2498 2306 2571 τοὺς
2335 2498 2386 2541 ²⁰

386 2606 681 2668 Θεσπίου
745 2606 990 2680 παῖδας
1063 2601 1176 2668 καὶ
1241 2603 1454 2673 αὐτὸν,
1510 2605 1630 2669 τὸν
1693 2604 2133 2686 στελλόμενον
2195 2603 2306 2667 τὸν

316 2730 349 2781 3
387 2713 601 2773 πλοῦν
648 2706 757 2773 ἐπὶ
799 2708 923 2791 τὴν
961 2709 1278 2792 Κολχίδα.
1357 2710 1481 2793 τὴν
1529 2706 1603 2775 δὲ
1648 2716 1821 2774 ναῦν
1859 2706 2071 2795 Ἀργὼ
2109 2724 2306 2794 προσ-

387 2820 842 2899 αγορευθῆναι
887 2815 1053 2878 κατὰ
1099 2813 1222 2899 μέν
1266 2838 1453 2892 τινας
1497 2826 1633 2881 τῶν
1678 2809 2144 2901 μυθογράφων
2186 2814 2304 2879 ἀπὸ

386 2930 508 2988 τοῦ
555 2922 630 2986 τὸ
681 2920 936 3005 σκάφος
980 2920 1653 3007 ἀρχιτεκτονήσαντος
1687 2920 1941 3008 ’Ἀργου
1993 2919 2105 2987 καὶ
2151 2937 2306 3005 συμ-

388 3030 798 3106 πλεύσαντος
834 3026 1026 3094 ἔνεκα
1071 3037 1195 3095 τοῦ
1238 3030 1644 3114 θεραπεύειν
1690 3027 1793 3094 ἀεὶ
1836 3030 1919 3093 τά
1961 3035 2289 3093 πονοῦντα
2302 3034 2403 3084 286

384 3135 550 3223 μέρη
597 3145 714 3220 τῆς
758 3136 946 3219 νεώς,
993 3136 1083 3212 ὡς
1129 3134 1191 3201 δ’
1250 3138 1419 3201 ἔνιοι
1465 3134 1780 3218 λέγουσιν
1826 3134 1955 3200 ἀπὸ
2000 3142 2116 3217 τῆς
2159 3132 2301 3220 περὶ
2332 3138 2382 3177 2⁶

384 3243 459 3307 τὸ
505 3244 702 3325 τάχος
746 3242 1148 3327 ὑπερβολῆς,
1196 3242 1287 3318 ὡς
1332 3239 1417 3307 ἄν
1460 3251 1596 3306 τῶν
1643 3241 1937 3326 ἀρχαίων
1984 3240 2191 3326 ἀργὸν
2233 3240 2301 3303 τὸ

355 3333 555 3428 ’ταχὺ
601 3349 1259 3431 προσαγορευόντων.
1342 3349 1500 3423 τοὺς
1548 3343 1609 3409 δ’
1654 3341 1780 3411 οὖν
1826 3346 2114 3431 ἀριστεῖς
2159 3360 2304 3409 συν-

445 3561 456 3574 ,
491 3501 497 3510 “
532 3498 539 3520 ’
571 3504 604 3551 5
643 3494 885 3568 σκάφος]
924 3497 989 3553 τὸ
1027 3498 1247 3567 σκάφος
1284 3501 1435 3569 vulg.
1620 3506 1688 3555 10
1723 3504 1862 3571 περί
1891 3520 1952 3556 τε
1991 3501 2092 3555 τοῦ
2129 3495 2302 3554 ἄθλου

387 3560 655 3632 Dmdorf,
692 3565 832 3633 πρός
866 3586 926 3621 τε
965 3565 1031 3621 τὸ
1069 3561 1253 3623 ἆθλον
1292 3570 1529 3624 codices.
