2569 4061
391 213 519 280 124
1056 211 1361 269 DIODORI
1399 212 1632 269 SICULI

315 399 347 448 6
385 373 460 442 δὲ
507 379 616 460 μή,
660 376 1059 441 τούναντίον
1106 375 1509 461 ἐθορύβουν.
1589 373 1702 440 καὶ
1746 375 1983 442 πολλοὶ
2019 387 2152 443 τῶν
2189 383 2306 463 βα-

386 479 628 548 σιλέων
673 481 785 545 διὰ
829 483 952 565 τὴν
996 491 1119 549 τοῦ
1164 484 1470 566 πλήθους
1515 481 1906 548 ἐναντίωσιν
1953 482 2309 571 ἀπεστερή-

384 593 610 671 θησαν
664 596 778 671 τῆς
832 588 1175 674 ἐμφανοῦς
1227 587 1340 654 καὶ
1393 590 1683 673 νομίμου
1736 597 1977 673 ταφῆς·
2034 593 2140 657 διὸ
2195 590 2308 657 καὶ

386 692 739 777 συνέβαινε
802 697 961 771 τοὺς
1022 695 1146 778 τὴν
1217 696 1563 778 βασιλείαν
1633 695 2146 781 διαδεχομένους
2216 700 2306 782 μὴ

385 804 597 885 μόνον
642 802 756 867 διὰ
800 802 918 879 τὰς
961 802 1111 887 ἄρτι
1159 801 1481 888 ῥηθείσας
1525 803 1739 879 αἰτίας
1784 803 2307 889 δικαιοπραγεῖν,
2334 820 2364 860 ⁵

386 907 551 972 ἀλλὰ
595 905 707 973 καὶ
746 908 857 973 διὰ
893 908 1011 972 τὸν
1047 909 1268 992 φόβον
1303 917 1421 992 τῆς
1455 909 1616 991 μετὰ
1655 909 1778 991 τὴν
1814 910 2125 993 τελευτὴν
2163 909 2306 975 ἐσο-

385 1014 590 1098 μένης
640 1012 901 1099 ῧβρεώς
952 1035 1024 1079 τε
1078 1021 1200 1079 τοῦ
1245 1014 1549 1098 σώματος
1591 1011 1702 1079 καὶ
1746 1017 2168 1099 βλασφημίας
2213 1017 2309 1092 εἰς

385 1120 643 1185 ἅπαντα
687 1120 807 1184 τὸν
854 1119 1082 1184 αἰῶνα.
1172 1129 1310 1184 τῶν
1354 1116 1478 1203 μὲν
1513 1114 1638 1184 οὖν
1682 1116 1836 1205 περὶ
1879 1125 2037 1198 τοὺς
2081 1121 2308 1206 ἀρχαί-

387 1249 505 1302 ους
550 1227 842 1307 βασιλεῖς
884 1225 1188 1308 νομίμων
1231 1226 1314 1290 τὰ
1360 1223 1633 1309 μέγιστα
1677 1223 1860 1291 ταῦτ’
1915 1229 2110 1292 ἔστιν.

282 1335 365 1399 73
572 1333 702 1413 Τῆς
739 1331 1090 1413 Αἰγύπτου
1138 1327 1213 1395 δὲ
1247 1332 1466 1415 πάσης
1503 1333 1597 1409 εἰς
1630 1334 1835 1397 πλείω
1874 1329 2038 1418 μέρη
2078 1333 2308 1420 διῃρη·
2336 1351 2390 1391 10

386 1434 617 1520 μένης,
673 1431 771 1502 ὧν
817 1436 1097 1502 ἕκαστον
1139 1439 1308 1503 κατὰ
1350 1438 1474 1520 τὴν
1517 1435 1914 1521 Ἑλληνικὴν
1960 1439 2307 1505 διάλεκτον

387 1543 773 1627 ὀνομάζεται
831 1546 1065 1628 νομός,
1131 1538 1239 1629 ἐφ’
1301 1541 1550 1632 ἑκάστῳ
1611 1541 1911 1609 τέτακται
1973 1545 2309 1631 νομάρχης

387 1650 423 1714 ὁ
477 1650 601 1733 τὴν
655 1650 968 1716 ἁπάντων
1022 1652 1194 1734 ἔχων
1249 1648 1625 1735 ἐπιμέλειάν
1677 1673 1749 1715 τε
1802 1646 1914 1715 καὶ
1959 1652 2305 1736 φροντίδα.

315 1780 347 1828 2
384 1764 500 1839 τῆς
546 1752 621 1822 δὲ
665 1757 883 1842 χώρας
930 1755 1187 1839 ἁπάσης
1222 1758 1319 1832 εἰς
1353 1757 1505 1842 τρία
1541 1754 1706 1842 μέρη
1747 1755 2150 1842 διῃρημένης
2184 1758 2307 1840 τὴν

386 1859 509 1947 μὲν
560 1863 832 1947 πρώτην
886 1864 1019 1946 ἔχει
1074 1862 1314 1947 μερίδα
1367 1862 1442 1926 τὸ
1499 1861 1800 1946 σύστημα
1862 1871 1998 1928 τῶν
2053 1860 2307 1947 ἱερέων,
2337 1879 2390 1921 15

386 1970 697 2052 μεγίστης
750 1967 1073 2056 ἐντροπῆς
1133 1967 1468 2054 τυγχάνον
1523 1970 1706 2052 παρὰ
1766 1977 1907 2047 τοῖς
1969 1967 2310 2055 ἐγχωρίοις

387 2076 499 2141 διά
553 2098 625 2141 τε
678 2077 801 2160 τὴν
855 2077 951 2154 εἰς
1002 2077 1162 2153 τοὺς
1213 2078 1423 2154 θεοὺς
1476 2074 1850 2160 ἐπιμέλειαν
1894 2074 2007 2142 καὶ
2061 2078 2173 2142 διὰ
2232 2078 2308 2145 τὸ

386 2185 702 2267 πλείστην
746 2184 1024 2250 σύνεσιν
1068 2186 1227 2260 τοὺς
1271 2184 1524 2270 ἄνδρας
1567 2184 1848 2261 τούτους
1893 2182 1964 2249 ἐκ
2009 2185 2310 2261 παιδείας

316 2311 347 2358 3
387 2288 838 2375 εἰσφέρεσθαι.
931 2290 1003 2356 ἐκ
1058 2286 1132 2355 δὲ
1185 2291 1447 2356 τούτων
1499 2300 1636 2355 τῶν
1679 2292 2035 2376 προσόδων
2079 2292 2196 2369 τάς
2237 2314 2307 2356 τε

385 2398 634 2471 θυσίας
687 2395 945 2471 ἁπάσας
997 2395 1113 2471 τὰς
1166 2393 1310 2460 κατ’
1363 2401 1711 2477 Αἴγυπτον
1757 2403 2154 2463 συντελοῦσι
2198 2394 2309 2462 καὶ
2336 2413 2391 2453 2⁰

385 2501 545 2575 τοὺς
589 2498 920 2586 ὑπηρέτας
964 2496 1290 2583 τρέφουσι
1324 2497 1432 2564 καὶ
1474 2508 1620 2574 ταῖς
1662 2501 1864 2576 ἰδίαις
1906 2503 2156 2587 χρείαις
2199 2526 2310 2586 χο-

387 2611 736 2690 ρηγοῦσιν·
787 2606 940 2670 οὔτε
976 2605 1103 2689 γὰρ
1140 2605 1258 2681 τὰς
1292 2614 1427 2669 τῶν
1463 2610 1649 2670 θεῶν
1683 2606 1874 2688 τιμὰς
1910 2604 2125 2693 ᾤοντο
2164 2608 2309 2672 δεῖν

386 2710 759 2793 ἀλλάττειν,
816 2707 960 2775 ἀλλ’
1012 2709 1144 2775 ὑπό
1196 2733 1266 2777 τε
1320 2721 1457 2775 τῶν
1510 2709 1735 2776 αὐτῶν
1789 2708 1892 2775 ἀεὶ
1942 2709 2054 2776 καὶ
2097 2733 2308 2798 παρα-

385 2820 683 2900 πλησίως
726 2820 1224 2901 συντελεῖσθαι,
1281 2815 1436 2882 οὔτε
1491 2818 1648 2892 τοὺς
1701 2817 1973 2882 πάντων
2018 2822 2308 2905 προβου-

315 2947 350 2996 4
387 2922 789 3009 λευομένους
834 2921 1082 3001 ἐνδεεῖς
1125 2918 1301 2990 εἶναι
1345 2933 1480 2989 τῶν
1526 2923 1923 3007 ἀναγκαίων.
2005 2928 2309 2991 καθόλου
2337 2944 2391 2984 25

386 3034 515 3119 γὰρ
551 3027 703 3117 περὶ
737 3040 873 3097 τῶν
910 3032 1238 3114 μεγίστων
1276 3023 1465 3096 οὗτοι
1501 3032 2111 3117 προβουλευόμενοι
2149 3046 2307 3098 συν-

388 3141 808 3227 διατρίβουσι
851 3145 944 3225 τῷ
988 3140 1268 3220 βασιλεῖ,
1316 3146 1452 3202 τῶν
1498 3133 1620 3220 μὲν
1664 3140 2002 3225 συνεργοί,
2051 3148 2188 3204 τῶν
2233 3136 2310 3205 δὲ

389 3241 730 3330 εἰσηγηταὶ
792 3241 904 3309 καὶ
967 3243 1360 3309 διδάσκαλοι
1418 3246 1791 3328 γινόμενοι,
1855 3242 1964 3310 καὶ
2020 3246 2133 3311 διὰ
2188 3242 2311 3329 μὲν

397 3457 420 3482 v
529 3406 564 3455 4
602 3399 706 3471 μὴ]
744 3397 814 3457 οὗ
848 3399 903 3454 11
1080 3406 1146 3455 12
1192 3396 1261 3457 νό
1308 3419 1369 3463 ος
1404 3401 1453 3455 D
1634 3380 1923 3473 τέτακται]
1969 3400 2312 3472 τεταγμένος

387 3484 459 3530 ην
497 3469 543 3519 D
691 3476 760 3526 15
798 3467 913 3540 εἶχε
953 3471 1003 3524 D
1148 3477 1214 3526 21
1288 3490 1500 3542 τρεφον
1535 3473 1585 3528 D
1731 3478 1800 3529 23
1837 3492 1899 3528 τε
1935 3490 2044 3529 om.
2083 3472 2236 3542 vulg.
