2569 4061
290 221 295 228 .
412 178 498 242 36
1070 174 1379 231 DIODORI
1416 174 1652 231 SICULI

412 339 479 420 ἐξ
517 339 867 422 Αἰγύπτου
903 340 1395 423 παρειληφότας
1431 339 1512 402 τὰ
1547 338 1699 425 περὶ
1733 342 1892 417 τοὺς
1930 339 2337 426 ὀργιασμοὺς

410 445 528 534 καὶ1
568 446 684 522 τὰς
722 444 1179 520 Διονυσιακὰς
1216 442 1467 530 ἑορτάς,
1514 455 1712 530 τιμᾶν
1749 455 1948 513 τοῦτο
1985 449 2060 512 τὸ
2097 450 2336 531 μόριον

412 554 487 617 ἔν
541 574 611 616 τε
665 560 806 628 τοῖς
867 551 1257 636 μυστηρίοις
1315 549 1427 615 καὶ
1480 562 1623 629 ταῖς
1680 562 1802 618 τοῦ
1860 560 2031 619 θεοῦ
2094 554 2339 619 τούτου

413 662 706 736 τελεταῖς
750 681 820 723 τε
863 655 980 723 καὶ
1015 659 1310 739 θυσίαις,
1359 656 1802 742 ὀνομάζοντας
1848 659 2010 725 αὐτὸ
2059 662 2337 744 φαλλόν.

308 765 395 831 23
592 759 793 831 Εἶναι
826 760 900 830 δὲ
929 766 1039 847 ἔτη
1070 761 1280 847 φασὶν
1309 762 1436 829 ἀπὸ
1469 762 1796 851 Ὀσίριδος
1822 764 1931 832 καὶ
1943 765 2191 843 Ἴσιδος
2219 764 2342 844 ἕως
2367 779 2392 821 5

415 881 531 956 τῆς
588 866 1029 957 Ἀλεξάνδρου
1090 872 1429 954 βασιλείας
1491 881 1612 937 τοῦ
1675 875 2023 949 κτίσαντος
2086 871 2160 937 ἐν
2219 874 2342 936 Αἰ-

413 978 643 1066 γύπτῳ
701 977 824 1059 τὴν
872 974 1223 1061 ἐπώνυμον
1279 976 1490 1042 αὐτοῦ
1546 980 1745 1042 πόλιν
1790 980 1992 1042 πλείω
2038 987 2172 1041 τῶν
2218 1001 2342 1061 μυ-

416 1087 614 1169 ρίων,
672 1083 761 1160 ὡς
817 1080 878 1147 δ’
932 1084 1101 1149 ἔνιοι
1154 1084 1525 1169 γράφουσι,
1582 1086 1797 1168 βραχὺ
1851 1087 2161 1149 λείποντα
2206 1094 2342 1148 τῶν
2416 1159 2422 1163 ,

346 1211 379 1259 2
418 1190 790 1275 δισμυρίων
828 1186 939 1254 καὶ
975 1192 1376 1274 τρισχιλίων.
1449 1193 1607 1267 τοὺς
1644 1186 1718 1255 δὲ
1755 1188 2069 1273 λέγοντας
2105 1188 2179 1254 ἐν
2210 1192 2343 1273 Θή-

417 1299 569 1379 βαις
612 1303 729 1377 τῆς
773 1294 1489 1380 Βοιωτίαςγεγονέναι
1534 1297 1653 1361 τὸν
1705 1290 1873 1361 θεὸν
1929 1293 2000 1359 ἐκ
2043 1294 2344 1380 Σεμέλης
2372 1312 2423 1352 10

417 1399 528 1467 καὶ
566 1404 734 1479 Διός
771 1417 937 1486 φασι
976 1403 1357 1487 σχεδιάζειν.
1435 1397 1674 1495 Ὀρφέα
1701 1403 1829 1488 γὰρ
1866 1404 1960 1479 εἰς
1996 1406 2345 1485 Αἴγυπτον

418 1511 895 1595 παραβαλόντα
948 1507 1059 1575 καὶ
1112 1512 1519 1594 μετασχόντα
1574 1519 1688 1594 τῆς
1741 1514 2000 1594 τελετῆς
2055 1506 2164 1574 καὶ
2209 1520 2346 1575 τῶν

419 1620 898 1681 Διονυσιακῶν
944 1619 1332 1702 μυστηρίων
1377 1620 1801 1700 μεταλαβεῖν,
1858 1627 1998 1693 τοῖς
2044 1613 2119 1682 δὲ
2163 1618 2348 1682 Καδ-

418 1725 629 1806 μείοις
676 1725 881 1807 φίλον
926 1724 1088 1787 ὄντα
1132 1720 1243 1787 καὶ
1301 1723 1676 1806 τιμώμενον
1719 1716 1833 1788 ὑπ’
1886 1722 2107 1787 αὐτῶν
2153 1744 2348 1805 μετα-

417 1835 647 1893 θεῖναι
693 1837 816 1894 τοῦ
861 1833 1034 1892 θεοῦ
1079 1828 1202 1910 τὴν
1247 1825 1512 1910 γένεσιν
1562 1826 1840 1905 ἐκείνοις
1884 1829 2346 1912 χαριζόμενον·
2375 1842 2426 1882 15

419 1938 578 2011 τοὺς
624 1928 686 1999 δ’
740 1936 983 2018 ὄχλους
1026 1933 1107 1997 τὰ
1152 1929 1275 2017 μὲν
1323 1933 1435 1997 διὰ
1479 1934 1602 2016 τὴν
1639 1935 1938 2016 ἄγνοιαν,
1985 1935 2064 1998 τὰ
2110 1929 2186 1998 δὲ
2234 1935 2345 2000 διὰ
2384 1950 2450 2000 27

419 2044 494 2107 τὸ
543 2043 915 2125 βούλεσθαι
959 2043 1078 2106 τὸν
1122 2042 1292 2107 θεὸν
1330 2038 1622 2125 ’Ἕλληνα
1666 2044 2086 2126 νομίζεσθαι,
2142 2057 2348 2127 προσ-

422 2147 744 2228 δέξασθαι
799 2160 1151 2236 προσηνῶς
1204 2151 1320 2227 τὰς
1383 2152 1644 2227 τελετὰς
1700 2148 1812 2214 καὶ
1865 2150 1946 2214 τὰ
1999 2150 2345 2235 μυστήρια.

352 2276 384 2323 3
423 2254 732 2339 ἀφορμὰς
788 2251 849 2320 δ’
904 2256 1078 2339 ἔχειν
1131 2257 1249 2320 τὸν
1297 2252 1540 2340 Ὀρφέα
1593 2257 1758 2342 πρὸς
1812 2256 1935 2338 τὴν
1987 2255 2348 2339 μετάθεσιν

419 2368 539 2441 τῆς
601 2369 722 2425 τοῦ
785 2366 956 2425 θεοῦ
1020 2358 1338 2441 γενέσεώς
1396 2382 1467 2423 τε
1530 2359 1641 2425 καὶ
1705 2363 1966 2441 τελετῆς
2021 2361 2346 2436 τοιαύτας.
2377 2375 2429 2415 20

350 2485 385 2534 4
422 2466 705 2549 Κάδμον
762 2465 832 2529 ἐκ
883 2467 1125 2547 Θηβῶν
1180 2467 1341 2530 ὄντα
1400 2475 1534 2530 τῶν
1588 2466 1978 2547 Αἰγυπτίων
2032 2474 2350 2548 γεννῆσαι

423 2575 557 2636 σὺν
595 2573 821 2647 ἄλλοις
848 2567 1103 2646 τέκνοις
1139 2569 1249 2634 καὶ
1278 2567 1606 2654 Σεμέλην,
1643 2570 1893 2653 ταύτην
1921 2565 1996 2634 δὲ
2032 2567 2152 2653 ὑφ’
2189 2571 2348 2634 ὅτου

424 2672 670 2761 δήποτε
709 2681 1091 2762 φθαρεῖσαν
1129 2678 1372 2759 ἔγκυον
1409 2673 1748 2760 γενέσθαι,
1794 2673 1905 2740 καὶ
1939 2686 2153 2739 τεκεῖν
2189 2673 2349 2739 ἑπτὰ

423 2795 658 2869 μηνῶν
696 2784 1114 2848 διελθόντων
1150 2780 1401 2869 βρέφος
1436 2783 1558 2865 τὴν
1595 2785 1752 2860 ὄψιν
1791 2773 2061 2866 οἷόνπερ
2100 2782 2171 2845 oc
2200 2774 2342 2846 κατ’

425 2896 773 2974 Αἴγυπτον
838 2892 958 2955 τὸν
1013 2888 1276 2976 Ὄσιριν
1345 2887 1690 2974 γεγονέηαι
1753 2890 2121 2973 νομίζουσι·
2195 2890 2350 2966 ζωο-
2379 2901 2430 2942 25

425 3004 780 3084 γονεῖσθαι
836 2991 899 3062 δ’
964 2996 1087 3062 οὐκ
1141 2994 1456 3061 εἰωθέναι
1510 2998 1584 3061 τὸ
1638 3004 1976 3079 τοιοῦτον,
2033 2999 2161 3060 εἴτε
2216 3003 2351 3057 τῶν

425 3112 610 3172 θεῶν
667 3106 755 3189 μὴ
810 3100 1241 3187 βουλομένων
1289 3108 1416 3168 εἴτε
1471 3111 1585 3187 τῆς
1640 3103 1906 3187 φύσεως
1958 3102 2046 3187 μὴ
2097 3118 2352 3185 συγχω-

572 3304 604 3351 2
646 3291 869 3368 ἑορτὰς]
906 3299 1155 3358 τελεταῖς
1192 3295 1320 3350 add.
1359 3295 1408 3348 D
1545 3297 1715 3366 τιμᾶν
1753 3314 1860 3352 om.
1900 3297 1939 3352 C
2079 3301 2144 3351 13
2183 3313 2352 3365 μετα-

430 3364 678 3438 λαβόντα·
713 3366 810 3420 ΑΕ
982 3366 1072 3440 δὲ]
1111 3386 1169 3422 τε
1209 3368 1258 3421 D
1423 3373 1492 3422 20
1529 3368 1793 3436 τελευτῆς
1832 3368 1971 3422 cm*
2133 3373 2199 3422 22
2237 3359 2350 3420 ὑπό

431 3455 530 3489 του
570 3436 778 3505 δήποτε
818 3438 1057 3507 οοᾶὶοεε,
1095 3455 1231 3494 corr.
1274 3438 1590 3510 Stephanus
1735 3445 1804 3494 25
1839 3436 1940 3494 τὸν
1979 3454 2085 3493 om.
2125 3439 2190 3495 D.
