2569 4061
1109 346 1163 401 Π
1200 352 1284 399 24.
1324 351 1410 401 25.
2099 349 2226 412 211

302 534 474 596 ματα
530 506 652 594 μὲν
708 511 1076 595 δωρήσεται
1133 505 1236 585 δὶς
1292 516 1613 592 τοσαῦτα,
1666 519 1783 593 τῆς
1839 507 1913 575 δὲ
1959 512 2230 594 Μηδίας

300 618 604 703 ὕπαρχον
649 619 1057 699 καταστήσει.
1149 617 1644 699 παραπλησίως’
1682 614 1741 679 δ’
1796 617 2228 702 ἐπηγγείλατο
2267 640 2300 687 3

302 725 545 789 δώσειν
592 723 845 807 δωρεὰς
903 733 1044 799 τοῖς
1089 720 1387 787 Βέλεσυν
1431 722 1551 786 τὸν
1595 724 2034 805 Βαβυλώνιον
2081 724 2228 790 ἀνε-

305 820 541 894 λοῦσιν
577 829 618 913 ἢ
658 833 1090 915 ζωγρήσασιν.
1177 828 1456 904 οὐδενὸς
1502 824 1575 892 δὲ
1611 827 2051 913 προσέχοντος
2088 842 2226 908 τοῖς

258 956 286 996 5
313 935 714 1021 κηρύγμασι,
778 945 1032 1019 συνῆψε
1086 936 1336 1018 μάχην,
1396 931 1507 998 καὶ
1561 937 1851 1010 πολλοὺς
1904 930 2026 1018 μὲν
2072 934 2227 1019 ἐφό-

298 1059 495 1108 νευσε
550 1054 686 1108 τῶν
756 1041 1176 1123 ἀποστατῶν,
1236 1042 1312 1105 τὸ
1375 1038 1435 1104 δ’
1499 1042 1661 1105 ἄλλο
1716 1046 1976 1124 πλῆθος
2039 1057 2228 1106 συνε-

197 1171 299 1222 139
320 1147 556 1226 δίωξεν
612 1151 706 1225 εἰς
751 1149 874 1232 τὴν
930 1147 1004 1213 έν
1057 1157 1199 1223 τοῖς
1259 1147 1443 1232 ὄρεσι
1497 1149 1941 1233 παρεμβολήν.
2035 1147 2106 1212 οἰ
2155 1144 2227 1212 δὲ
2264 1168 2300 1216 4

298 1252 450 1340 περὶ
484 1255 606 1319 τὸν
643 1252 975 1340 Ἀρβάκην
1014 1253 1126 1317 διὰ
1171 1251 1289 1327 τὰς
1333 1252 1528 1334 ἥττας
1566 1252 1988 1338 ἀθυμοῦντες
2026 1255 2227 1336 συνή-

297 1383 510 1442 γαγον
546 1370 682 1424 τῶν
729 1362 947 1443 φίλων
993 1356 1353 1442 συνέδριον
1388 1357 1498 1424 καὶ
1542 1358 1929 1445 προέθηκαν
1970 1362 2227 1445 βουλὴν

219 1488 273 1527 10
297 1469 369 1530 τί
401 1465 543 1531 δέοι
589 1467 919 1549 πράττειν.
1004 1465 1074 1528 οἱ
1114 1472 1404 1528 πλεῖστοι
1450 1461 1571 1548 μὲν
1617 1461 1741 1531 οὖν
1783 1469 2041 1551 ἔφασαν
2079 1469 2225 1533 δεῖν
2264 1487 2296 1536 5

297 1573 395 1647 εἰς
438 1573 557 1646 τὰς
601 1572 922 1656 πατρίδας
958 1567 1221 1634 ἀπιέναι
1266 1567 1379 1633 καὶ
1422 1573 1666 1647 τόπους
1703 1572 1987 1657 ὀχυροὺς
2031 1597 2225 1639 κατα-

301 1677 766 1764 λαμβάνεσθαι
810 1673 921 1740 καὶ
965 1686 1100 1741 τῶν
1155 1676 1380 1740 ἄλλων
1423 1688 1559 1740 τῶν
1617 1678 1711 1753 εἰς
1762 1679 1881 1742 τὸν
1934 1682 2225 1763 πόλεμον

299 1783 643 1865 χρησίμων
695 1783 819 1864 τὴν
878 1780 1322 1866 ἐνδεχομένην
1384 1783 1810 1867 παρασκευὴν
1862 1789 2224 1848 ποιεῖσθαι·

299 1885 592 1964 Βέλεσυς
629 1886 690 1952 δ’
735 1889 770 1954 ὁ
809 1890 1265 1972 Βαβυλώνιος,
1308 1890 1527 1972 φήσας
1560 1891 1718 1965 τοὺς
1755 1890 1961 1965 θεοὺς
1999 1889 2226 1966 αὐτοῖς

216 2014 270 2056 15
299 1995 650 2078 σημαίνειν
704 1997 865 2080 μετὰ
922 1997 1150 2061 πόνων
1205 1992 1317 2060 καὶ
1375 1997 1825 2073 κακοπαθείας
1881 1995 1987 2061 ἐπὶ
2041 1994 2226 2074 τέλος

297 2100 480 2178 ἄξειν
532 2102 656 2185 τὴν
710 2104 1170 2189 προαίρεσιν,-
1192 2100 1305 2166 καὶ
1357 2104 1563 2169 τᾶλλα
1618 2101 2078 2189 παρακαλέσας
2124 2102 2226 2167 έν-

299 2207 699 2293 δεχομένως,
748 2211 1007 2274 ἔπεισεν
1052 2208 1346 2285 ἅπαντας
1392 2207 1750 2292 ὑπομένειν
1796 2212 1954 2286 τοὺς
1998 2210 2225 2274 κινδύ-

297 2339 475 2392 νους.
565 2314 928 2399 γενομένης
992 2309 1118 2380 οὖν
1179 2318 1406 2405 τρίτης
1460 2316 1879 2401 παρατάξεως
1940 2316 2142 2381 πάλιν
2188 2315 2223 2381 ὁ
2263 2337 2295 2386 6

298 2423 610 2504 βασιλεὺς
656 2422 941 2506 ἐνίκησε,
987 2419 1098 2487 καὶ
1141 2431 1258 2506 τῆς
1303 2444 1372 2486 τε
1418 2425 1838 2507 παρεμβολῆς
1882 2433 2018 2487 τῶν
2064 2422 2224 2488 ἀπο-

215 2547 273 2588 20
303 2540 555 2592 στατῶν
593 2528 934 2615 ἐκυρίευσε
979 2527 1089 2594 καὶ
1135 2531 1294 2605 τοὺς
1331 2527 1735 2613 ἡττηθέντας
1772 2528 1997 2609 ἐδίωξε
2033 2528 2223 2616 μέχρι

299 2644 434 2698 τῶν
481 2636 656 2721 ὅρων
692 2645 807 2720 τῆς
843 2639 1304 2718 Βαβυλωνίας·
1354 2633 1600 2718 συνέβη
1650 2630 1723 2699 δὲ
1769 2633 1879 2700 καὶ
1923 2638 2042 2703 τὸν
2081 2632 2222 2723 Ἀρ-

296 2741 512 2826 βάκην
566 2742 771 2820 αὐτὸν
826 2745 1251 2827 λαμπρότατα
1306 2742 1835 2807 κινδυνεύσαντα
1899 2741 2010 2808 καὶ
2063 2749 2220 2809 πολ-

297 2850 458 2924 λοὺς
504 2847 824 2913 ἀνελόντα
860 2859 997 2912 τῶν
1037 2845 1407 2933 Ἀσσυρίων
1443 2846 1759 2930 γενέσθαι
1792 2853 2219 2934 τραυματίαν.

295 2953 706 3036 τηλικούτων
772 2950 832 3018 δ’
895 2952 1368 3037 ἐλαττωμάτων
1429 2955 1593 3019 κατὰ
1650 2955 1726 3018 τὸ
1793 2952 2064 3041 συνεχὲς
2122 2979 2220 3037 γι-
2261 2975 2291 3023 7

215 3073 269 3115 25
296 3058 603 3143 νομένων
646 3069 787 3136 τοῖς
833 3059 1311 3143 ἀφεστηκόσιν,
1368 3062 1438 3126 οἰ
1478 3062 1594 3136 τὰς
1637 3059 1995 3144 ἡγεμονίας
2039 3063 2221 3144 ἔχον-

295 3188 401 3242 τες
471 3165 947 3242 ἀπελπίσαντες
1008 3163 1161 3251 περὶ
1224 3175 1342 3250 τῆς
1403 3169 1592 3249 νίκης
1655 3167 2219 3252 παρεσκευάζοντο

298 3272 808 3358 διαχωρίζεσθαι
861 3274 1027 3358 πρὸς
1079 3274 1238 3349 τοὺς
1295 3274 1582 3349 οἰκείους
1639 3271 1904 3337 ἕκαστοι
1958 3272 2219 3345 τόπους.

441 3470 471 3517 2
514 3461 763 3534 ἔπαρχον
807 3463 959 3533 vulg.
1132 3464 1528 3533 παραπλησίας
1574 3462 1856 3516 Gemistus
2038 3464 2070 3512 8
2116 3455 2221 3526 τὴν

294 3524 470 3601 ἧτταν
506 3534 560 3587 Π
706 3539 771 3589 18
809 3537 994 3605 τρίτης
1030 3552 1138 3590 om.
1177 3535 1230 3588 II
1379 3541 1443 3589 19
1481 3554 1540 3588 τε
1578 3530 1957 3604 παρεμβολῆς]
2007 3547 2222 3598 παρεμ-

300 3607 467 3676 βολῆς
493 3605 592 3659 καὶ
619 3605 772 3675 vulg.
890 3613 957 3660 23
996 3606 1134 3677 τῶν]
1164 3602 1276 3660 ὑπὸ
1310 3606 1421 3659 τῶν
1450 3605 1499 3658 D
1610 3607 1680 3655 24
1716 3600 2038 3671 γενομένων
2068 3599 2224 3668 vulg.

1790 3690 1899 3742 14*
