2569 4061
1062 428 1085 482 Ι
1124 433 1210 483 36.
2017 428 2099 492 61

179 590 505 657 ἀκούσασι
547 595 884 667 παντελῶς
931 592 1230 656 ἄπιστον.
1304 600 1439 655 τῶν
1476 592 1600 676 γὰρ
1647 591 1870 657 ἄλλων
1906 611 2106 657 ποτα-

176 709 322 782 μῶν
389 698 700 764 ἁπάντων
756 696 909 783 περὶ
972 698 1089 774 τὰς
1153 699 1430 782 θερινὰς
1491 699 1738 782 τροπὰς
1800 697 2106 764 ἐλαττου-

177 803 395 889 μένων
450 803 563 871 καὶ
619 805 785 870 κατὰ
847 806 965 869 τὸν
1025 801 1172 887 ἑξῆς
1224 806 1474 889 χρόνον
1526 813 1648 868 τοῦ
1701 803 1950 889 θέρους
2003 803 2105 871 ἀεὶ

176 916 432 996 μᾶλλον
469 910 1032 996 ταπεινουμένων,
1080 905 1277 987 οὗτος
1314 911 1520 993 μόνος
1554 911 1703 974 τότε
1737 912 1861 992 τὴν
1898 911 2107 995 ἀρχὴν

123 1036 151 1077 5
177 1019 403 1101 λαβὼν
458 1027 574 1102 τῆς
626 1018 1028 1104 πληρώσεως
1083 1014 1190 1084 ἐπὶ
1242 1024 1572 1082 τοσοῦτον
1627 1014 1891 1094 αὔξεται
1944 1015 2099 1081 καθ’

178 1122 436 1210 ἡμέραν
474 1125 642 1190 ὥστε
678 1125 754 1189 τὸ
791 1128 1173 1189 τελευταῖον
1208 1131 1429 1190 πᾶσαν
1462 1123 1705 1208 σχεδὸν
1741 1121 2108 1201 ἐπικλύζειν

179 1231 299 1314 τὴν
345 1237 711 1312 Αἴγυπτον.
805 1231 1118 1305 ὡσαύτως
1176 1225 1252 1294 δὲ
1305 1230 1508 1295 πάλιν
1563 1231 1659 1307 εἰς
1712 1229 2110 1295 τούναντίον
2148 1247 2179 1295 8

178 1337 570 1421 μεταβαλὼν
627 1339 750 1403 τὸν
804 1343 954 1402 ἴσον
1019 1337 1266 1421 χρόνον
1321 1333 1478 1401 καθ’
1530 1335 1785 1422 ἡμέραν
1849 1335 1925 1402 ἐκ
1988 1344 2110 1401 τοῦ

181 1442 323 1534 κατ’
370 1444 603 1527 ὀλύγον
638 1452 1086 1525 ταπεινοῦται,
1133 1440 1324 1528 μέχρι
1359 1441 1445 1507 ἂν
1481 1445 1576 1520 εἰς
1613 1444 1735 1528 τὴν
1766 1444 2110 1530 προϋπάρ-

98 1574 154 1614 10
183 1549 390 1629 ξασαν
447 1550 763 1635 ἀφίκηται
816 1550 1019 1630 τάξιν.
1109 1547 1221 1613 καὶ
1273 1558 1392 1631 τῆς
1448 1547 1570 1633 μὲν
1622 1551 1841 1637 χώρας
1905 1551 2111 1635 οὔσης

180 1657 533 1738 πεδιάδος,
588 1665 723 1719 τῶν
770 1651 843 1720 δὲ
896 1656 1158 1720 πόλεων
1212 1651 1326 1718 καὶ
1378 1666 1512 1732 τῶν
1565 1666 1837 1739 κωμῶν,
1882 1658 1980 1722 ἔτι
2035 1653 2109 1722 δὲ

181 1773 319 1828 τῶν
359 1761 721 1845 ἀγροικιῶν
755 1757 1080 1843 κειμένων
1116 1758 1223 1824 ἐπὶ
1257 1762 1735 1844 χειροποιήτων
1770 1763 2109 1845 χωμάτων,

183 1867 226 1950 ἡ
294 1868 627 1952 πρόσοψις
691 1863 885 1949 ὁμοία
950 1868 1204 1948 γίνεται
1275 1875 1422 1941 ταῖς
1492 1866 1796 1930 Κυκλάσι
1864 1869 2111 1949 νήσοις.

181 1982 319 2039 τῶν
378 1967 454 2038 δὲ
515 1972 845 2058 χερσαίων
897 1974 1163 2058 θηρίων
1224 1973 1308 2038 τά
1360 1972 1575 2038 πολλὰ
1628 1967 1751 2057 μὲν
1805 1970 1935 2038 ὑπὸ
1995 1981 2115 2038 τοῦ
2154 1991 2185 2040 9

103 2103 157 2145 15
183 2088 488 2166 ποταμοῦ
550 2078 1054 2165 περιληφθέντα
1118 2081 1584 2166 διαφθείρεται
1655 2082 2115 2163 βαπτιζόμενα,

181 2189 332 2254 τινὰ
380 2182 441 2252 δ’
496 2188 593 2263 εἰς
638 2189 795 2263 τοὺς
839 2184 1364 2272 μετεωροτέρους
1414 2183 1826 2271 ἐκφεύγοντα
1870 2189 2118 2264 τόπους

186 2295 605 2375 διασώζεται,
658 2294 741 2357 τὰ
808 2289 883 2358 δὲ
946 2296 1330 2378 βοσκήματα
1385 2294 1551 2359 κατὰ
1612 2294 1733 2358 τὸν
1781 2301 1898 2376 τῆς
1962 2293 2118 2358 ἀνα-

185 2401 440 2484 βάσεως
495 2402 746 2486 χρόνον
793 2399 867 2465 ἐν
911 2409 1056 2476 ταῖς
1108 2401 1362 2483 κώμαις
1404 2396 1518 2464 καὶ
1562 2408 1706 2475 ταῖς
1750 2398 2119 2485 ἀγροικίαις

188 2505 642 2593 διατρέφεται,
688 2503 1484 2592 προπαρασκευαζομένης
1537 2505 1765 2582 αὐτοῖς
1808 2515 1924 2589 τῆς
1967 2528 2117 2592 τρο-

103 2636 158 2675 20
188 2623 335 2698 φῆς.
413 2614 486 2679 οἰ
530 2607 592 2677 δ’
637 2614 823 2698 ὄχλοι
867 2614 1083 2679 πάντα
1117 2615 1237 2679 τὸν
1281 2621 1398 2701 τῆς
1434 2613 1834 2698 πληρώσεως
1868 2616 2115 2700 χρόνον
2156 2632 2221 2680 10

79 2744 154 2793 44
192 2717 675 2804 ἀπολελυμένοι
754 2731 890 2786 τῶν
972 2721 1188 2805 ἔργων
1260 2721 1358 2797 εἰς
1438 2721 1669 2785 ἄνεσιν
1739 2716 2114 2806 τρέπονται,

187 2838 483 2912 συνεχῶς
542 2823 928 2910 ἑστιώμενοι
980 2823 1092 2890 καὶ
1146 2826 1415 2891 πάντων
1462 2836 1598 2891 τῶν
1651 2828 1818 2912 πρὸς
1862 2827 2118 2910 ἡδονὴν

189 2932 578 3017 ἀνηκόντων
625 2932 1123 3016 ἀνεμποδίστως
1165 2931 1632 3010 ἀπολαύοντες.
1718 2933 1832 2998 διὰ
1878 2929 1953 2998 δὲ
1995 2933 2119 3016 τὴν
2161 2952 2221 2998 11

188 3040 488 3125 ἀγωνίαν
533 3039 658 3122 τὴν
711 3038 784 3104 ἐκ
827 3048 944 3122 τῆς
988 3038 1371 3122 ἀναβάσεως
1425 3048 1547 3104 τοῦ
1591 3047 1893 3123 ποταμοῦ
1937 3061 2120 3122 γινο-

105 3164 161 3206 25
190 3143 401 3232 μένην
446 3144 959 3211 κατεσκεύασται
1004 3148 1532 3238 Νειλοσκοπεῖον
1577 3145 1708 3210 ὑπὸ
1753 3155 1889 3210 τῶν
1934 3148 2121 3227 βασι-

188 3251 362 3319 λέων
418 3251 492 3317 έν
555 3258 638 3336 τῇ
702 3249 1002 3336 Μέμφει·
1069 3250 1144 3317 έν
1197 3253 1411 3340 τούτῳ
1478 3248 1552 3317 δὲ
1605 3253 1728 3333 τὴν
1794 3250 2121 3332 ἀνάβασιν

189 3359 481 3445 ἀκριβῶς
516 3357 986 3442 ἐκμετροῦντες
1021 3358 1092 3422 οἰ
1123 3358 1247 3441 τὴν
1281 3360 1527 3423 τούτου
1566 3359 1899 3438 διοίκησιν
1937 3355 2120 3436 ἔχον-

188 3488 298 3542 τες
344 3462 937 3544 ἐξαποστέλλουσιν
984 3466 1078 3540 εἰς
1122 3465 1239 3539 τὰς
1282 3467 1509 3540 πόλεις
1555 3458 1933 3537 ἐπιστολάς,
1981 3456 2122 3519 δια-

338 3700 375 3748 4
410 3690 516 3762 τὴν
553 3709 662 3748 om.
702 3692 764 3747 F
904 3697 936 3745 8
974 3682 1504 3769 μεταβάλλωνὴΑΒ.
