2569 4061
370 222 499 289 120
1034 220 1343 277 DIODORI
1380 219 1613 276 SICULI

297 407 331 456 ὅ
368 387 579 450 θῦσαι
624 394 764 460 τοῖς
807 389 1013 461 θεοῖς.
1095 389 1188 471 τῷ
1224 404 1297 448 τε
1341 386 1542 471 βωμῷ
1589 381 2111 467 προσαχθέντων
2155 395 2290 450 τῶν

366 491 691 574 θυμάτων
737 492 898 567 ἔθος
932 485 1019 573 ἦν
1055 490 1174 553 τὸν
1212 488 1518 574 ἀρχιερέα
1555 490 1801 554 στάντα
1845 493 2131 573 πλησίον
2168 499 2289 556 τοῦ

370 595 691 679 βασιλέως
754 597 1071 681 εὔχεσθαι
1124 594 1377 680 μεγάλῃ
1432 604 1511 680 τῇ
1566 604 1792 680 φωνῇ,
1856 606 2291 682 περιεστῶτος

367 711 492 767 τοῦ
526 706 833 786 πλήθους
866 714 1003 768 τῶν
1039 703 1450 785 Αἰγυπτίων,
1491 703 1730 767 δοῦναι
1764 705 1888 785 τήν
1924 725 1995 768 τε
2032 703 2292 786 ὑγίειαν

367 807 478 873 καὶ
522 810 728 874 τᾶλλα
774 808 999 893 ἀγαθὰ
1042 808 1257 874 πάντα
1293 816 1385 895 τῷ
1431 811 1695 891 βασιλεῖ
1736 799 2168 894 διατηροῦντι
2206 810 2287 873 τὰ
2316 828 2347 869 5

298 941 331 988 6
369 917 533 1001 πρὸς
568 919 726 992 τοὺς
752 913 1325 999 ὑποτεταγμένους
1362 915 1603 979 δίκαια.
1673 914 2288 999 ἀνθομολογεῖσθαι

374 1017 439 1085 δ’
483 1016 568 1103 ἦν
605 1020 971 1102 ἀναγκαῖον
1006 1017 1116 1084 καὶ
1160 1022 1278 1096 τὰς
1322 1021 1488 1086 κατὰ
1532 1018 1733 1106 μέρος
1776 1021 2011 1105 ἀρετὰς
2055 1020 2285 1102 αὐτοῦ,

371 1123 648 1208 λέγοντα
695 1126 866 1190 διότι
910 1128 1079 1211 πρός
1111 1149 1183 1191 τε
1218 1129 1378 1203 τοὺς
1411 1128 1617 1203 θεοὺς
1653 1127 1943 1212 εὐσεβῶς
1976 1125 2089 1191 καὶ
2123 1128 2290 1213 πρὸς

370 1234 527 1308 τοὺς
572 1230 975 1318 ἀνθρώπους
1018 1232 1402 1319 ἡμερώτατα
1450 1233 1796 1299 διάκειται·
1858 1234 2176 1319 ἐγκρατής
2218 1256 2290 1297 τε

370 1338 497 1422 γάρ
545 1337 684 1403 ἐστι
720 1337 832 1403 καὶ
879 1340 1132 1417 δίκαιος
1167 1336 1277 1405 καὶ
1314 1342 1793 1424 μεγαλόψυχος,
1839 1342 1936 1405 ἔτι
1985 1333 2046 1404 δ’
2090 1339 2290 1418 ἀψευ-
2322 1359 2378 1399 10

372 1445 492 1528 δὴς
527 1444 638 1510 καὶ
665 1447 1091 1529 μεταδοτικὸς
1123 1458 1259 1512 τῶν
1289 1445 1567 1529 ἀγαθῶν
1593 1445 1706 1512 καὶ
1741 1448 2042 1512 καθόλου
2079 1447 2293 1529 πάσης

372 1551 732 1635 ἐπιθυμίας
777 1554 1115 1637 κρείττων,
1160 1550 1272 1617 καὶ
1309 1552 1425 1628 τὰς
1460 1547 1583 1635 μὲν
1619 1553 1937 1637 τιμωρίας
1982 1551 2293 1628 ἐλάττους

369 1667 486 1742 τῆς
522 1657 705 1737 ἀξίας
741 1655 1062 1735 ἐπιτιθεὶς
1096 1668 1236 1734 τοῖς
1272 1656 1713 1742 ἁμαρτήμασι,
1759 1658 1875 1733 τὰς
1912 1653 1987 1721 δὲ
2022 1659 2295 1744 χάριτας

372 1767 676 1849 μείζονας
726 1773 842 1847 τῆς
893 1747 1273 1849 εὐεργεσίας
1337 1763 1704 1840 ἀποδιδοὺς
1755 1751 1895 1840 τοῖς
1952 1763 2292 1848 εὐεργετή-

301 1895 331 1944 7
372 1887 542 1936 σασι.
616 1871 828 1934 πολλὰ
864 1867 939 1933 δὲ
974 1867 1088 1934 καὶ
1132 1870 1300 1934 ἄλλα
1344 1872 1769 1954 παραπλήσια
1814 1870 2074 1947 τούτοις
2119 1871 2291 1935 διελ·
2322 1890 2377 1931 15

373 1979 523 2043 θὼν
569 1976 605 2042 ὁ
650 1977 1130 2061 κατευχόμενος
1172 1977 1248 2042 τὸ
1286 1980 1668 2043 τελευταῖον
1712 1973 1881 2063 ὑπὲρ
1918 1988 2053 2043 τῶν
2099 1976 2291 2061 ἀγνο-

374 2083 678 2170 ουμένων
714 2083 884 2170 ἀρὰν
921 2082 1227 2168 ἐποιεῖτο,
1263 2085 1385 2150 τὸν
1421 2081 1545 2169 μὲν
1581 2082 1857 2168 βασιλέα
1892 2094 2028 2150 τῶν
2065 2083 2294 2168 ἐγκλη-

373 2192 598 2276 μάτων
644 2190 1128 2277 ἐξαιρούμενος,
1175 2192 1270 2269 εἰς
1317 2187 1391 2256 δὲ
1443 2193 1603 2268 τοὺς
1645 2191 2141 2277 ὑπηρετοῦντας
2183 2187 2295 2257 καὶ

375 2297 770 2377 διδάξαντας
840 2299 921 2362 τὰ
992 2301 1219 2382 φαῦλα
1282 2296 1395 2361 καὶ
1465 2299 1589 2381 τὴν
1663 2298 1922 2381 βλάβην
1994 2296 2106 2363 καὶ
2173 2298 2295 2380 τὴν

304 2427 337 2475 8
374 2405 697 2487 τιμωρίαν
770 2401 973 2480 ἀξιῶν
1044 2402 1439 2484 ἀποσκῆψαι.
1553 2410 1763 2466 ταῦτα
1836 2397 1899 2466 δ’
1979 2405 2296 2487 ἔπραττεν
2323 2425 2377 2466 2⁰

375 2508 507 2592 ἅμα
562 2504 685 2590 μὲν
739 2510 836 2585 εἰς
889 2506 1421 2590 δεισιδαιμονίαν
1477 2504 1589 2571 καὶ
1644 2512 1933 2592 θεοφιλῆ
1979 2511 2133 2591 βίον
2177 2510 2296 2574 τὸν

374 2612 652 2697 βασιλέα
706 2613 1265 2698 προτρεπόμενος,
1333 2610 1465 2695 ἅμα
1526 2608 1602 2675 δὲ
1665 2608 1777 2676 καὶ
1829 2613 1993 2676 κατὰ
2045 2615 2297 2698 τρόπον

379 2723 494 2801 ζῆν
540 2716 783 2796 ἐθίζων
838 2717 920 2783 οὐ
968 2718 1080 2783 διὰ
1133 2726 1372 2803 πικρᾶς
1424 2719 1919 2801 νουθετήσεως,
1985 2717 2152 2783 ἀλλὰ
2198 2717 2286 2784 δι’

376 2824 669 2892 ἐπαίνων
731 2822 1221 2910 κεχαρισμένων
1297 2822 1411 2889 καὶ
1472 2826 1639 2910 πρὸς
1715 2823 1957 2910 ἀρετὴν
2029 2824 2288 2909 μάλιστ’

307 2957 340 3005 9
381 2932 783 3016 ἀνηκόντων.
876 2931 1036 3016 μετὰ
1104 2926 1180 2996 δὲ
1251 2939 1459 2996 ταῦτα
1535 2939 1657 2996 τοῦ
1729 2927 2053 3015 βασιλέως
2127 2932 2296 3017 [spo-
2324 2955 2375 2996 25

382 3036 893 3122 σκοπησαμένου
956 3040 1180 3126 μόσχῳ
1248 3034 1363 3101 καὶ
1425 3038 2008 3122 καλλιερήσαντος,
2074 3037 2111 3103 ὁ
2175 3033 2298 3121 μὲν
2332 3064 2399 3114 82

379 3146 941 3232 ἱερογραμματεὺς
1011 3141 1557 3229 παρανεγίνωσκέ
1630 3166 1818 3220 τινας
1889 3145 2300 3228 συμβουλίας

520 3343 554 3390 5
590 3333 822 3408 τάγαθὰ
857 3335 1118 3391 Hertlein
1292 3341 1323 3390 ⁷
1361 3329 1707 3408 ἀναγκαῖον]
1746 3337 1971 3393 δίκαιον
2008 3336 2058 3390 D
2229 3343 2300 3393 20

377 3400 555 3488 ἀξιῶν
582 3403 951 3531 ἀποσκῆψαιέ
972 3402 1353 3476 ἀποσκήπτειν
1382 3404 1436 3460 II
1618 3412 1686 3463 22
1715 3407 1811 3463 καὶ
1852 3425 1961 3463 om.
1999 3406 2049 3461 D
2230 3412 2299 3461 23

378 3475 607 3543 munuc]
648 3495 868 3546 μακοασ
958 3521 970 3533 .
