2569 4061
411 287 545 351 416
1118 286 1425 345 DIODORI
1461 287 1696 343 SICULI

412 457 669 536 φθειρε.
743 447 855 514 καὶ
899 447 1053 536 περὶ
1098 446 1221 534 μὲν
1264 460 1402 515 τῶν
1449 450 1853 536 Κενταύρων
1901 451 2144 526 ἱκανῶς
2178 449 2354 533 ἡμῖν

412 557 728 641 εἰρήσθω.

311 662 391 727 13
588 663 782 728 Μετὰ
830 659 904 728 δὲ
948 660 1129 729 ταῦτ’
1181 665 1375 746 ἔλαβε
1421 666 1812 748 πρόσταγμα
1854 663 1979 746 τὴν
2023 664 2349 748 χρυσόκε-

413 791 552 853 ρων
589 764 712 852 μὲν
751 763 964 834 οὖσαν
999 771 1274 852 ἔλαφον,
1319 769 1502 853 τάχει
1539 765 1615 834 δὲ
1653 767 2134 854 διαφέρουσαν,
2182 766 2349 851 ἀγα-

412 884 575 958 γεῖν.
650 884 895 942 τοῦτον
941 872 1016 940 δὲ
1063 877 1180 940 τὸν
1225 869 1446 940 ἆθλον
1492 879 1832 940 συντελῶν
1876 875 1999 958 τὴν
2037 873 2348 939 ἐπίνοιαν
2372 895 2402 935 5

413 984 605 1066 ἔσχεν
660 983 785 1048 οὐκ
829 980 1319 1068 ἀχρηστοτέραν
1371 989 1489 1065 τῆς
1531 982 1695 1046 κατὰ
1740 982 1815 1045 τὸ
1863 990 2053 1064 σῶμα
2100 979 2345 1065 ῥώμης.

415 1090 486 1153 οἰ
525 1085 648 1173 μὲν
690 1090 820 1175 γάρ
867 1104 1079 1173 φασιν
1125 1088 1337 1172 αὐτὴν
1383 1090 1667 1174 ἄρκυσιν
1721 1085 1918 1170 ἑλεῖν,
1975 1087 2046 1151 oc
2098 1083 2172 1151 δὲ
2228 1086 2344 1150 διὰ

413 1203 529 1277 τῆς
592 1195 882 1276 στιβείας
943 1195 1403 1280 χειρώσασθαι
1464 1195 1961 1277 καθεύδουσαν,
2024 1189 2203 1270 τινὲς
2264 1189 2344 1257 δὲ

413 1309 682 1382 συνεχεῖ
723 1299 992 1387 διωγμῷ
1038 1309 1518 1385 καταπονῆσαι·
1573 1302 1749 1384 πλὴν
1801 1302 1967 1366 ἄνευ
2022 1302 2174 1383 βίας
2229 1297 2343 1364 καὶ

411 1404 749 1470 κινδύνων
806 1407 918 1471 διὰ
972 1416 1088 1491 τῆς
1141 1410 1307 1473 κατὰ
1361 1409 1485 1493 τὴν
1538 1408 1761 1493 ψυχὴν
1821 1407 2163 1492 ἀγχινοίας
2221 1408 2342 1471 τὸν
2371 1425 2424 1465 10

411 1504 630 1577 ἆθλον
674 1521 918 1579 τοῦτον
961 1515 1454 1601 κατειργάσατο.

343 1642 374 1690 2
581 1615 653 1683 Ὁ
708 1618 772 1686 δ’
824 1617 1157 1708 εΗρακλῆς
1209 1624 1601 1707 πρόσταγμα
1656 1621 1883 1705 λαβὼν
1936 1620 2053 1696 τὰς
2109 1619 2180 1685 ἐκ
2224 1627 2342 1702 τῆς

392 1728 893 1811 *Στυμφαλίδος
948 1732 1184 1813 λίμνης
1239 1730 1522 1820 ὄρνιθας
1581 1726 1910 1810 ἐξελάσαι,
1970 1724 2170 1811 τέχνῃ
2230 1723 2340 1789 καὶ

414 1831 674 1921 ἐπινοίᾳ
729 1835 975 1921 ῥᾳδίως
1030 1832 1414 1900 συνετέλεσε
1468 1835 1588 1899 τὸν
1648 1830 1883 1900 ἆθλον.
1977 1833 2341 1898 ἐπεπόλασε

412 1940 570 2026 γάρ,
637 1942 725 2017 ὡς
785 1944 1031 2025 ἔοικεν,
1093 1941 1399 2027 ὀρνίθων
1459 1945 1721 2024 πλῆθος
1780 1940 2157 2025 ἀμύθητον,
2221 1936 2339 2003 καὶ
2369 1956 2420 1996 15

411 2051 570 2125 τοὺς
616 2049 690 2114 ἐν
734 2058 813 2135 τῇ
858 2051 1144 2132 πλησίον
1189 2049 1374 2136 χώρᾳ
1408 2052 1707 2135 καρποὺς
1744 2047 2149 2131 ἐλυμαίνετο.
2222 2050 2341 2135 βίᾳ

411 2151 536 2238 μὲν
573 2150 698 2220 οὗν
744 2155 1081 2222 ἀδύνατον
1123 2151 1212 2239 ἦν
1255 2157 1710 2241 χειρώσασθαι
1753 2156 1834 2220 τὰ
1882 2158 2010 2243 ζῷα
2058 2156 2172 2220 διὰ
2215 2155 2338 2238 τὴν

411 2260 794 2348 ὑπερβολὴν
856 2271 979 2328 τοῦ
1041 2266 1381 2347 πλήθους,
1448 2260 1850 2347 φιλοτέχνου
1916 2259 1977 2326 δ’
2041 2260 2339 2337 ἐπινοίας

411 2368 453 2450 ἡ
499 2370 734 2455 πρᾶξις
778 2370 1184 2456 προσεδεῖτο.
1270 2370 1503 2454 διόπερ
1547 2369 2041 2445 κατασκευάσας
2085 2372 2336 2452 χαλκῆν

411 2478 783 2559 πλαταγήν,
843 2475 956 2540 καὶ
1016 2477 1128 2540 διὰ
1182 2476 1427 2558 ταύτης
1481 2474 1772 2554 ἐξαίσιον
1830 2475 2336 2554 κατασκευάζων
2362 2492 2417 2532 20

410 2583 661 2664 ψόφον,
722 2579 1022 2665 ἐξεφόβει
1079 2583 1161 2645 τὰ
1223 2584 1381 2668 ζῷα,
1446 2580 1558 2646 καὶ
1619 2579 1824 2667 πέρας
1885 2589 1966 2666 τῇ
2028 2584 2336 2669 συνεχείᾳ

409 2694 533 2750 τοῦ
577 2688 825 2768 κρότου
871 2686 1118 2773 ῥᾳδίως
1164 2685 1686 2774 ἐκπολιορκήσας
1720 2689 2030 2773 καθαρὰν
2068 2687 2336 2773 ἐποίησε

409 2793 531 2876 τὴν
577 2793 833 2876 λίμνην.

343 2922 376 2970 3
600 2897 884 2976 Τελέσας
939 2896 1013 2964 δὲ
1057 2897 1167 2964 καὶ
1213 2908 1457 2965 τοῦτον
1501 2901 1621 2965 τὸν
1666 2895 1885 2965 ἆθλον
1931 2902 2125 2984 ἔλαβε
2168 2899 2327 2987 παρ’

412 3004 826 3093 Εὐρυσθέως
870 3009 1258 3094 πρόσταγμα
1303 3008 1427 3091 τὴν
1473 3007 1688 3090 αὐλὴν
1729 3008 1855 3092 τὴν
1899 3006 2173 3091 Αὐγέου
2218 3031 2331 3072 κα-
2359 3024 2412 3064 25

410 3120 620 3201 θᾶραι
683 3116 971 3199 μηδενὸς
1034 3118 1478 3199 βοηθοῦντος·
1563 3113 1729 3197 αὕτη
1796 3107 1858 3179 δ’
1930 3113 2003 3180 ἐκ
2066 3118 2333 3180 πολλῶν

409 3224 675 3305 χρόνων
746 3221 1208 3307 ἠθροισμένην
1269 3223 1525 3306 κόπρον
1597 3215 1774 3304 εἶχεν
1847 3221 2174 3304 ἄπλατον,
2246 3221 2332 3304 ἣν

589 3416 622 3463 5
659 3408 764 3478 τὴν
804 3427 913 3465 om.
951 3412 1103 3480 vulg.
1263 3418 1296 3465 6
1334 3407 1480 3466 κατὰ
1519 3407 1584 3464 τὸ
1623 3412 1809 3482 σῶμα]
1848 3412 1949 3466 τοῦ
1987 3409 2245 3481 σώματος
2279 3413 2330 3466 D

410 3481 441 3526 8
481 3481 696 3548 στιβίας
732 3481 799 3547 D,
838 3482 1084 3552 στειβίας
1124 3480 1231 3535 C'F'
1351 3486 1420 3536 22
1459 3476 1847 3550 ἐκπολεμήσας
1890 3480 1996 3537 OF
2117 3487 2186 3536 25
2225 3480 2331 3552 τὴν

408 3544 495 3609 Α.]
534 3549 636 3598 τοῦ
674 3555 734 3601 Α.
774 3550 927 3617 vulg.
1072 3557 1140 3605 27
1177 3548 1423 3622 χρόνων]
1466 3548 1606 3606 ἐτῶν
1644 3551 1698 3604 Π
1804 3549 2051 3607 ἄπλετον
2089 3554 2156 3609 ΙΙ.
