2569 4061
309 732 343 778 4

316 1793 348 1842 5

379 332 512 396 384
1044 329 1355 386 DIODORI
1392 329 1624 386 SICULI

377 504 643 580 πρῶτον
671 488 794 577 μὲν
823 495 1172 578 στρατείαν
1199 492 1563 579 ὑπερόριον
1601 474 2012 573 στείλασθαι,
2050 493 2326 576 πολλὴν

380 596 455 666 δὲ
526 606 642 682 τῆς
717 598 1108 684 οἰκουμένης
1177 610 1319 676 τοῖς
1401 599 1630 675 ὅπλοις
1709 597 2327 681 καταστρέψασθαι.

378 706 664 789 μάλιστα
700 700 763 770 δ’
799 706 1003 783 αὐτάς
1038 722 1205 791 φασι
1241 714 1668 791 παρορμῆσαι
1701 707 1867 791 πρὸς
1897 706 2022 788 τὴν
2059 721 2329 790 συμμα-

383 814 536 896 χίαν
567 810 864 897 Ἀθηνᾶν
895 814 1007 877 διά
1034 813 1153 877 τὸν
1181 811 1421 895 ὅμοιον
1458 820 1574 895 τῆς
1607 811 2056 898 προαιρέσεως
2097 815 2326 896 ζῆλον,

384 918 474 996 ὡς
530 918 614 984 ἂν
668 931 806 985 τῶν
856 915 1229 1003 Ἀμαζόνων
1286 916 1743 1002 ἀντεχομένων
1800 916 1907 983 ἐπὶ
1966 918 2141 982 πολὺ
2199 927 2328 1001 τῆς
2356 937 2383 977 5

388 1025 701 1112 ἀνδρείας
745 1023 857 1090 καὶ
902 1026 1288 1108 παρθενίας.
1385 1023 1785 1108 διῃρημένης
1833 1020 1907 1089 δὲ
1952 1033 2069 1107 τῆς
2117 1025 2326 1089 δυνά-

383 1155 576 1216 μεως,
613 1129 725 1198 καὶ
760 1142 896 1195 τῶν
933 1127 1056 1214 μὲν
1083 1130 1355 1215 ἀνδρῶν
1385 1139 1914 1214 στρατηγοῦντος
1944 1131 2324 1213 Διονύσου,

383 1249 518 1302 τῶν
565 1234 639 1301 δὲ
683 1246 1023 1318 γυναικῶν
1075 1236 1199 1318 τὴν
1253 1235 1620 1320 ἡγεμονίαν
1676 1236 1957 1320 ἐχούσης
2006 1233 2324 1333 Ἀθηνᾶς,

382 1345 882 1430 προσπεσόντας
910 1343 1070 1426 μετὰ
1096 1350 1211 1425 τῆς
1240 1352 1551 1428 στρατιᾶς
1577 1354 1716 1420 τοῖς
1751 1347 1984 1408 Τιτᾶσι
2023 1344 2325 1421 συνάψαι

383 1449 617 1533 μάχην.
691 1447 1054 1533 γενομένης
1092 1444 1165 1513 δὲ
1200 1449 1622 1535 παρατάξεως
1660 1451 1954 1536 ἰσχυρᾶς,
2000 1448 2111 1515 καὶ
2156 1455 2322 1515 πολ-
2355 1471 2409 1510 ιο

384 1560 521 1620 λῶν
565 1553 722 1641 παρ’
778 1553 1178 1641 ἀμφοτέροις
1222 1558 1586 1639 πεσόντων,
1631 1561 1980 1641 τρωθῆναι
2026 1552 2146 1638 μὲν
2190 1557 2319 1621 τὸν

386 1664 680 1747 Κρόνον,
718 1661 1146 1748 ἐπικρατῆσαι
1183 1658 1257 1727 δὲ
1295 1663 1414 1727 τὸν
1452 1664 1799 1727 Διόνυσον
1835 1661 2322 1746 ἀριστεύσαντα

388 1770 552 1834 κατὰ
596 1768 724 1851 τὴν
768 1769 1003 1853 μάχην.
1085 1769 1246 1853 μετὰ
1295 1765 1370 1833 δὲ
1415 1778 1622 1834 ταῦτα
1665 1772 1823 1846 τοὺς
1868 1764 1990 1853 μὲν
2035 1772 2322 1846 Τιτᾶνας

388 1886 631 1960 φυγεῖν
685 1877 780 1952 εἰς
836 1878 994 1952 τοὺς
1045 1874 1581 1958 κατακτηθέντας
1634 1875 1766 1941 ὑπὸ
1823 1886 1957 1941 τῶν
2002 1873 2152 1962 περὶ
2197 1877 2319 1941 τὸν

369 1981 688 2068 ’Ἀμμωνα
730 1984 999 2066 τόπους,
1044 1982 1164 2047 τὸν
1212 1977 1286 2047 δὲ
1322 1984 1669 2048 Διόνυσον
1705 1982 2118 2070 ἀθροίσαντα
2152 1986 2317 2066 πλῆ-
2351 2002 2405 2044 15

387 2097 516 2166 θος
544 2091 980 2175 αἰχμαλώτων
1009 2088 1409 2153 ἐπανελθεῖν
1438 2091 1533 2166 εἰς
1560 2091 1683 2173 τὴν
1711 2093 1971 2155 Νῦσαν.
2020 2089 2322 2154 ἐνταῦθα

389 2192 464 2260 δὲ
517 2198 641 2280 τὴν
698 2198 987 2281 δύναμιν
1041 2198 1527 2282 περιστήσαντα
1571 2196 2134 2281 καθωπλισμένην
2177 2206 2321 2273 τοῖς
2405 2199 2416 2208 “

391 2301 627 2368 ἁλοῦσι
686 2304 1092 2389 κατηγορίαν
1150 2304 1563 2385 ποιήσασθαι
1623 2313 1758 2368 τῶν
1827 2303 2148 2387 Τιτάνων,
2206 2301 2319 2369 καὶ

389 2418 611 2474 πᾶσαν
637 2409 970 2474 ὑπόνοιαν
994 2413 1383 2476 καταλιπεῖν
1412 2409 1501 2485 ὡς
1528 2407 1855 2492 μέλλοντα
1880 2411 2319 2475 κατακόπτειν

389 2519 546 2592 τοὺς
566 2517 1036 2599 αἰχμαλώτους.
1087 2514 1547 2591 ἀπολύσαντος
1576 2509 1639 2579 δ’
1665 2515 1909 2592 αὐτοὺς
1926 2525 2062 2579 τῶν
2091 2514 2318 2599 ἐγκλη-
2347 2536 2404 2575 20

391 2623 617 2704 μάτων
672 2619 784 2686 καὶ
838 2623 962 2705 τὴν
1017 2620 1326 2699 ἐξουσίαν
1381 2622 1617 2697 δόντος
1672 2627 1803 2687 εἴτε
1848 2622 2320 2707 συστρατεύειν

391 2732 519 2791 εἴτε
585 2726 849 2791 ἀπιέναι
922 2725 1275 2810 βούλοιντο
1290 2775 1307 2807 ,
1382 2728 1632 2803 πάντας
1705 2726 1977 2792 ἑλέσθαι
2041 2742 2317 2813 συστρα-

391 2834 635 2898 τεύειν·
685 2833 797 2897 διά
845 2828 918 2897 δὲ
963 2833 1037 2897 τὸ
1083 2831 1469 2918 παράδοξον
1512 2842 1629 2915 τῆς
1665 2837 1993 2920 σωτηρίας
2030 2851 2320 2920 προσκυ-

389 2950 536 3005 νεῖν
582 2938 826 3016 αὐτοὺς
871 2938 961 3015 ὡς
1003 2941 1188 3003 θεόν.
1261 2940 1381 3005 τὸν
1428 2935 1504 3004 δὲ
1547 2942 1889 3006 Διόνυσον
1935 2942 2320 3027 παράγοντα

391 3042 548 3113 καθ’
613 3046 732 3112 ἕνα
796 3056 932 3111 τῶν
996 3046 1429 3131 αἰχμαλώτων
1490 3044 1603 3111 καὶ
1667 3048 1945 3112 διδόντα
2017 3047 2321 3130 σπονδὴν
2347 3067 2404 3108 25

393 3161 586 3220 οἴνου
631 3155 883 3230 πάντας
928 3152 1289 3238 ἐξορκῶσαι
1347 3153 1863 3238 συστρατεύσειν
1909 3152 2166 3229 ἀδόλως
2209 3151 2320 3217 καὶ

392 3259 581 3346 μέχρι
625 3265 934 3343 τελευτῆς
968 3262 1250 3344 βεβαίως
1289 3261 1827 3341 διαγωνιεῖσθαι·
1876 3260 1982 3323 διὸ
2022 3257 2132 3324 καὶ
2168 3260 2319 3323 τού-

540 3453 566 3499 1
607 3450 930 3520 στρατείαν]
968 3447 1178 3536 πολλῂν
1208 3448 1476 3530 add-OF
1579 3453 1611 3500 3
1652 3444 1852 3511 αὐταῖς
1890 3451 1938 3503 D
2054 3457 2117 3505 19
2145 3450 2319 3505 πᾶσιν

395 3531 610 3598 0091010
697 3525 766 3599 21²
795 3515 1027 3590 αὐτοὺς]
1059 3517 1234 3574 αυτὸν
1265 3519 1472 3572 Re1ske
1546 3524 1614 3572 26
1646 3514 1933 3587 ἐξορκίσαι
1960 3520 2013 3574 11
2087 3538 2318 3590 συστρα-

392 3599 579 3635 τευειν
623 3588 859 3654 codmes,
899 3604 1038 3643 corr.
1076 3590 1257 3644 Wese,
