2569 4061
12 85 2517 133 —
2550 87 2555 131 j

1128 343 1208 398 111
1245 349 1332 400 40.
2069 345 2202 411 327

281 507 601 592 φύλαξεν·
661 506 822 571 ὅταν
877 503 951 571 δὲ
1012 505 1139 571 ἀπὸ
1199 502 1323 590 μὲν
1375 517 1510 580 τῶν
1564 516 1743 572 θεῶν
1796 507 1838 590 ἡ
1895 527 2205 593 προειρηα

278 612 440 699 μένη
488 613 575 697 μὴ
620 614 1187 698 παρακολουθήσῃ
1223 614 1530 696 βοήθεια,
1575 614 1655 677 τὰ
1691 610 1764 678 δὲ
1800 623 1916 698 τῆς
1950 622 2206 700 τροφῆς

279 723 467 806 λίπῃ,
521 723 678 796 τοὺς
732 716 854 804 μὲν
910 718 1435 804 ἀσθενεστέρους
1483 719 1553 783 oc
1592 722 2059 803 κατισχύοντες
2102 719 2205 786 ἐκ-

281 828 644 910 βάλλουσιν
689 829 785 902 εἰς
828 826 1192 909 θάλατταν,
1248 825 1426 902 ὅπως
1469 836 1610 901 τοῖς
1654 824 1907 907 ὀλίγοις
1949 829 2030 891 τὰ
2074 832 2204 892 λει-

225 951 253 993 5
282 936 535 1018 πόμενα
597 944 734 999 τῶν
798 932 1178 1014 ἀναγκαίων
1240 933 1554 1008 πλείονας
1623 929 1871 1017 ἡμέρας
1944 929 2204 1016 ἀντέχῃ,

278 1038 483 1125 πέρας
527 1036 603 1106 δὲ
646 1040 862 1116 πάσας
905 1039 1023 1114 τὰς
1068 1037 1339 1115 ἐλπίδας
1385 1036 1840 1116 ἐξαλείψαντες
1876 1036 2204 1103 ἀπόλλυν-

277 1169 385 1212 ται
428 1149 603 1212 πολὺ
647 1156 875 1232 χεῖρον
919 1155 1056 1211 τῶν
1099 1146 1741 1229 προαποθανόντων·
1799 1145 1870 1209 οἱ
1910 1140 2031 1229 μὲν
2076 1146 2204 1230 γὰρ

284 1251 357 1318 έν
404 1253 640 1338 ἀκαρεῖ
678 1255 898 1340 χρόνῳ
944 1252 1020 1316 τὸ
1065 1259 1326 1335 πνεῦμα
1369 1260 1449 1335 τῇ
1499 1251 1710 1337 δούσῃ
1756 1251 1960 1336 φύσει
2002 1251 2205 1316 πάλιν

278 1357 651 1441 ἀπέδωκαν,
707 1359 778 1423 οἰ
828 1352 889 1422 δ’
942 1359 1037 1434 εἰς
1079 1358 1329 1434 πολλὰς
1371 1360 1816 1444 ταλαιπωρίας
1858 1359 2204 1444 καταμερί-

199 1483 256 1525 10
284 1480 518 1540 σαντες
579 1465 700 1528 τὸν
761 1464 1063 1528 θάνατον
1125 1466 1613 1549 πολυχρονίους
1674 1465 1791 1540 τὰς
1853 1465 2205 1551 συμφορὰς

283 1573 546 1655 ἔχοντες
589 1577 705 1652 τῆς
748 1577 870 1634 τοῦ
916 1572 1072 1652 βίου
1114 1577 1578 1655 καταστροφῆς
1621 1570 2042 1655 τυγχάνουσι.
2123 1572 2205 1636 τὰ
2240 1592 2275 1642 8

281 1673 358 1741 δὲ
402 1676 625 1760 σκάφη
671 1683 880 1740 ταῦτα
922 1686 1058 1741 τῶν
1095 1674 1425 1759 ἐπιβατῶν
1462 1678 1739 1762 οἰκτρῶς
1777 1676 2205 1763 στερηθέντα,

170 1771 279 1852 208
297 1782 602 1867 καθάπερ
663 1782 814 1847 τινὰ
859 1782 1220 1866 κενοτάφια
1234 1830 1253 1864 ,
1322 1778 1619 1866 διαμένει
1677 1784 1897 1847 πολὺν
1960 1785 2207 1868 χρόνον

278 1887 1307 1974 πανταχόθενπεριχωννύμενα,
1351 1890 1512 1964 τοὺς
1556 1885 1618 1953 δ’
1665 1888 1891 1965 ἱστοὺς
1935 1884 2048 1952 καὶ
2091 1889 2207 1964 τὰς

199 2015 256 2058 15
280 1997 549 2082 κεραίας
601 1994 973 2080 μετεώρους
1024 1996 1261 2080 ἔχοντα
1306 1996 1665 2081 πόρρωθεν
1707 1995 1866 2072 τοὺς
1912 1993 2207 2081 ὁρῶντας

285 2104 381 2179 είς
436 2096 662 2167 οἶκτον
714 2100 827 2168 καὶ
883 2102 1310 2186 συμπάθειαν
1367 2103 1513 2184 ἄγει
1564 2112 1702 2167 τῶν
1765 2101 2208 2167 ἀπολωλότων

277 2211 667 2295 πρόσταγμα
711 2209 838 2295 γάρ
886 2208 1025 2274 ἐστι
1071 2206 1394 2291 βασιλέως
1439 2206 1557 2273 ἐᾶν
1602 2210 1682 2273 τὰ
1726 2215 2002 2273 τοιαῦτα
2038 2223 2204 2293 συμ-

279 2315 593 2399 πτώματα
645 2324 788 2391 τοῖς
839 2311 1120 2379 πλέουσι
1175 2315 1640 2398 διασημαίνειν
1693 2317 1851 2390 τοὺς
1897 2314 2015 2379 τὸν
2060 2315 2204 2379 ὄλε-

272 2426 451 2506 θρον
495 2429 1006 2506 περιποιοῦντας
1050 2422 1310 2498 τόπους.
1391 2422 1571 2506 παρὰ
1615 2416 1690 2485 δὲ
1732 2429 1874 2498 τοῖς
1916 2422 2201 2503 πλησίον
2239 2443 2272 2492 9

195 2549 253 2590 20
278 2535 703 2593 κατοικοῦσιν
723 2524 1195 2612 Ἰχθυοφάγοις
1220 2525 1668 2613 παραδέδοται
1696 2529 1915 2609 λόγος,
1943 2525 2017 2592 ἐκ
2042 2548 2203 2614 προ-

276 2634 499 2716 γόνων
542 2636 711 2718 ἔχων
758 2632 1265 2718 φυλαττομένην
1310 2634 1434 2717 τὴν
1478 2635 1731 2718 φήμην,
1779 2633 1880 2698 ὅτι
1916 2634 2203 2719 μεγάλης

279 2740 462 2816 τινὸς
505 2737 866 2824 γενομένης
911 2740 1267 2825 ἀμπώτεως
1311 2738 1572 2824 ἐγεώθη
1617 2749 1741 2805 τοῦ
1784 2742 2040 2806 κόλπου
2074 2750 2202 2818 πᾶς

281 2845 319 2911 ὁ
363 2848 565 2923 τόπος
611 2847 647 2912 ὁ
693 2848 816 2931 τὴν
860 2848 1127 2933 χλωρὰν
1180 2849 1351 2930 ἔχων
1404 2855 1526 2912 τοῦ
1580 2847 1796 2912 τύπου
1848 2849 2201 2933 πρόσοψιν,

273 2953 773 3037 μεταπεσούσης
816 2962 933 3036 τῆς
976 2954 1312 3037 θαλάττης
1356 2955 1451 3030 εἰς
1495 2952 1814 3019 τάναντία
1859 2952 2048 3040 μέρη,
2093 2952 2205 3019 καὶ

194 3077 249 3121 2⁶
276 3062 600 3144 φανείσης
643 3067 758 3141 τῆς
814 3057 920 3124 ἐπὶ
964 3068 1056 3147 τῷ
1102 3063 1298 3146 βυθῷ
1344 3057 1588 3145 χέρσου
1632 3061 1835 3125 πάλιν
1881 3057 2202 3123 ἐπελθοῦ-

278 3181 407 3230 σαν
451 3163 746 3244 έξαίσιον
798 3167 1065 3249 πλήμην
1112 3165 1644 3250 ἀποκαταστῆσαι
1687 3166 1806 3230 τὸν
1849 3166 2063 3248 πόρον
2108 3163 2203 3238 εἰς

275 3271 401 3354 τὴν
443 3271 1009 3359 προϋπάρχουσαν
1054 3271 1257 3351 τάξιν.

454 3399 485 3447 9
536 3388 951 3447 ἀνταπέδωκαν
997 3392 1051 3445 Π
1232 3398 1300 3448 18
1346 3392 1696 3460 διασημᾶναι
1731 3390 1785 3443 Π
1962 3393 2032 3442 21
2082 3407 2201 3469 φω-

275 3461 385 3531 νὴν
422 3462 519 3517 DF
542 3530 555 3549 1
593 3469 662 3518 22
693 3457 942 3547 ἔγενῄθη
973 3463 1024 3517 II
1098 3463 1233 3533 πᾶς]
1268 3461 1438 3532 ξηρὸς
1465 3463 1579 3524 πᾶς
1606 3465 1656 3516 F
1730 3467 1798 3515 23
1827 3456 2011 3599 &gnezni
2039 3457 2202 3582 {32⁰1ss

273 3533 1022 3677 ἓῂἒῗλήῖἵηῖῗυπῗέμῖἶιύρὲἒ
1048 3533 1381 3673 ῧῗὶπῗέμῖν
1415 3531 1889 3672 ῗίὶγξτλξομμύὲῗιν
1921 3548 1986 3653 ,ἃ
