2569 4061
1049 327 1126 381 IV
1168 333 1215 381 7.
1249 332 1297 381 8.
1330 332 1379 381 9.
2050 327 2186 392 407

256 493 382 575 τὴν
409 490 791 575 ὑπερβολὴν
819 497 940 554 τοῦ
978 488 1311 574 μεγέθους
1342 498 1478 554 τῶν
1512 491 1727 575 ἔργων
1762 491 2188 556 ἀπιστεῖσθαι

255 598 381 680 τὴν
427 599 715 683 γραφήν.
789 598 1092 662 καθόλου
1128 592 1251 681 μὲν
1288 597 1415 679 γὰρ
1463 595 1536 660 έν
1581 607 1723 673 ταῖς
1768 602 2187 682 μυθολογου-
2223 618 2264 666 4

259 701 489 785 μέναις
537 705 858 790 ἱστορίαις
904 703 1028 768 οὐκ
1073 701 1145 768 ἐκ
1190 702 1438 778 παντὸς
1481 703 1735 788 τρόπου
1780 715 2028 788 πικρῶς
2063 705 2186 787 τὴν

261 807 586 892 ἀλήθειαν
651 806 1046 888 ἐξεταστέον.
1139 806 1251 873 καὶ
1317 809 1446 893 γὰρ
1512 805 1586 871 ἐν
1648 818 1789 884 τοῖς
1851 810 2185 894 θεάτροις,

202 930 230 971 ⁶
258 913 681 1000 πεπεισμένοι
718 918 879 1000 μήτε
909 914 1341 1000 Κενταύρους
1379 914 1644 997 διφυεῖς
1681 912 1747 993 ἐξ
1786 912 2188 999 ἑτερογενῶν

260 1022 583 1106 σωμάτων
618 1020 904 1107 ὑπάρξαι
941 1023 1103 1105 μήτε
1137 1022 1495 1105 Γηρυόνην
1531 1020 1970 1106 τρισώματον,
2009 1021 2188 1105 ὅμως

256 1130 765 1214 προσδεχόμεθα
823 1129 940 1203 τάς
997 1127 1307 1202 τοιαύτας
1367 1130 1812 1210 μυθολογίας,
1872 1125 1985 1192 καὶ
2040 1138 2185 1205 ταῖς

259 1233 719 1318 ἐπισημασίαις
765 1233 1184 1316 συναύξομεν
1229 1233 1353 1316 τὴν
1399 1242 1520 1298 τοῦ
1566 1240 1737 1299 θεοῦ
1783 1236 1996 1319 τιμήν.
2072 1232 2184 1299 καὶ
2222 1255 2256 1304 5

256 1342 383 1426 γὰρ
431 1342 681 1405 ἄτοπον
717 1337 1046 1425 “Ηρακλεά
1090 1335 1213 1423 μὲν
1260 1341 1355 1402 ἔτι
1392 1336 1531 1403 κατ’
1579 1340 1983 1427 ἀνθρώπους
2021 1343 2181 1407 ὄντα

174 1463 229 1501 1⁰
255 1457 396 1522 τοῖς
443 1447 640 1522 ἰδίοις
685 1448 917 1522 πόνοις
953 1444 1359 1529 ἐξημερῶσαι
1395 1447 1518 1528 τὴν
1556 1446 1976 1531 οἰκουμένην,
2024 1450 2183 1525 τοὺς

257 1548 318 1615 δ’
354 1551 759 1636 ἀνθρώπους
796 1549 1326 1635 ἐπιλαθομένους
1370 1561 1486 1634 τῆς
1530 1561 1756 1635 κοινῆς
1803 1554 2182 1638 εὐεργεσίας

256 1669 705 1742 συκοφαντεῖν
739 1659 859 1722 τὸν
899 1655 1005 1722 ἐπὶ
1040 1668 1181 1735 τοῖς
1204 1660 1596 1734 καλλίστοις
1623 1660 1844 1743 ἔργοις
1881 1661 2178 1744 ἔπαινον,

253 1762 364 1829 καὶ
423 1767 581 1841 τοὺς
639 1760 762 1849 μὲν
820 1767 1199 1850 προγόνους
1260 1765 1373 1828 διὰ
1435 1766 1559 1847 τὴν
1621 1763 2001 1850 ὑπερβολὴν
2063 1775 2181 1849 τῆς

254 1871 489 1957 ἀρετῆς
517 1868 1063 1955 ὁμολογουμένην
1091 1870 1269 1959 αὐτῷ
1301 1878 1727 1956 συγχωρῆσαι
1763 1871 1887 1954 τὴν
1924 1871 2179 1938 ἀθανα-

172 1991 226 2033 15
254 1980 431 2062 σίαν,
477 1977 648 2063 ἡμᾶς
694 1973 768 2043 δὲ
812 1978 978 2064 πρὸς
1023 1978 1142 2042 τὸν
1188 1978 1358 2042 θεὸν
1393 1973 1561 2062 μηδὲ
1597 1977 1721 2061 τὴν
1756 1980 2179 2066 πατροπαρά-

255 2086 455 2151 δοτον
485 2084 828 2169 εὐσέβειαν
857 2084 1346 2168 διαφυλάττειν.
1422 2083 1588 2149 ἀλλὰ
1623 2086 1752 2170 γὰρ
1790 2096 1923 2150 τῶν
1958 2087 2179 2151 τοιού-

252 2214 387 2256 των
448 2194 668 2275 λόγων
728 2189 1049 2275 ἀφέμενοι
1110 2188 1398 2274 διέξιμεν
1463 2190 1670 2256 αὐτοῦ
1733 2193 1849 2269 τὰς
1909 2193 2179 2279 πράξεις

254 2292 363 2362 ἀπ’
417 2297 620 2385 ἀρχῆς
667 2297 1060 2373 ἀκολούθως
1103 2306 1243 2372 τοῖς
1288 2298 1753 2374 παλαιοτάτοις
1798 2309 1933 2363 τῶν
1988 2321 2179 2383 ποιη-

252 2413 387 2468 τῶν
431 2427 501 2468 τε
546 2402 656 2469 καὶ
702 2405 1123 2488 μυθολόγων.

170 2525 226 2564 20
439 2514 569 2591 Τῆς
617 2505 953 2596 Ἀκρισίου
1007 2512 1241 2574 τοίνυν
1298 2509 1574 2592 Δανάης
1628 2507 1738 2574 καὶ
1783 2513 1952 2588 Διός
2007 2528 2174 2597 φασι
2202 2513 2244 2578 9

252 2612 570 2696 γενέσθαι
617 2614 908 2703 Περσέα·
965 2616 1179 2703 τούτῳ
1237 2610 1312 2679 δὲ
1366 2626 1674 2699 μιγεῖσαν
1717 2617 1840 2700 τὴν
1887 2617 2176 2702 Κηφέως

243 2719 697 2809 Ἀνδρομέδαν
750 2718 1213 2808 Ἠλεκτρύωνα
1270 2730 1620 2806 γεννῆσαι,
1684 2724 1905 2789 ἔπειτα
1958 2727 2172 2815 τούτῳ

248 2829 373 2912 τὴν
433 2828 740 2905 Πέλοπος
802 2828 1192 2915 Εὐρυδίκην
1251 2830 1749 2912 συνοικήσασαν
1802 2828 2175 2917 Ἀλκμήνην

247 2945 593 3018 τεκνῶσαι,
640 2932 750 3000 καὶ
796 2935 1003 3018 ταύτῃ
1049 2937 1187 2999 Δία
1233 2933 1507 3017 μιγέντα
1553 2933 1641 3000 δι’
1687 2936 1938 3020 ἀπάτης
1972 2935 2173 3024 (Ηρα-

167 3052 221 3094 25
248 3040 406 3107 κλέα
442 3050 779 3124 γεννῆσαι.
850 3041 974 3123 τὴν
1011 3036 1133 3124 μὲν
1170 3034 1297 3104 οὖν
1343 3039 1507 3123 ὅλην
1543 3048 1665 3105 τοῦ
1710 3040 1948 3122 γένους
1986 3042 2172 3126 ῥίζαν
2210 3064 2243 3113 2

250 3141 360 3212 ἀπ’
413 3145 810 3233 ἀμφοτέρων
863 3158 998 3211 τῶν
1051 3143 1310 3228 γονέων
1366 3146 1460 3222 εἰς
1513 3147 1633 3210 τὸν
1678 3144 1991 3229 μέγιστον
2036 3158 2171 3211 τῶν

246 3260 430 3319 θεῶν
468 3253 832 3340 ἀναφέρειν
869 3251 1126 3335 λέγεται
1160 3254 1280 3317 τὸν
1318 3250 1670 3337 εἰρημένον
1705 3254 1972 3336 τρόπον.
2046 3254 2171 3337 τὴν

427 3452 459 3500 3
508 3442 938 3514 ἰστορουμὲναις
982 3444 1357 3514 μυθολογίαις
1395 3442 1477 3497 ΓΔ
1634 3449 1664 3497 7
1702 3440 1826 3515 τὰς]
1868 3443 1949 3507 εἰς
1983 3442 2086 3508 τὰς
2123 3446 2171 3499 D

248 3519 315 3570 11
363 3516 585 3588 κοινῆς]
628 3515 777 3578 ἰδίας
811 3514 860 3569 D
1009 3520 1075 3570 13
1121 3510 1414 3583 ὑπεροχὴν
1452 3514 1605 3583 vulg.
1754 3522 1818 3571 18
1865 3515 2173 3571 παλαιοτά-

243 3586 388 3657 τοις]
429 3583 824 3657 ἀρχαιοτάτοις
860 3586 1013 3657 vulg.
1161 3592 1230 3640 24
1266 3585 1565 3656 τεκνῶσαι]
1605 3586 1875 3655 γεννῆσαι
1911 3589 1978 3642 D.
