2569 4061
955 342 1034 397 IV
1071 348 1156 398 83.
1195 348 1279 398 84.
1320 347 1405 397 85.
2007 340 2135 406 531

181 528 394 572 πτον.
486 505 560 570 ἐν
615 505 820 590 ταύτῃ
878 500 952 569 δὲ
1008 512 1088 589 τῇ
1141 505 1326 592 χώρα
1382 508 1779 587 συναγκείας
1834 502 2136 591 δένδρων

187 614 416 696 οὔσης
469 618 889 698 θεοπρεποῦς
942 609 1054 675 καὶ
1108 611 1464 696 Νύμφαις,
1490 612 1736 688 ἄλσους
1783 610 2136 696 ἀνειμένου

188 723 674 804 μυθολογοῦσι
706 724 1123 802 γεννηθῆναι
1159 719 1278 783 τὸν
1317 718 1809 801 ὀνομαζόμενον
1836 719 2137 801 Δάφνιν,
2209 763 2213 768 -

180 822 451 911 Ἑρμοῦ
489 819 611 908 μὲν
647 824 760 889 καὶ
797 825 1095 909 Νύμφης
1140 826 1317 907 υἱόν,
1366 823 1494 889 ἀπὸ
1545 819 1618 888 δὲ
1663 831 1785 888 τοῦ
1830 826 2139 905 πλήθους

133 949 163 989 5
192 930 318 997 καὶ
375 939 491 1014 τῆς
544 933 954 1015 πυκνότητος
1009 940 1125 1014 τῆς
1180 928 1523 1015 φυομένης
1573 930 1833 1014 δάφνης
1879 930 2137 1014 ὠνομά-

197 1044 377 1102 σθαι
422 1038 720 1122 Δάφνιν.
811 1046 1056 1103 τοῦτον
1113 1034 1172 1101 δ’
1227 1036 1360 1101 ὑπὸ
1407 1039 1723 1121 Νυμφῶν
1776 1033 2138 1122 τραφέντα,
2176 1062 2208 1108 3

197 1141 317 1209 καὶ
376 1146 560 1226 βοῶν
615 1141 853 1226 ἀγέλας
913 1148 1337 1227 παμπληθεῖς
1394 1140 1817 1227 κεκτημένον,
1880 1142 2139 1208 τούτων

201 1255 556 1314 ποιεῖσθαι
599 1250 858 1333 πολλὴν
904 1247 1309 1333 ἐπιμέλειαν·
1358 1246 1474 1332 ἀφ’
1518 1244 1598 1332 ἧς
1644 1250 1856 1325 αἰτίας
1899 1250 2139 1331 βουκό-

204 1360 336 1420 λον
394 1354 598 1421 αὐτὸν
653 1356 1136 1440 ὀνομασθῆναι.
1229 1356 1433 1441 φύσει
1493 1352 1568 1421 δὲ
1624 1356 1927 1444 διαφόρῳ
1974 1357 2141 1441 πρὸς

119 1481 177 1520 10
207 1458 560 1545 εὐμέλειαν
631 1460 1167 1549 κεχορηγημένον
1240 1460 1534 1547 ἐξευρεῖν
1596 1463 1672 1526 τὸ
1739 1463 2139 1544 βουκολικὸν

129 1575 140 1582 “
205 1569 465 1651 ποίημα
507 1566 621 1632 καὶ
666 1566 884 1652 μέλος,
932 1568 968 1634 ὃ
1016 1566 1206 1655 μέχρι
1250 1577 1373 1633 τοῦ
1418 1576 1550 1633 νῦν
1583 1569 1749 1633 κατα
1783 1568 1908 1651 τὴν
1945 1572 2139 1632 Σικε-

208 1677 367 1739 λίαν
420 1676 733 1758 τυγχάνει
780 1673 1100 1760 διαμένον
1145 1673 1219 1740 έν
1267 1675 1581 1760 ἀποδοχῇ.
1674 1679 2140 1757 μυθολογοῦσι
2175 1697 2211 1745 4

212 1776 290 1845 δὲ
324 1780 447 1846 τὸν
475 1781 755 1865 Δάφνιν
791 1783 953 1866 μετὰ
989 1789 1105 1866 τῆς
1143 1778 1524 1868 Ἀρτέμιδος
1553 1790 1871 1864 κυνηγεῖν
1898 1781 2140 1865 ὑπηρε-

210 1894 459 1951 τοῦντα
493 1895 573 1973 τῇ
610 1894 751 1977 θεῷ
795 1885 1308 1975 κεχαρισμένως,
1349 1886 1461 1953 καὶ
1509 1889 1620 1953 διὰ
1663 1895 1780 1970 τῆς
1825 1889 2141 1972 σύριγγος

134 2010 187 2052 15
213 1990 327 2058 καὶ
378 1996 776 2078 βουκολικῆς
833 1995 1162 2084 μελῳδίας
1215 1992 1481 2082 τέρπειν
1528 1992 1738 2078 αὐτὴν
1786 1994 2141 2081 διαφερόν-

216 2122 359 2176 τως.
431 2098 704 2181 λέγουσι
742 2096 802 2163 δ’
842 2101 1053 2165 αὐτοῦ
1098 2103 1258 2183 μίαν
1303 2111 1439 2165 τῶν
1475 2103 1790 2184 Νυμφῶν
1836 2100 2141 2184 ἐρασθεῖ-

220 2220 345 2270 σαν
371 2214 738 2288 προειπεῖν,
776 2203 895 2270 ἐὰν
928 2206 1095 2288 ἄλλῃ
1130 2202 1267 2269 τινὶ
1302 2206 1657 2291 πλησιάσῃ,
1698 2209 2142 2293 στερήσεσθαι

219 2319 332 2394 τῆς
385 2310 702 2397 ὁράσεως·
766 2309 1079 2374 κάκεῖνον
1142 2309 1273 2374 ὑπό
1327 2331 1511 2387 τινος
1563 2313 1902 2398 θυγατρὸς
1955 2315 2143 2395 βασι-

220 2417 381 2494 λέως
406 2414 1026 2499 καταμεθυσθέντα,
1058 2413 1169 2480 καὶ
1195 2415 1654 2499 πλησιάσαντα
1683 2417 1872 2502 αὐτῇ,
1912 2434 2141 2503 στερη-

143 2545 196 2585 20
221 2529 425 2606 θῆναι
469 2529 587 2605 τῆς
632 2521 925 2608 ὁράσεως
969 2523 1137 2587 κατὰ
1179 2522 1305 2605 τὴν
1349 2520 1801 2606 γεγενημένην
1845 2523 1975 2588 ὑπὸ·
2027 2533 2141 2609 τῆς

223 2629 513 2714 Νύμφης
557 2630 947 2715 πρόρρησιν.

399 2732 533 2799 Καὶ
587 2733 740 2821 περὶ
793 2730 916 2818 μὲν
968 2734 1325 2819 Δάφνιδος
1380 2734 1622 2811 ἱκανῶς
1674 2734 1835 2819 ἡμῖν
1883 2737 2136 2820 [πάλιν]

227 2844 536 2927 εἰρήσθω,
593 2840 746 2928 περὶ
802 2837 875 2906 δὲ
915 2837 1235 2928 Ὠρίωνος
1276 2842 1360 2906 τὰ
1405 2844 1966 2928 μυθολογούμενα
2010 2852 2139 2909 νῦν
2160 2845 2246 2912 85

230 2946 520 3032 διέξιμεν.
603 2946 862 3030 λέγεται
906 2950 1033 3031 γαρ
1078 2956 1322 3013 τοῦτον
1369 2949 1670 3033 σώματος
1714 2948 1982 3034 μεγέθει
2027 2948 2138 3016 καὶ

156 3072 204 3113 25
231 3054 404 3139 ῥώμῃ
432 3057 605 3119 πολὺ
631 3065 767 3118 τῶν
806 3053 1410 3139 μνημονευομένων
1444 3054 1685 3141 ἡρώων
1718 3054 2138 3140 ὑπεράγοντα

233 3161 676 3244 φιλοκύνηγον
701 3159 1021 3241 γενέσθαι
1047 3160 1159 3225 καὶ
1185 3162 1671 3226 κατασκευάσαι
1699 3161 1948 3244 μεγάλα
1976 3163 2138 3247 ἔργα

234 3268 334 3331 διὰ
374 3268 497 3350 τὴν
544 3268 739 3350 ἰσχὺν
793 3265 906 3333 καὶ
961 3266 1375 3352 φιλοδοξίαν.
1464 3269 1630 3332 κατὰ
1675 3264 1796 3351 μὲν
1842 3269 1967 3354 γὰρ
2012 3269 2137 3351 τὴν

235 3376 535 3438 Σικελίαν
562 3373 1055 3439 κατασκευάσαι
1086 3374 1364 3463 Ζάγκλῳ
1400 3381 1491 3462 τῷ
1529 3377 1677 3439 τότε
1714 3375 2137 3456 βασιλεύοντι

364 3605 429 3654 16
467 3585 644 3653 αῧτὸν
680 3599 730 3651 D
843 3605 910 3654 22
948 3597 1122 3655 πάλιν
1160 3616 1265 3654 om.
1308 3603 1358 3655 A
1466 3607 1537 3656 24
1573 3601 1775 3656 τοῦτον
1815 3618 1920 3658 om.
1960 3601 2026 3657 D.

1671 3691 1782 3743 34*
