2569 4061
0 85 2569 143 —

1087 355 1165 410 IV
1205 362 1253 410 3.
1284 362 1336 413 4.
2044 356 2174 420 399

258 522 592 606 κρυφίους
650 520 1132 611 παρεισάγουσι
1197 519 1308 583 διὰ
1364 519 1487 601 τὴν
1542 520 1866 603 αἰσχύνην
1923 519 2048 602 τὴν
2107 517 2180 584 ἐκ

253 635 368 709 τῆς
416 629 778 702 συνουσίας
823 624 1438 691 ἐπακολουθοῦσαν.
1531 623 1801 706 λέγουσι
1857 619 1919 690 δ’
1971 625 2178 691 αὐτὸν
2215 651 2248 700 2

254 731 561 819 ἀγχινοίᾳ
619 734 1004 815 διενεγκεῖν,
1061 729 1176 823 καὶ,
1225 741 1494 817 πρῶτον
1551 728 1958 816 ἐπιχειρῆσαι
2014 735 2178 814 βοῦς

256 841 597 922 ζευγνύειν
642 837 752 904 καὶ
800 841 912 903 διὰ
956 840 1214 904 τούτων
1258 839 1379 903 τὸν
1424 839 1681 923 σπόρον
1725 847 1860 901 τῶν
1904 849 2178 923 καρπῶν

197 965 223 1004 5
256 944 600 1011 ἐπιτελεῖν·
651 942 768 1029 ἀφ’
823 940 905 1010 οὗ
962 946 1044 1028 δὴ
1091 942 1203 1010 καὶ
1266 947 1578 1030 κερατίαν
1643 943 1848 1008 αὐτὸν
1910 960 2178 1028 παρεισ-

254 1054 511 1135 άγουσι.
603 1050 715 1117 καὶ
760 1053 879 1126 τὸν
924 1049 1046 1138 μὲν
1085 1051 1156 1116 ἐκ
1194 1050 1493 1135 Σεμέλης
1526 1053 1892 1135 γενόμενον
1930 1049 2004 1114 ἐν
2039 1061 2179 1128 τοῖς

251 1157 602 1246 νεωτέροις
653 1160 923 1244 χρόνοις
979 1155 1145 1241 φασὶ
1199 1166 1291 1246 τῷ
1349 1159 1601 1242 σώματι
1655 1156 1977 1241 γενέσθαι
2021 1180 2177 1243 τρυ-

253 1268 465 1352 φερὸν
503 1262 641 1330 καὶ
704 1269 1042 1341 παντελῶς
1106 1263 1386 1349 ἁπαλόν,
1452 1265 1809 1352 εὐπρεπείᾳ
1870 1260 1943 1329 δὲ
2002 1266 2176 1329 πολὺ

198 1403 204 1407 -
252 1383 386 1437 τῶν
442 1374 665 1436 ἄλλων
722 1373 1087 1455 διενεγκεῖν
1142 1369 1254 1437 καὶ
1308 1375 1474 1458 πρὸς
1527 1374 1645 1449 τὰς
1691 1372 2178 1457 ἀφροδισιακὰς

168 1498 225 1537 10
252 1480 503 1562 ἡδονὰς
549 1479 1013 1564 εὐκατάφορον
1057 1475 1441 1562 γεγονέναι,
1486 1480 1652 1543 κατὰ
1700 1474 1774 1542 δὲ
1818 1480 1935 1554 τὰς
1982 1494 2175 1564 στρα-

250 1588 429 1661 τείας
456 1595 796 1666 γυναικῶν
827 1589 1092 1667 πλῆθος
1122 1585 1561 1670 περιάγεσθαι
1597 1582 2176 1667 καθωπλισμένων

136 1746 141 1750 ,
251 1693 520 1774 λόγχαις
573 1688 1130 1776 τεθυρσωμέναις.
1225 1687 1392 1775 φασὶ
1448 1685 1523 1754 δὲ
1569 1686 1681 1754 καὶ
1726 1690 1842 1765 τὰς
1886 1690 2173 1765 Μούσας
2212 1713 2243 1761 3

251 1795 430 1882 αὐτῷ
488 1797 1020 1880 συναποδημεῖν,
1076 1794 1464 1883 παρθένους
1520 1796 1725 1870 οὔσας
1778 1792 1890 1859 καὶ
1944 1816 2175 1859 πεπαι-

252 1900 576 1985 δευμένας
614 1904 1089 1989 διαφερόντως·
1134 1903 1378 1980 ταύτας
1415 1898 1489 1967 δὲ
1537 1903 1649 1967 διά
1693 1924 1762 1965 τε
1810 1908 1923 1984 τῆς
1968 1906 2175 1989 μελῳ-

135 2032 248 2081 250
271 2010 419 2086 δίας
463 2007 573 2076 καὶ
617 2019 753 2075 τῶν
801 2009 1165 2096 ὀρχήσεων,
1212 2012 1311 2075 ἔτι
1349 2005 1423 2075 δὲ
1468 2018 1603 2074 τῶν
1649 2009 1872 2074 ἄλλων
1918 2017 2052 2072 τῶν
2100 2005 2173 2072 ἐν

164 2135 221 2176 16
247 2117 517 2203 παιδείᾳ
563 2122 786 2182 καλῶν
831 2126 1258 2201 ψυχαγωγεῖν
1303 2119 1422 2182 τὸν
1467 2118 1654 2181 θεόν.
1730 2113 1898 2199 φασὶ
1945 2111 2017 2179 δὲ
2063 2113 2175 2179 καὶ

248 2224 679 2305 παιδαγωγὸν
725 2221 837 2289 καὶ
882 2222 1135 2309 τροφέα
1174 2221 1587 2288 συνέπεσθαι
1622 2223 1787 2287 κατὰ
1824 2223 1940 2298 τὰς
1978 2236 2173 2307 στρα-

246 2331 425 2406 τείας
491 2330 667 2418 αὐτῷ
733 2332 1100 2414 Σειληνόν,
1166 2330 1523 2413 εἰσηγητὴν
1586 2326 1697 2394 καὶ
1764 2329 2171 2393 διδάσκαλον

246 2438 607 2518 γινόμενον
636 2446 770 2500 τῶν
798 2438 1170 2500 καλλίστων
1200 2434 1759 2519 ἐπιτηδευμάτων,
1785 2432 1895 2499 καὶ
1923 2435 2175 2518 μεγάλα

162 2560 221 2598 20
251 2541 753 2621 συμβάλλεσθαι
781 2550 872 2630 τῷ
901 2542 1222 2630 Διονύσῳ
1251 2544 1417 2627 πρὸς
1444 2541 1686 2627 ἀρετήν
1714 2565 1783 2605 τε
1811 2539 1921 2606 καὶ
1952 2541 2172 2620 δόξαν.

249 2641 362 2707 καὶ
415 2649 578 2711 κατὰ
632 2644 753 2731 μὲν
808 2649 925 2724 τὰς
980 2646 1053 2712 ἐν
1107 2658 1248 2724 τοῖς
1302 2646 1615 2732 πολέμοις
1674 2649 1884 2732 μάχας
1945 2648 2173 2725 ὅπλοις
2209 2670 2245 2718 4

249 2750 456 2816 αὐτὸν
511 2758 894 2837 πολεμικοῖς
947 2760 1405 2839 κεκοσμῆσθαι
1458 2752 1570 2819 καὶ
1633 2755 1862 2840 δοραῖς
1920 2755 2171 2841 παρδά-

247 2862 442 2941 λεων,
488 2860 652 2923 κατὰ
700 2855 772 2924 δὲ
818 2861 936 2936 τὰς
973 2860 1046 2925 ἐν
1085 2862 1316 2947 εἰρήνῃ
1354 2861 1759 2948 πανηγύρεις
1793 2859 1906 2925 καὶ
1944 2860 2174 2948 ἑορτὰς

247 2962 534 3048 ἐσθῆσιν
592 2964 939 3043 ἀνθειναῖς
992 2964 1104 3031 καὶ
1162 2968 1327 3031 κατὰ
1385 2968 1506 3051 τὴν
1553 2971 1972 3052 μαλακότητα
2017 2991 2171 3053 τρυ-

156 3088 216 3130 25
246 3082 484 3156 φεραῖς
528 3078 840 3157 χρῆσθαι.
915 3075 1082 3158 πρὸς
1130 3068 1203 3137 δὲ
1250 3073 1367 3149 τὰς
1412 3073 1483 3138 ἐκ
1527 3082 1649 3139 τοῦ
1694 3074 2172 3149 πλεονάζοντος

246 3183 440 3243 οἴνου
485 3181 933 3262 κεφαλαλγίας
979 3190 1119 3255 τοῖς
1163 3181 1436 3245 πίνουσι
1481 3178 1837 3263 γινομένας
1875 3176 2170 3242 διαδεδέ-

245 3288 412 3347 σθαι
474 3276 787 3367 λέγουσιν
844 3284 1052 3350 αὐτὸν
1110 3287 1308 3370 μίτρα
1363 3284 1487 3367 τὴν
1542 3285 1862 3368 κεφαλήν,
1919 3277 2035 3366 ἀφ’
2087 3277 2166 3365 ἧς

364 3514 383 3525 .
427 3482 449 3529 1
496 3479 744 3546 κρυφίοις
780 3476 831 3530 II
943 3482 975 3530 5
1015 3477 1112 3531 καὶ
1150 3492 1257 3531 om.
1302 3475 1405 3530 OF
1511 3482 1570 3530 11
1615 3471 2092 3543 καθωπλισμένον
2122 3476 2170 3527 D

245 3552 313 3600 16
341 3548 443 3602 καὶ
473 3564 583 3603 om.
613 3548 662 3601 D
778 3554 841 3602 18
874 3549 1121 3616 Σιλῆνον
1151 3548 1200 3602 Ι)
1313 3553 1381 3601 24
1412 3542 1717 3616 ἐσθήσεσιν
1745 3545 1794 3598 D
1904 3552 1970 3600 27
2003 3547 2170 3620 μίτρᾳ

242 3616 376 3673 Eue.
409 3636 493 3688 pr.
526 3634 608 3673 ev.
639 3619 690 3673 Π
728 3625 780 3689 2,
818 3620 876 3691 8]
919 3620 1080 3691 μίτρῃ
1121 3619 1243 3700 qod.
