<?xml version="1.0" encoding="UTF-8"?>
<!DOCTYPE html PUBLIC "-//W3C//DTD XHTML 1.0 Transitional//EN"
    "http://www.w3.org/TR/xhtml1/DTD/xhtml1-transitional.dtd">
<html xmlns="http://www.w3.org/1999/xhtml" xml:lang="en" lang="en">
 <head>
  <title>
</title>
<meta http-equiv="Content-Type" content="text/html;charset=utf-8" />
  <meta name='ocr-system' content='tesseract 3.04.00' />
  <meta name='ocr-capabilities' content='ocr_page ocr_carea ocr_par ocr_line ocrx_word'/>
</head>
<body>
  <div class='ocr_page' id='page_1' title='image "./diodoribiblioth02dindgoog_0249.png"; bbox 0 0 2569 4061; ppageno 0'>
   <div class='ocr_carea' id='block_1_1' title="bbox 0 14 2549 382">
    <p class='ocr_par' dir='ltr' id='par_1_1' title="bbox 0 14 2549 382">
     <span class='ocr_line' id='line_1_1' title="bbox 0 14 2549 382; baseline 0 3679"><span class='ocrx_word' id='word_1_1' title='bbox 0 14 2549 382; x_wconf 95' lang='lat' dir='ltr'><em> </em></span> 
     </span>
    </p>
   </div>
   <div class='ocr_carea' id='block_1_2' title="bbox 923 398 2033 465">
    <p class='ocr_par' dir='ltr' id='par_1_2' title="bbox 923 398 2033 465">
     <span class='ocr_line' id='line_1_2' title="bbox 923 398 2033 465; baseline -0.005 -14"><span class='ocrx_word' id='word_1_2' title='bbox 923 398 948 451; x_wconf 95' lang='lat' dir='ltr'>I</span> <span class='ocrx_word' id='word_1_3' title='bbox 986 404 1069 453; x_wconf 88' lang='lat'><em>88.</em></span> <span class='ocrx_word' id='word_1_4' title='bbox 1113 402 1194 452; x_wconf 88' lang='grc'><em>89.</em></span> <span class='ocrx_word' id='word_1_5' title='bbox 1912 400 2033 465; x_wconf 77' lang='lat'><em>149</em></span> 
     </span>
    </p>
   </div>
   <div class='ocr_carea' id='block_1_3' title="bbox 0 558 2137 3515">
    <p class='ocr_par' dir='ltr' id='par_1_3' title="bbox 61 558 2103 1498">
     <span class='ocr_line' id='line_1_3' title="bbox 112 558 2035 648; baseline 0 -21"><span class='ocrx_word' id='word_1_6' title='bbox 112 572 228 645; x_wconf 81' lang='grc' dir='ltr'><em>τῆς</em></span> <span class='ocrx_word' id='word_1_7' title='bbox 283 570 402 626; x_wconf 84' lang='grc' dir='ltr'><em>τοῦ</em></span> <span class='ocrx_word' id='word_1_8' title='bbox 461 558 629 648; x_wconf 75' lang='grc' dir='ltr'><em>ζςόου</em></span> <span class='ocrx_word' id='word_1_9' title='bbox 684 562 927 625; x_wconf 91' lang='grc' dir='ltr'><em>τούτου</em></span> <span class='ocrx_word' id='word_1_10' title='bbox 982 567 1171 644; x_wconf 78' lang='grc' dir='ltr'><em>τιμῆς</em></span> <span class='ocrx_word' id='word_1_11' title='bbox 1226 561 1712 647; x_wconf 83' lang='grc' dir='ltr'><strong><em>μυθικωτέραν·</em></strong></span> <span class='ocrx_word' id='word_1_12' title='bbox 1776 564 1852 627; x_wconf 88' lang='grc' dir='ltr'><em>τὸ</em></span> <span class='ocrx_word' id='word_1_13' title='bbox 1909 564 2035 648; x_wconf 80' lang='grc' dir='ltr'><em>γὰρ</em></span> 
     </span>
     <span class='ocr_line' id='line_1_4' title="bbox 112 666 2033 756; baseline 0.001 -23"><span class='ocrx_word' id='word_1_14' title='bbox 112 669 395 733; x_wconf 90' lang='grc' dir='ltr'><em>παλαιόν</em></span> <span class='ocrx_word' id='word_1_15' title='bbox 449 684 615 752; x_wconf 88' lang='grc' dir='ltr'><em>φασι</em></span> <span class='ocrx_word' id='word_1_16' title='bbox 679 676 793 751; x_wconf 81' lang='grc' dir='ltr'><em>τῆς</em></span> <span class='ocrx_word' id='word_1_17' title='bbox 838 666 1089 743; x_wconf 85' lang='grc' dir='ltr'><em>Ἴσιδος</em></span> <span class='ocrx_word' id='word_1_18' title='bbox 1147 667 1308 749; x_wconf 82' lang='grc' dir='ltr'><em>μετὰ</em></span> <span class='ocrx_word' id='word_1_19' title='bbox 1363 675 1484 730; x_wconf 83' lang='grc' dir='ltr'><em>τοῦ</em></span> <span class='ocrx_word' id='word_1_20' title='bbox 1537 672 1772 754; x_wconf 87' lang='grc' dir='ltr'><em>παιδὸς</em></span> <span class='ocrx_word' id='word_1_21' title='bbox 1819 668 2033 756; x_wconf 76' lang='grc' dir='ltr'><em>’Ὤρου</em></span> 
     </span>
     <span class='ocr_line' id='line_1_5' title="bbox 113 774 2033 861; baseline 0.002 -22"><span class='ocrx_word' id='word_1_22' title='bbox 113 774 481 859; x_wconf 77' lang='grc' dir='ltr'><strong><em>μελλούσης</em></strong></span> <span class='ocrx_word' id='word_1_23' title='bbox 536 775 1049 857; x_wconf 79' lang='grc' dir='ltr'><em>διαγωνίζεσθαι</em></span> <span class='ocrx_word' id='word_1_24' title='bbox 1103 774 1268 858; x_wconf 87' lang='grc' dir='ltr'><em>πρὸς</em></span> <span class='ocrx_word' id='word_1_25' title='bbox 1324 776 1617 856; x_wconf 81' lang='grc' dir='ltr'><em>Τυφῶνα</em></span> <span class='ocrx_word' id='word_1_26' title='bbox 1676 776 2033 861; x_wconf 89' lang='grc' dir='ltr'><em>παραγενέ-</em></span> 
     </span>
     <span class='ocr_line' id='line_1_6' title="bbox 116 877 2033 968; baseline 0.001 -23"><span class='ocrx_word' id='word_1_27' title='bbox 116 887 279 945; x_wconf 90' lang='grc' dir='ltr'><em>σθαι</em></span> <span class='ocrx_word' id='word_1_28' title='bbox 324 882 584 965; x_wconf 90' lang='grc' dir='ltr'><em>βοηθὸν</em></span> <span class='ocrx_word' id='word_1_29' title='bbox 631 879 697 959; x_wconf 81' lang='grc' dir='ltr'><em>ἐξ</em></span> <span class='ocrx_word' id='word_1_30' title='bbox 745 878 916 967; x_wconf 79' lang='grc' dir='ltr'><em>ᾅδου</em></span> <span class='ocrx_word' id='word_1_31' title='bbox 962 882 1080 945; x_wconf 91' lang='grc' dir='ltr'><em>τὸν</em></span> <span class='ocrx_word' id='word_1_32' title='bbox 1109 877 1376 965; x_wconf 85' lang='grc' dir='ltr'><em>Ὄσιριν</em></span> <span class='ocrx_word' id='word_1_33' title='bbox 1410 887 1502 966; x_wconf 75' lang='grc' dir='ltr'><em>τῷ</em></span> <span class='ocrx_word' id='word_1_34' title='bbox 1548 877 1755 968; x_wconf 75' lang='grc' dir='ltr'><em>τέκνῳ</em></span> <span class='ocrx_word' id='word_1_35' title='bbox 1802 880 1912 945; x_wconf 88' lang='grc' dir='ltr'><em>καὶ</em></span> <span class='ocrx_word' id='word_1_36' title='bbox 1954 892 2033 967; x_wconf 73' lang='grc' dir='ltr'><em>τῇ</em></span> 
     </span>
     <span class='ocr_line' id='line_1_7' title="bbox 61 983 2035 1076; baseline 0 -24"><span class='ocrx_word' id='word_1_37' title='bbox 61 1012 87 1052; x_wconf 85' lang='lat'><strong>5</strong></span> <span class='ocrx_word' id='word_1_38' title='bbox 117 986 381 1070; x_wconf 85' lang='grc' dir='ltr'><em>γυναικὶ</em></span> <span class='ocrx_word' id='word_1_39' title='bbox 439 989 618 1076; x_wconf 74' lang='grc' dir='ltr'><em>λύκῳ</em></span> <span class='ocrx_word' id='word_1_40' title='bbox 674 988 795 1070; x_wconf 85' lang='grc' dir='ltr'><em>τὴν</em></span> <span class='ocrx_word' id='word_1_41' title='bbox 851 988 1010 1064; x_wconf 81' lang='grc' dir='ltr'><em>ὄψιν</em></span> <span class='ocrx_word' id='word_1_42' title='bbox 1057 983 1504 1070; x_wconf 81' lang='grc' dir='ltr'><em>ὁμοιωθέντα·</em></span> <span class='ocrx_word' id='word_1_43' title='bbox 1566 985 2035 1072; x_wconf 77' lang='grc' dir='ltr'><em>ἀναιρεθέντος</em></span> 
     </span>
     <span class='ocr_line' id='line_1_8' title="bbox 113 1089 2035 1179; baseline 0 -21"><span class='ocrx_word' id='word_1_44' title='bbox 113 1089 236 1159; x_wconf 83' lang='grc' dir='ltr'><em>οὗν</em></span> <span class='ocrx_word' id='word_1_45' title='bbox 282 1103 402 1160; x_wconf 82' lang='grc' dir='ltr'><em>τοῦ</em></span> <span class='ocrx_word' id='word_1_46' title='bbox 448 1099 775 1179; x_wconf 81' lang='grc' dir='ltr'><em>Τυφῶνος</em></span> <span class='ocrx_word' id='word_1_47' title='bbox 819 1094 978 1169; x_wconf 84' lang='grc' dir='ltr'><em>τοὺς</em></span> <span class='ocrx_word' id='word_1_48' title='bbox 1022 1094 1480 1178; x_wconf 78' lang='grc' dir='ltr'><em>κρατήσαντας</em></span> <span class='ocrx_word' id='word_1_49' title='bbox 1524 1092 1902 1172; x_wconf 81' lang='grc' dir='ltr'><em>καταδεῖξαι</em></span> <span class='ocrx_word' id='word_1_50' title='bbox 1946 1117 2035 1158; x_wconf 89' lang='grc' dir='ltr'><em>τι-</em></span> 
     </span>
     <span class='ocr_line' id='line_1_9' title="bbox 111 1194 2037 1287; baseline -0.001 -21"><span class='ocrx_word' id='word_1_51' title='bbox 111 1210 241 1283; x_wconf 82' lang='grc' dir='ltr'><em>μᾶν</em></span> <span class='ocrx_word' id='word_1_52' title='bbox 296 1203 369 1265; x_wconf 93' lang='grc' dir='ltr'><em>τὸ</em></span> <span class='ocrx_word' id='word_1_53' title='bbox 432 1204 601 1287; x_wconf 76' lang='grc' dir='ltr'><em>ζῷον</em></span> <span class='ocrx_word' id='word_1_54' title='bbox 648 1194 730 1265; x_wconf 83' lang='grc' dir='ltr'><em>οὗ</em></span> <span class='ocrx_word' id='word_1_55' title='bbox 786 1208 901 1283; x_wconf 78' lang='grc' dir='ltr'><em>τῆς</em></span> <span class='ocrx_word' id='word_1_56' title='bbox 957 1200 1171 1276; x_wconf 79' lang='grc' dir='ltr'><em>ὅψεως</em></span> <span class='ocrx_word' id='word_1_57' title='bbox 1225 1198 1657 1285; x_wconf 83' lang='grc' dir='ltr'><em>ἐπιφανείσης</em></span> <span class='ocrx_word' id='word_1_58' title='bbox 1713 1202 1784 1265; x_wconf 89' lang='grc' dir='ltr'><em>τὸ</em></span> <span class='ocrx_word' id='word_1_59' title='bbox 1840 1208 2037 1265; x_wconf 83' lang='grc' dir='ltr'><em>νικᾶν</em></span> 
     </span>
     <span class='ocr_line' id='line_1_10' title="bbox 111 1301 2103 1391; baseline 0.002 -21"><span class='ocrx_word' id='word_1_60' title='bbox 111 1306 671 1391; x_wconf 80' lang='grc' dir='ltr'><em>ἐπηκολούθησεν.</em></span> <span class='ocrx_word' id='word_1_61' title='bbox 757 1308 928 1371; x_wconf 83' lang='grc' dir='ltr'><em>ἔνιοι</em></span> <span class='ocrx_word' id='word_1_62' title='bbox 992 1301 1065 1369; x_wconf 71' lang='grc' dir='ltr'><em>δὲ</em></span> <span class='ocrx_word' id='word_1_63' title='bbox 1125 1303 1425 1390; x_wconf 85' lang='grc' dir='ltr'><em>λέγουσι,</em></span> <span class='ocrx_word' id='word_1_64' title='bbox 1489 1318 1624 1372; x_wconf 82' lang='grc' dir='ltr'><em>τῶν</em></span> <span class='ocrx_word' id='word_1_65' title='bbox 1679 1308 2035 1372; x_wconf 84' lang='grc' dir='ltr'><em>Αἰθιόπων</em></span> <span class='ocrx_word' id='word_1_66' title='bbox 2077 1331 2103 1375; x_wconf 72' lang='grc'>7</span> 
     </span>
     <span class='ocr_line' id='line_1_11' title="bbox 111 1410 2035 1498; baseline 0.001 -23"><span class='ocrx_word' id='word_1_67' title='bbox 111 1414 658 1498; x_wconf 74' lang='grc' dir='ltr'><em>στρατευσάντων</em></span> <span class='ocrx_word' id='word_1_68' title='bbox 731 1410 839 1477; x_wconf 83' lang='grc' dir='ltr'><em>ἐπὶ</em></span> <span class='ocrx_word' id='word_1_69' title='bbox 914 1412 1036 1494; x_wconf 82' lang='grc' dir='ltr'><em>τὴν</em></span> <span class='ocrx_word' id='word_1_70' title='bbox 1099 1415 1479 1496; x_wconf 75' lang='grc' dir='ltr'><em>Αἴγυπτον,</em></span> <span class='ocrx_word' id='word_1_71' title='bbox 1554 1411 2035 1498; x_wconf 81' lang='grc' dir='ltr'><em>ἀθροισθείσας</em></span> 
     </span>
    </p>

    <p class='ocr_par' dir='ltr' id='par_1_4' title="bbox 30 1515 2035 2041">
     <span class='ocr_line' id='line_1_12' title="bbox 30 1515 2033 1603; baseline 0.001 -22"><span class='ocrx_word' id='word_1_72' title='bbox 30 1542 83 1582; x_wconf 88' lang='lat'><em>10</em></span> <span class='ocrx_word' id='word_1_73' title='bbox 109 1522 532 1603; x_wconf 80' lang='grc' dir='ltr'><em>παμπληθεῖς</em></span> <span class='ocrx_word' id='word_1_74' title='bbox 588 1515 825 1599; x_wconf 89' lang='grc' dir='ltr'><em>ἀγέλας</em></span> <span class='ocrx_word' id='word_1_75' title='bbox 881 1516 1103 1581; x_wconf 84' lang='grc' dir='ltr'><em>λύκων</em></span> <span class='ocrx_word' id='word_1_76' title='bbox 1151 1515 1456 1595; x_wconf 79' lang='grc' dir='ltr'><em>ἐκδιῶξαι</em></span> <span class='ocrx_word' id='word_1_77' title='bbox 1515 1522 1670 1597; x_wconf 86' lang='grc' dir='ltr'><em>τοὺς</em></span> <span class='ocrx_word' id='word_1_78' title='bbox 1716 1518 2033 1585; x_wconf 85' lang='grc' dir='ltr'><em>ἐπελθόν-</em></span> 
     </span>
     <span class='ocr_line' id='line_1_13' title="bbox 109 1617 2033 1707; baseline 0.002 -21"><span class='ocrx_word' id='word_1_79' title='bbox 109 1646 226 1699; x_wconf 86' lang='grc' dir='ltr'><em>τας</em></span> <span class='ocrx_word' id='word_1_80' title='bbox 264 1622 337 1686; x_wconf 80' lang='grc' dir='ltr'><em>έκ</em></span> <span class='ocrx_word' id='word_1_81' title='bbox 365 1629 481 1703; x_wconf 82' lang='grc' dir='ltr'><em>τῆς</em></span> <span class='ocrx_word' id='word_1_82' title='bbox 511 1622 731 1706; x_wconf 80' lang='grc' dir='ltr'><em>χώρας</em></span> <span class='ocrx_word' id='word_1_83' title='bbox 763 1617 933 1706; x_wconf 77' lang='grc' dir='ltr'><em>ὑπὲρ</em></span> <span class='ocrx_word' id='word_1_84' title='bbox 962 1623 1159 1686; x_wconf 90' lang='grc' dir='ltr'><em>πόλιν</em></span> <span class='ocrx_word' id='word_1_85' title='bbox 1184 1623 1309 1705; x_wconf 82' lang='grc' dir='ltr'><em>τὴν</em></span> <span class='ocrx_word' id='word_1_86' title='bbox 1338 1622 1831 1707; x_wconf 79' lang='grc' dir='ltr'><em>ὀνομαζομένην</em></span> <span class='ocrx_word' id='word_1_87' title='bbox 1863 1619 2033 1690; x_wconf 85' lang='grc' dir='ltr'><em>Ἐλε-</em></span> 
     </span>
     <span class='ocr_line' id='line_1_14' title="bbox 112 1724 2033 1812; baseline 0.002 -22"><span class='ocrx_word' id='word_1_88' title='bbox 112 1730 471 1811; x_wconf 89' lang='grc' dir='ltr'><em>φαντίνην·</em></span> <span class='ocrx_word' id='word_1_89' title='bbox 520 1728 627 1791; x_wconf 90' lang='grc' dir='ltr'><em>διὸ</em></span> <span class='ocrx_word' id='word_1_90' title='bbox 674 1724 784 1792; x_wconf 89' lang='grc' dir='ltr'><em>καὶ</em></span> <span class='ocrx_word' id='word_1_91' title='bbox 828 1730 947 1793; x_wconf 86' lang='grc' dir='ltr'><em>τόν</em></span> <span class='ocrx_word' id='word_1_92' title='bbox 984 1751 1053 1792; x_wconf 91' lang='grc' dir='ltr'><em>τε</em></span> <span class='ocrx_word' id='word_1_93' title='bbox 1099 1729 1312 1812; x_wconf 91' lang='grc' dir='ltr'><em>νομὸν</em></span> <span class='ocrx_word' id='word_1_94' title='bbox 1359 1726 1616 1792; x_wconf 79' lang='grc' dir='ltr'><em>ἐκεῖνον</em></span> <span class='ocrx_word' id='word_1_95' title='bbox 1661 1731 2033 1794; x_wconf 87' lang='grc' dir='ltr'><em>Λυκοπολί-</em></span> 
     </span>
     <span class='ocr_line' id='line_1_15' title="bbox 111 1831 2035 1921; baseline 0.001 -24"><span class='ocrx_word' id='word_1_96' title='bbox 111 1855 237 1917; x_wconf 90' lang='grc' dir='ltr'><em>την</em></span> <span class='ocrx_word' id='word_1_97' title='bbox 274 1831 736 1917; x_wconf 78' lang='grc' dir='ltr'><em>ὀνομασθῆναι</em></span> <span class='ocrx_word' id='word_1_98' title='bbox 782 1832 892 1899; x_wconf 88' lang='grc' dir='ltr'><em>καὶ</em></span> <span class='ocrx_word' id='word_1_99' title='bbox 929 1836 1009 1898; x_wconf 79' lang='grc' dir='ltr'><em>τὰ</em></span> <span class='ocrx_word' id='word_1_100' title='bbox 1049 1836 1178 1921; x_wconf 76' lang='grc' dir='ltr'><em>ζῷα</em></span> <span class='ocrx_word' id='word_1_101' title='bbox 1214 1835 1296 1898; x_wconf 78' lang='grc' dir='ltr'><em>τὰ</em></span> <span class='ocrx_word' id='word_1_102' title='bbox 1331 1832 1777 1919; x_wconf 80' lang='grc' dir='ltr'><em>προειρημένα</em></span> <span class='ocrx_word' id='word_1_103' title='bbox 1813 1846 2035 1917; x_wconf 78' lang='grc' dir='ltr'><em>τυχεῖν</em></span> 
     </span>
     <span class='ocr_line' id='line_1_16' title="bbox 108 1947 1310 2041; baseline -0.001 -37"><span class='ocrx_word' id='word_1_104' title='bbox 108 1947 226 2023; x_wconf 86' lang='grc' dir='ltr'><em>τῆς</em></span> <span class='ocrx_word' id='word_1_105' title='bbox 269 1947 474 2023; x_wconf 80' lang='grc' dir='ltr'><em>τιμῆς.</em></span> <span class='ocrx_word' id='word_1_106' title='bbox 1296 2035 1310 2041; x_wconf 43' lang='grc'>-</span> 
     </span>
    </p>

    <p class='ocr_par' dir='ltr' id='par_1_5' title="bbox 26 2045 2137 2558">
     <span class='ocr_line' id='line_1_17' title="bbox 26 2045 2137 2134; baseline 0.001 -24"><span class='ocrx_word' id='word_1_107' title='bbox 26 2069 79 2110; x_wconf 86' lang='lat'><em>15</em></span> <span class='ocrx_word' id='word_1_108' title='bbox 285 2049 601 2112; x_wconf 89' lang='grc' dir='ltr'><em>Λείπεται</em></span> <span class='ocrx_word' id='word_1_109' title='bbox 640 2045 705 2111; x_wconf 85' lang='grc' dir='ltr'><em>δ’</em></span> <span class='ocrx_word' id='word_1_110' title='bbox 740 2046 900 2131; x_wconf 77' lang='grc' dir='ltr'><em>ἡμῖν</em></span> <span class='ocrx_word' id='word_1_111' title='bbox 938 2049 1149 2112; x_wconf 78' lang='grc' dir='ltr'><em>εἰπεῖν</em></span> <span class='ocrx_word' id='word_1_112' title='bbox 1186 2045 1340 2134; x_wconf 86' lang='grc' dir='ltr'><em>περὶ</em></span> <span class='ocrx_word' id='word_1_113' title='bbox 1376 2057 1491 2131; x_wconf 78' lang='grc' dir='ltr'><em>τῆς</em></span> <span class='ocrx_word' id='word_1_114' title='bbox 1526 2058 1661 2112; x_wconf 81' lang='grc' dir='ltr'><em>τῶν</em></span> <span class='ocrx_word' id='word_1_115' title='bbox 1697 2047 2035 2131; x_wconf 89' lang='grc' dir='ltr'><em>κροκοδεί-</em></span> <span class='ocrx_word' id='word_1_116' title='bbox 2057 2053 2137 2115; x_wconf 78' lang='lat'><em>89</em></span> 
     </span>
     <span class='ocr_line' id='line_1_18' title="bbox 108 2149 2035 2240; baseline 0.001 -22"><span class='ocrx_word' id='word_1_117' title='bbox 108 2157 245 2218; x_wconf 91' lang='grc' dir='ltr'><em>λων</em></span> <span class='ocrx_word' id='word_1_118' title='bbox 291 2153 762 2238; x_wconf 83' lang='grc' dir='ltr'><em>ἀποθεώσεως,</em></span> <span class='ocrx_word' id='word_1_119' title='bbox 823 2150 991 2240; x_wconf 77' lang='grc' dir='ltr'><em>ὑπὲρ</em></span> <span class='ocrx_word' id='word_1_120' title='bbox 1047 2149 1127 2237; x_wconf 84' lang='grc' dir='ltr'><em>ἦς</em></span> <span class='ocrx_word' id='word_1_121' title='bbox 1173 2155 1245 2219; x_wconf 80' lang='grc' dir='ltr'><em>οἶ</em></span> <span class='ocrx_word' id='word_1_122' title='bbox 1294 2159 1591 2220; x_wconf 80' lang='grc' dir='ltr'><em>πλεῖστοι</em></span> <span class='ocrx_word' id='word_1_123' title='bbox 1638 2155 2035 2240; x_wconf 79' lang='grc' dir='ltr'><em>διαποροῦσι</em></span> 
     </span>
     <span class='ocr_line' id='line_1_19' title="bbox 106 2259 2033 2346; baseline 0 -22"><span class='ocrx_word' id='word_1_124' title='bbox 106 2269 245 2335; x_wconf 81' lang='grc' dir='ltr'><em>πῶς</em></span> <span class='ocrx_word' id='word_1_125' title='bbox 281 2270 417 2325; x_wconf 82' lang='grc' dir='ltr'><em>τῶν</em></span> <span class='ocrx_word' id='word_1_126' title='bbox 452 2263 716 2346; x_wconf 90' lang='grc' dir='ltr'><em>θηρίων</em></span> <span class='ocrx_word' id='word_1_127' title='bbox 762 2260 1020 2325; x_wconf 90' lang='grc' dir='ltr'><em>τούτων</em></span> <span class='ocrx_word' id='word_1_128' title='bbox 1067 2261 1680 2346; x_wconf 78' lang='grc' dir='ltr'><em>σαρκοφαγούντων</em></span> <span class='ocrx_word' id='word_1_129' title='bbox 1725 2263 1884 2338; x_wconf 81' lang='grc' dir='ltr'><em>τοὺς</em></span> <span class='ocrx_word' id='word_1_130' title='bbox 1930 2259 2033 2324; x_wconf 86' lang='grc' dir='ltr'><em>ἀν-</em></span> 
     </span>
     <span class='ocr_line' id='line_1_20' title="bbox 106 2364 2033 2451; baseline 0.001 -21"><span class='ocrx_word' id='word_1_131' title='bbox 106 2367 427 2451; x_wconf 83' lang='grc' dir='ltr'><em>θρώπους</em></span> <span class='ocrx_word' id='word_1_132' title='bbox 464 2365 927 2450; x_wconf 79' lang='grc' dir='ltr'><em>ἐνομοθετήθη</em></span> <span class='ocrx_word' id='word_1_133' title='bbox 965 2364 1162 2450; x_wconf 80' lang='grc' dir='ltr'><em>τιμᾶν</em></span> <span class='ocrx_word' id='word_1_134' title='bbox 1201 2372 1314 2432; x_wconf 80' lang='grc' dir='ltr'><em>ἴσα</em></span> <span class='ocrx_word' id='word_1_135' title='bbox 1351 2373 1540 2443; x_wconf 84' lang='grc' dir='ltr'><em>θεοῖς</em></span> <span class='ocrx_word' id='word_1_136' title='bbox 1584 2370 1742 2444; x_wconf 84' lang='grc' dir='ltr'><em>τοὺς</em></span> <span class='ocrx_word' id='word_1_137' title='bbox 1784 2368 1866 2431; x_wconf 80' lang='grc' dir='ltr'><em>τὰ</em></span> <span class='ocrx_word' id='word_1_138' title='bbox 1903 2367 2033 2431; x_wconf 87' lang='grc' dir='ltr'><em>δει-</em></span> 
     </span>
     <span class='ocr_line' id='line_1_21' title="bbox 110 2467 2099 2558; baseline 0.003 -21"><span class='ocrx_word' id='word_1_139' title='bbox 110 2475 352 2540; x_wconf 82' lang='grc' dir='ltr'><em>νότατα</em></span> <span class='ocrx_word' id='word_1_140' title='bbox 399 2470 834 2548; x_wconf 75' lang='grc' dir='ltr'><em>διατιθέντας.</em></span> <span class='ocrx_word' id='word_1_141' title='bbox 910 2471 1119 2555; x_wconf 85' lang='grc' dir='ltr'><em>φασὶν</em></span> <span class='ocrx_word' id='word_1_142' title='bbox 1157 2467 1282 2538; x_wconf 83' lang='grc' dir='ltr'><em>οὖν</em></span> <span class='ocrx_word' id='word_1_143' title='bbox 1319 2480 1435 2556; x_wconf 79' lang='grc' dir='ltr'><em>τῆς</em></span> <span class='ocrx_word' id='word_1_144' title='bbox 1469 2473 1687 2558; x_wconf 82' lang='grc' dir='ltr'><em>χώρας</em></span> <span class='ocrx_word' id='word_1_145' title='bbox 1721 2472 1846 2556; x_wconf 82' lang='grc' dir='ltr'><em>τὴν</em></span> <span class='ocrx_word' id='word_1_146' title='bbox 1881 2472 2033 2558; x_wconf 88' lang='grc' dir='ltr'><em>ὀχυ-</em></span> <span class='ocrx_word' id='word_1_147' title='bbox 2073 2498 2099 2544; x_wconf 70' lang='lat'>2</span> 
     </span>
    </p>

    <p class='ocr_par' dir='ltr' id='par_1_6' title="bbox 28 2577 2033 3088">
     <span class='ocr_line' id='line_1_22' title="bbox 28 2577 2033 2664; baseline 0.003 -25"><span class='ocrx_word' id='word_1_148' title='bbox 28 2599 84 2639; x_wconf 84' lang='lat'><em>20</em></span> <span class='ocrx_word' id='word_1_149' title='bbox 113 2581 354 2663; x_wconf 84' lang='grc' dir='ltr'><em>ρότητα</em></span> <span class='ocrx_word' id='word_1_150' title='bbox 406 2577 813 2664; x_wconf 87' lang='grc' dir='ltr'><em>παρέχεσθαι</em></span> <span class='ocrx_word' id='word_1_151' title='bbox 876 2580 964 2663; x_wconf 82' lang='grc' dir='ltr'><em>μὴ</em></span> <span class='ocrx_word' id='word_1_152' title='bbox 1030 2581 1242 2663; x_wconf 91' lang='grc' dir='ltr'><em>μόνον</em></span> <span class='ocrx_word' id='word_1_153' title='bbox 1295 2579 1414 2643; x_wconf 89' lang='grc' dir='ltr'><em>τὸν</em></span> <span class='ocrx_word' id='word_1_154' title='bbox 1472 2581 1800 2663; x_wconf 88' lang='grc' dir='ltr'><em>ποταμόν,</em></span> <span class='ocrx_word' id='word_1_155' title='bbox 1867 2579 2033 2646; x_wconf 73' lang='grc' dir='ltr'><em>ἀλλὰ</em></span> 
     </span>
     <span class='ocr_line' id='line_1_23' title="bbox 108 2681 2029 2772; baseline 0.001 -22"><span class='ocrx_word' id='word_1_156' title='bbox 108 2681 222 2750; x_wconf 85' lang='grc' dir='ltr'><em>καὶ</em></span> <span class='ocrx_word' id='word_1_157' title='bbox 268 2687 439 2749; x_wconf 85' lang='grc' dir='ltr'><em>πολὺ</em></span> <span class='ocrx_word' id='word_1_158' title='bbox 492 2689 747 2769; x_wconf 81' lang='grc' dir='ltr'><em>μᾶλλον</em></span> <span class='ocrx_word' id='word_1_159' title='bbox 791 2686 948 2761; x_wconf 86' lang='grc' dir='ltr'><em>τοὺς</em></span> <span class='ocrx_word' id='word_1_160' title='bbox 1008 2683 1081 2749; x_wconf 81' lang='grc' dir='ltr'><em>έν</em></span> <span class='ocrx_word' id='word_1_161' title='bbox 1136 2684 1316 2772; x_wconf 76' lang='grc' dir='ltr'><em>αὐτῷ</em></span> <span class='ocrx_word' id='word_1_162' title='bbox 1371 2687 1866 2772; x_wconf 87' lang='grc' dir='ltr'><em>κροκοδείλους·</em></span> <span class='ocrx_word' id='word_1_163' title='bbox 1924 2688 2029 2752; x_wconf 85' lang='grc' dir='ltr'><em>διὸ</em></span> 
     </span>
     <span class='ocr_line' id='line_1_24' title="bbox 107 2772 2031 2877; baseline 0.003 -23"><span class='ocrx_word' id='word_1_164' title='bbox 107 2789 219 2854; x_wconf 86' lang='grc' dir='ltr'><em>καὶ</em></span> <span class='ocrx_word' id='word_1_165' title='bbox 255 2793 412 2867; x_wconf 88' lang='grc' dir='ltr'><em>τοὺς</em></span> <span class='ocrx_word' id='word_1_166' title='bbox 440 2792 685 2877; x_wconf 77' lang='grc' dir='ltr'><em>λῃστὰς</em></span> <span class='ocrx_word' id='word_1_167' title='bbox 710 2791 869 2868; x_wconf 89' lang='grc' dir='ltr'><em>τούς</em></span> <span class='ocrx_word' id='word_1_168' title='bbox 894 2814 964 2856; x_wconf 90' lang='grc' dir='ltr'><em>τε</em></span> <span class='ocrx_word' id='word_1_169' title='bbox 1002 2790 1129 2856; x_wconf 86' lang='grc' dir='ltr'><em>ἀπὸ</em></span> <span class='ocrx_word' id='word_1_170' title='bbox 1157 2800 1273 2876; x_wconf 81' lang='grc' dir='ltr'><em>τῆς</em></span> <span class='ocrx_word' id='word_1_171' title='bbox 1304 2772 1608 2876; x_wconf 78' lang='grc' dir='ltr'><em>Ἀραβίας</em></span> <span class='ocrx_word' id='word_1_172' title='bbox 1634 2791 1745 2858; x_wconf 85' lang='grc' dir='ltr'><em>καὶ</em></span> <span class='ocrx_word' id='word_1_173' title='bbox 1772 2794 2031 2877; x_wconf 88' lang='grc' dir='ltr'><em>Λιβύης</em></span> 
     </span>
     <span class='ocr_line' id='line_1_25' title="bbox 106 2897 2033 2984; baseline 0.002 -24"><span class='ocrx_word' id='word_1_174' title='bbox 106 2897 193 2981; x_wconf 84' lang='grc' dir='ltr'><em>μὴ</em></span> <span class='ocrx_word' id='word_1_175' title='bbox 249 2902 501 2981; x_wconf 78' lang='grc' dir='ltr'><em>τολμᾶν</em></span> <span class='ocrx_word' id='word_1_176' title='bbox 559 2898 995 2981; x_wconf 85' lang='grc' dir='ltr'><em>διανήχεσθαι</em></span> <span class='ocrx_word' id='word_1_177' title='bbox 1048 2898 1166 2962; x_wconf 92' lang='grc' dir='ltr'><em>τὸν</em></span> <span class='ocrx_word' id='word_1_178' title='bbox 1222 2901 1505 2981; x_wconf 85' lang='grc' dir='ltr'><em>Νεῖλον,</em></span> <span class='ocrx_word' id='word_1_179' title='bbox 1566 2898 2033 2984; x_wconf 82' lang='grc' dir='ltr'><em>φοβουμένους</em></span> 
     </span>
     <span class='ocr_line' id='line_1_26' title="bbox 105 3003 2031 3088; baseline 0.001 -21"><span class='ocrx_word' id='word_1_180' title='bbox 105 3004 181 3067; x_wconf 90' lang='grc' dir='ltr'><em>τὸ</em></span> <span class='ocrx_word' id='word_1_181' title='bbox 228 3008 491 3086; x_wconf 83' lang='grc' dir='ltr'><em>πλῆθος</em></span> <span class='ocrx_word' id='word_1_182' title='bbox 535 3013 669 3068; x_wconf 84' lang='grc' dir='ltr'><em>τῶν</em></span> <span class='ocrx_word' id='word_1_183' title='bbox 714 3005 1007 3088; x_wconf 87' lang='grc' dir='ltr'><em>θηρίων·</em></span> <span class='ocrx_word' id='word_1_184' title='bbox 1060 3012 1257 3070; x_wconf 87' lang='grc' dir='ltr'><em>τοῦτο</em></span> <span class='ocrx_word' id='word_1_185' title='bbox 1307 3003 1368 3069; x_wconf 84' lang='grc' dir='ltr'><em>δ’</em></span> <span class='ocrx_word' id='word_1_186' title='bbox 1424 3005 1547 3071; x_wconf 87' lang='grc' dir='ltr'><em>οὐκ</em></span> <span class='ocrx_word' id='word_1_187' title='bbox 1593 3007 1677 3070; x_wconf 76' lang='grc' dir='ltr'><em>ἄν</em></span> <span class='ocrx_word' id='word_1_188' title='bbox 1723 3028 1881 3071; x_wconf 88' lang='grc' dir='ltr'><em>ποτε</em></span> <span class='ocrx_word' id='word_1_189' title='bbox 1926 3028 2031 3087; x_wconf 81' lang='grc' dir='ltr'><em>γε·-</em></span> 
     </span>
    </p>

    <p class='ocr_par' dir='ltr' id='par_1_7' title="bbox 26 3093 2031 3200">
     <span class='ocr_line' id='line_1_27' title="bbox 26 3093 2031 3200; baseline -0.001 -26"><span class='ocrx_word' id='word_1_190' title='bbox 26 3138 80 3186; x_wconf 80' lang='lat'><em>25</em></span> <span class='ocrx_word' id='word_1_191' title='bbox 104 3093 347 3175; x_wconf 80' lang='grc' dir='ltr'><em>νέσθαι</em></span> <span class='ocrx_word' id='word_1_192' title='bbox 402 3107 920 3193; x_wconf 89' lang='grc' dir='ltr'><em>πολεμουμένων</em></span> <span class='ocrx_word' id='word_1_193' title='bbox 973 3119 1108 3175; x_wconf 79' lang='grc' dir='ltr'><em>τῶν</em></span> <span class='ocrx_word' id='word_1_194' title='bbox 1164 3108 1349 3200; x_wconf 73' lang='grc' dir='ltr'><em>ζῴων</em></span> <span class='ocrx_word' id='word_1_195' title='bbox 1403 3108 1513 3177; x_wconf 89' lang='grc' dir='ltr'><em>καὶ</em></span> <span class='ocrx_word' id='word_1_196' title='bbox 1569 3112 1682 3176; x_wconf 81' lang='grc' dir='ltr'><em>διὰ</em></span> <span class='ocrx_word' id='word_1_197' title='bbox 1734 3121 1869 3177; x_wconf 77' lang='grc' dir='ltr'><em>τῶν</em></span> <span class='ocrx_word' id='word_1_198' title='bbox 1917 3126 2031 3172; x_wconf 93' lang='grc' dir='ltr'><em>σα-</em></span> 
     </span>
    </p>

    <p class='ocr_par' dir='ltr' id='par_1_8' title="bbox 0 3210 2099 3515">
     <span class='ocr_line' id='line_1_28' title="bbox 66 3210 2099 3302; baseline 0 -22"><span class='ocrx_word' id='word_1_199' title='bbox 66 3241 73 3250; x_wconf 78' lang='grc'><strong><em>’</em></strong></span> <span class='ocrx_word' id='word_1_200' title='bbox 106 3218 534 3299; x_wconf 88' lang='grc' dir='ltr'><em>γηνευόντων</em></span> <span class='ocrx_word' id='word_1_201' title='bbox 580 3216 793 3299; x_wconf 78' lang='grc' dir='ltr'><em>ἄρδην</em></span> <span class='ocrx_word' id='word_1_202' title='bbox 841 3214 1354 3302; x_wconf 83' lang='grc' dir='ltr'><em>ἀναιρεθέντων.</em></span> <span class='ocrx_word' id='word_1_203' title='bbox 1447 3219 1586 3282; x_wconf 82' lang='grc' dir='ltr'><em>ἔστι</em></span> <span class='ocrx_word' id='word_1_204' title='bbox 1643 3213 1717 3281; x_wconf 72' lang='grc' dir='ltr'><em>δὲ</em></span> <span class='ocrx_word' id='word_1_205' title='bbox 1763 3210 1872 3278; x_wconf 84' lang='grc' dir='ltr'><em>καὶ</em></span> <span class='ocrx_word' id='word_1_206' title='bbox 1920 3212 2031 3274; x_wconf 76' lang='grc' dir='ltr'><em>ἄλ-</em></span> <span class='ocrx_word' id='word_1_207' title='bbox 2069 3236 2099 3280; x_wconf 89' lang='lat'><strong>3</strong></span> 
     </span>
     <span class='ocr_line' id='line_1_29' title="bbox 106 3317 2027 3408; baseline -0.004 -22"><span class='ocrx_word' id='word_1_208' title='bbox 106 3326 219 3399; x_wconf 89' lang='grc' dir='ltr'><em>λος</em></span> <span class='ocrx_word' id='word_1_209' title='bbox 275 3325 474 3405; x_wconf 87' lang='grc' dir='ltr'><em>λόγος</em></span> <span class='ocrx_word' id='word_1_210' title='bbox 531 3322 1003 3408; x_wconf 68' lang='grc' dir='ltr'><em>ἱστορούμενος</em></span> <span class='ocrx_word' id='word_1_211' title='bbox 1055 3320 1207 3408; x_wconf 89' lang='grc' dir='ltr'><em>περὶ</em></span> <span class='ocrx_word' id='word_1_212' title='bbox 1265 3333 1400 3388; x_wconf 82' lang='grc' dir='ltr'><em>τῶν</em></span> <span class='ocrx_word' id='word_1_213' title='bbox 1447 3323 1712 3405; x_wconf 90' lang='grc' dir='ltr'><em>θηρίων</em></span> <span class='ocrx_word' id='word_1_214' title='bbox 1757 3317 2027 3381; x_wconf 89' lang='grc' dir='ltr'><em>τούτων.</em></span> 
     </span>
     <span class='ocr_line' id='line_1_30' title="bbox 0 3421 2031 3515; baseline -0.007 -18"><span class='ocrx_word' id='word_1_215' title='bbox 0 3448 102 3499; x_wconf 85' lang='grc'><em>100</em></span> <span class='ocrx_word' id='word_1_216' title='bbox 123 3426 293 3513; x_wconf 84' lang='grc' dir='ltr'><em>φασὶ</em></span> <span class='ocrx_word' id='word_1_217' title='bbox 347 3428 475 3514; x_wconf 74' lang='grc' dir='ltr'><em>γάρ</em></span> <span class='ocrx_word' id='word_1_218' title='bbox 530 3451 705 3505; x_wconf 85' lang='grc' dir='ltr'><em>τινες</em></span> <span class='ocrx_word' id='word_1_219' title='bbox 757 3438 891 3494; x_wconf 81' lang='grc' dir='ltr'><em>τῶν</em></span> <span class='ocrx_word' id='word_1_220' title='bbox 947 3428 1239 3515; x_wconf 88' lang='grc' dir='ltr'><em>ἀρχαίων</em></span> <span class='ocrx_word' id='word_1_221' title='bbox 1295 3429 1443 3494; x_wconf 80' lang='grc' dir='ltr'><em>τινὰ</em></span> <span class='ocrx_word' id='word_1_222' title='bbox 1488 3421 1846 3510; x_wconf 88' lang='grc' dir='ltr'><em>βασιλέων,</em></span> <span class='ocrx_word' id='word_1_223' title='bbox 1912 3421 2031 3484; x_wconf 89' lang='grc' dir='ltr'><em>τὸν</em></span> 
     </span>
    </p>
   </div>
   <div class='ocr_carea' id='block_1_4' title="bbox 251 3650 1654 3728">
    <p class='ocr_par' dir='ltr' id='par_1_9' title="bbox 251 3650 1654 3728">
     <span class='ocr_line' id='line_1_31' title="bbox 251 3650 1654 3728; baseline -0.009 -17"><span class='ocrx_word' id='word_1_224' title='bbox 251 3662 314 3711; x_wconf 92' lang='grc'><em>11</em></span> <span class='ocrx_word' id='word_1_225' title='bbox 355 3653 544 3728; x_wconf 86' lang='grc' dir='ltr'><em>πόλιν]</em></span> <span class='ocrx_word' id='word_1_226' title='bbox 584 3655 687 3727; x_wconf 82' lang='grc' dir='ltr'><em>τὴν</em></span> <span class='ocrx_word' id='word_1_227' title='bbox 726 3655 890 3712; x_wconf 87' lang='grc' dir='ltr'><em>πόλιν</em></span> <span class='ocrx_word' id='word_1_228' title='bbox 928 3656 977 3709; x_wconf 92' lang='lat' dir='ltr'>D</span> <span class='ocrx_word' id='word_1_229' title='bbox 1124 3659 1191 3708; x_wconf 77' lang='lat'><em>22</em></span> <span class='ocrx_word' id='word_1_230' title='bbox 1231 3671 1290 3708; x_wconf 82' lang='grc' dir='ltr'><em>τε</em></span> <span class='ocrx_word' id='word_1_231' title='bbox 1330 3652 1442 3705; x_wconf 81' lang='lat' dir='ltr'><strong>del.</strong></span> <span class='ocrx_word' id='word_1_232' title='bbox 1479 3650 1654 3702; x_wconf 74' lang='lat' dir='ltr'><strong>Wess.</strong></span> 
     </span>
    </p>
   </div>
  </div>
 </body>
</html>
