2569 4061
1083 310 1136 364 11
1175 316 1260 365 59.
1293 316 1379 366 60.
2062 309 2194 375 265

265 474 702 559 διατετάχθαι
766 472 828 539 δ’
883 473 997 539 ἐπί
1051 497 1240 550 τινας
1305 471 1673 558 ὡρισμένας
1732 471 1980 561 ἡμέρας
2038 466 2197 535 ποτε

266 577 389 665 μὲν
450 582 710 665 ἰχθύων
765 584 1051 667 βρῶσιν,
1108 576 1266 645 ποτὲ
1325 575 1399 644 δὲ
1455 575 1739 663 ὀρνέων,
1787 582 1924 645 ἔστι
1971 574 2032 643 δ’
2086 577 2195 642 ὅτε

265 691 618 773 χερσαίων,
661 688 872 753 ἐνίοτε
903 684 976 753 δὲ
1014 686 1256 753 ἐλαιῶν
1284 682 1396 752 καὶ
1430 694 1567 749 τῶν
1595 684 1953 749 λιτοτάτων
1989 702 2195 771 προσ-

267 795 646 878 οψημάτων.
740 791 1019 872 ἐναλλὰξ
1076 790 1152 858 δὲ
1206 792 1455 868 αὐτοὺς
1506 792 1663 866 τοὺς
1708 786 1831 872 μὲν
1886 788 2196 873 ἀλλήλοις
2232 815 2265 864 6

211 920 238 961 5
270 902 633 985 διακονεῖν,
670 904 830 978 τοὺς
866 897 940 966 δὲ
976 899 1291 981 ἁλιεύειν,
1331 902 1489 974 τοὺς
1517 893 1591 962 δὲ
1624 893 1928 981 περὶ-τὰς
1963 893 2196 978 τέχνας

269 1001 463 1091 εἶναι,
511 1010 755 1084 ἄλλους
802 1003 878 1072 δὲ
921 1004 1073 1092 περὶ
1119 1007 1287 1071 ἄλλα
1332 1014 1468 1068 τῶν
1511 1005 1855 1090 χρησίμων
1902 1000 2198 1085 ἀσχολεῖ-

270 1120 464 1198 σθαι,
527 1116 688 1189 τοὺς
748 1110 809 1177 δ’
875 1112 948 1177 ἐκ
1001 1111 1324 1197 περιόδου
1387 1116 1699 1194 κυκλικῆς
1762 1114 2194 1193 λειτουργεῖν,

265 1220 442 1302 πλὴν
495 1229 632 1285 τῶν
692 1220 823 1303 ἤδη
882 1219 1369 1303 γεγηρακότων.
1461 1219 1534 1282 ἔν
1596 1240 1667 1282 τε
1731 1227 1874 1295 ταῖς
1937 1213 2196 1303 ἑορταῖς
2234 1236 2265 1283 ’1

267 1324 379 1391 καὶ
440 1323 586 1402 ταῖς
644 1324 952 1408 εὐωχίαις
1011 1322 1335 1407 λέγεσθαί
1387 1345 1456 1388 τε
1514 1322 1625 1388 καὶ
1683 1321 1972 1410 ᾅδεσθαι
2031 1319 2191 1410 παρ’

183 1452 240 1492 10
269 1432 498 1508 αὐτοῖς
544 1433 640 1507 εἰς
674 1433 832 1506 τοὺς
867 1431 1076 1505 θεοὺς
1112 1428 1369 1513 ὕμνους
1414 1426 1523 1493 καὶ
1559 1428 1870 1514 ἐγκώμια,
1915 1430 2198 1514 μάλιστα

270 1536 346 1603 δὲ
403 1538 497 1613 εἰς
549 1537 669 1600 τὸν
723 1536 948 1618 ἥλιον,
1010 1529 1093 1598 οὗ
1146 1534 1263 1611 τάς
1320 1558 1390 1599 τε
1443 1536 1693 1618 νήσους
1751 1533 1861 1600 καὶ
1920 1534 2200 1612 ἑαυτοὺς

268 1641 864 1727 προσαγορεύουσι.
956 1640 1294 1706 θάπτουσι
1353 1635 1427 1704 δὲ
1471 1642 1628 1718 τοὺς
1678 1642 2197 1724 τελευτήσαντας
2231 1659 2265 1708 8

275 1749 445 1813 ὅταν,
466 1747 758 1832 ἄμπωτις
793 1745 1066 1830 γένηται
1092 1746 1634 1830 καταχωννύντες
1668 1745 1765 1821 εἰς
1798 1745 1922 1827 τὴν
1958 1745 2199 1830 ἅμμον,

278 1855 447 1919 ὥστε
482 1854 649 1918 κατὰ
692 1854 815 1938 τὴν
851 1854 1236 1938 πλημυρίδα
1270 1853 1392 1917 τὸν
1438 1853 1646 1917 τόπον
1682 1849 2201 1935 ἐπιχώννυσθαι,

184 1981 238 2022 15
279 1963 439 2038 τοὺς
475 1955 550 2025 δὲ
584 1959 940 2046 καλάμους,
987 1958 1054 2038 ἐξ
1093 1954 1190 2025 ὧν
1227 1959 1263 2025 ὁ
1300 1960 1552 2046 καρπὸς
1584 1966 1702 2044 τῆς
1736 1965 1992 2044 τροφῆς
2027 1961 2202 2043 γίνε-

158 2092 421 2152 172ται,
480 2065 646 2152 φασὶ
704 2069 1185 2152 σπιθαμιαίους
1230 2068 1428 2144 ὄντας
1481 2067 1556 2131 τὸ
1611 2065 1820 2151 πάχος
1869 2068 2033 2132 κατὰ
2082 2067 2201 2143 τὰς

272 2183 388 2260 τῆς
417 2175 700 2259 σελήνης
727 2173 1229 2259 ἀναπληρώσεις
1258 2173 1833 2259 ἀναπληροῦσθαι,
1856 2170 1969 2238 καὶ
1994 2174 2198 2238 πάλιν

269 2283 436 2348 κατὰ
471 2282 589 2358 τὰς
615 2279 1003 2357 ἐλαττώσεις
1039 2278 1168 2344 ἀνὰ
1204 2282 1410 2363 λόγον
1445 2285 1945 2345 ταπεινοῦσθαι.
2008 2281 2083 2345 τὸ
2124 2275 2198 2345 δὲ
2236 2297 2268 2346 9

270 2398 406 2454 τῶν
463 2394 740 2473 θερμῶν
797 2396 1032 2470 πηγῶν
1085 2385 1272 2472 ὕδωρ
1330 2390 1542 2469 γλυκὺ
1604 2384 1715 2452 καὶ
1772 2384 2072 2467 ὑγιεινὸν
2126 2388 2202 2451 ὃν

188 2516 245 2555 20
274 2495 706 2579 διαφυλάττει
748 2494 873 2577 τὴν
918 2495 1327 2579 θερμασίαν,
1373 2491 1486 2559 καὶ
1533 2491 1851 2559 οὐδέποτε
1897 2493 2198 2578 ψύχεται,

273 2602 391 2667 ἐὰν
437 2602 525 2686 μὴ
570 2602 834 2686 ψυχρὸν
879 2599 1065 2686 ὕδωρ
1111 2598 1152 2683 ἢ
1201 2594 1385 2676 οἶνος
1432 2602 1895 2684 συμμίσγηται.

444 2703 648 2773 Ἑπτὰ
703 2703 764 2772 δ’
809 2708 920 2791 ἔτη
969 2709 1325 2791 μείναντας
1366 2700 1522 2792 παρ’
1566 2706 1794 2782 αὐτοῖς
1846 2708 2006 2783 τοὺς
2049 2702 2202 2792 περὶ
2222 2704 2309 2770 60

274 2816 394 2880 τὸν
415 2809 810 2899 Ἰαμβοῦλον
848 2812 1259 2898 ἐκβληθῆναι
1297 2814 1608 2897 ἄκοντας,
1658 2813 1746 2889 ὡς
1781 2813 2200 2898 κακούργους

272 2919 386 2986 καὶ
421 2931 744 3006 πονηροῖς
779 2919 1086 3004 ἐθισμοῖς
1123 2918 1772 3006 συντεθραμμένους.
1835 2920 2038 2984 πάλιν
2075 2913 2201 2983 οὖν

192 3047 244 3089 25
272 3029 347 3093 τὸ
432 3028 786 3113 πλοιάριον
870 3026 1489 3103 κατασκευάσαντας
1565 3031 2205 3110 συναναγκασθῆναι

274 3135 396 3200 τὸν
441 3135 782 3220 χωρισμὸν
836 3135 1278 3217 ποιήσασθαι,
1325 3130 1436 3198 καὶ
1479 3133 1742 3221 τροφὴν
1798 3127 2203 3212 ἐνθεμένους

279 3247 561 3307 πλεῦσαι
605 3238 812 3307 πλέον
857 3239 898 3324 ἢ
945 3239 1257 3326 τέτταρας
1295 3248 1532 3324 μῆνας·
1578 3239 1879 3305 ἐκπεσεῖν
1925 3229 2000 3298 δὲ
2035 3234 2201 3299 κατὰ

378 3504 390 3515 ⁶
432 3439 464 3488 9
503 3428 767 3503 εὐωχίαις
793 3432 1132 3514 wesseling,
1171 3426 1365 3500 εὐχαῖς
1393 3430 1613 3487 codices
1690 3435 1757 3483 16
1795 3425 2207 3513 σπιθαμιαίους

286 3503 514 3573 Relske,
551 3506 958 3573 στεφανιαίους
995 3503 1216 3558 codlces
1328 3506 1395 3557 19
1431 3501 1665 3570 θερμῶν
1704 3515 1812 3553 om.
1848 3495 1898 3549 D
1971 3514 2039 3549 ον
2075 3494 2205 3548 add.

293 3574 461 3631 Dind.
554 3580 622 3630 22
659 3571 799 3645 παρ’
840 3570 1037 3638 αὐτοῖς
1074 3575 1378 3644 μείναντας
1413 3571 1566 3641 vulg.
1649 3575 1719 3624 26
1755 3564 2099 3635 ποιήσαντας
2135 3563 2203 3618 D.
