2569 4061
418 167 599 225 XXIV
1169 165 1605 224 PRAEFATIO.

425 338 618 414 1807,
672 335 939 397 continet
989 336 1235 413 praeter
1279 353 1379 409 ea,
1435 352 1587 411 quae
1632 333 2069 411 Wesselingius
2128 353 2346 409 suppe-

420 432 748 507 ditaverat,
794 433 1353 510 commentationes,
1400 449 1549 508 quas
1596 430 1660 492 O.
1687 429 1758 492 G.
1785 431 2001 507 Heyne
2046 431 2121 490 de
2163 430 2347 490 fonti-

420 529 539 589 bus
583 526 834 588 Diodori
881 531 944 589 et
987 527 1104 589 Ier.
1139 527 1270 588 Nic.
1325 527 1561 606 Eyring
1604 529 1678 588 de
1723 528 1951 589 virtute
1998 531 2062 588 et
2106 545 2346 589 oecono-

421 627 546 687 mia
581 627 712 686 eius
748 625 1150 687 bibliothecae
1179 624 1570 703 scripserant3
1602 625 2107 702 pretiosissimum
2141 627 2351 685 autem

420 724 898 784 additamentum
960 723 1143 784 huius
1208 721 1492 784 editionis
1555 726 1652 784 est
1710 723 1949 783 collatio
2014 722 2234 783 codicis
2288 722 2346 781 D

419 814 512 900 (et
545 815 652 902 N),
697 838 851 897 quae
888 839 1025 880 eum
1062 838 1196 880 sero
1232 820 1441 881 oblata
1477 823 1655 894 esset,
1698 819 2061 897 Bipontinae
2098 818 2349 880 editioni

417 917 537 995 ipsi
583 917 930 979 adiumento
987 935 1118 978 esse
1162 934 1284 977 non
1338 916 1537 993 potuit
1590 908 1694 998 (cf.
1740 920 1882 978 tom.
1918 916 2007 976 IV
2051 916 2237 993 praef.
2285 919 2353 975 et

418 1014 474 1075 X
517 1034 575 1090 p.
616 1006 798 1095 391).

602 1111 950 1172 Eichstae
963 1111 1040 1171 dt
1082 1109 1283 1171 nescio
1329 1128 1449 1188 quo
1486 1128 1632 1171 casu
1664 1110 1991 1188 impeditus
2027 1112 2146 1171 duo
2180 1110 2351 1171 volu-

417 1208 582 1269 mina
627 1206 816 1269 edidit
859 1207 1035 1267 Halis
1083 1207 1388 1292 Saxonum
1431 1225 1589 1268 anno
1641 1210 1812 1271 1800
1860 1210 1923 1268 et
1972 1210 2172 1284 1802,
2220 1207 2347 1283 qui-

421 1304 535 1367 bus
582 1305 969 1365 continentur
1012 1304 1155 1365 libri
1199 1304 1379 1364 I—-V
1425 1309 1489 1366 et
1531 1305 1870 1365 XI—XIV.
1958 1305 2148 1365 Novis
2206 1305 2347 1364 sub-

420 1400 609 1479 sidiis,
655 1419 809 1479 quae
847 1402 1093 1479 quidem
1136 1403 1201 1462 in
1244 1401 1549 1463 codicibus
1585 1404 1685 1463 vel
1728 1401 2092 1463 membranis
2130 1406 2350 1475 essent,

423 1499 637 1579 caruit,
684 1500 830 1560 dum
874 1519 946 1560 ex
981 1500 1342 1578 Augustano
1388 1502 1453 1560 et
1486 1500 2006 1561 Monachiensibus
2018 1489 2088 1580 ²¹²)
2132 1497 2348 1557 codici-

419 1597 534 1659 bus
580 1598 906 1658 lectionum
950 1598 1313 1659 varietatem
1355 1597 1712 1674 impetravit
1748 1590 1807 1678 (I
1842 1596 2031 1674 praef.
2069 1593 2152 1653 LI
2189 1596 2253 1654 et
2285 1593 2350 1653 ΙΙ

418 1695 612 1772 praef.
647 1689 796 1775 IV);
854 1694 1400 1756 animadversiones
1446 1697 1653 1754 autem
1706 1697 1770 1753 et
1814 1693 2040 1753 indices
2085 1691 2349 1767 locuple-

417 1793 658 1869 tissimi,
703 1811 857 1868 quae
902 1793 967 1851 in
1011 1790 1193 1851 titulo
1237 1789 1534 1867 promisit,
1578 1807 1887 1866 nunquam
1934 1805 2154 1848 excusa
2192 1792 2350 1850 sunt.

419 1886 647 1946 Tamen
701 1888 850 1947 haec
906 1886 1088 1947 editio
1142 1886 1388 1946 minime
1444 1887 1540 1946 est
1591 1887 1759 1966 vilis,
1814 1904 1951 1945 cum
1994 1884 2356 1947 Eichstaedt

416 1982 751 2045 Diodorum
812 2002 935 2046 non
991 1983 1200 2061 paucis
1261 1983 1430 2046 vitiis
1492 1983 1722 2060 ingenii
1774 1983 1871 2045 sui
1925 1987 1988 2045 et
2044 1983 2355 2046 doctrinae

420 2099 532 2159 ope
569 2083 955 2160 purgaverit3
1001 2100 1256 2158 quarum
1295 2082 1780 2144 emendationum
1815 2083 2043 2143 multas
2080 2082 2145 2141 in
2178 2100 2355 2159 prae·

418 2178 649 2239 satione
695 2180 845 2241 tomi
890 2180 1111 2255 prioris
1150 2180 1375 2240 diserte
1415 2178 1775 2257 explanavit.
1816 2209 1892 2221 —
1934 2178 2007 2237 In
2053 2197 2183 2237 rem
2220 2196 2354 2240 esse

420 2276 662 2337 videtur
706 2276 786 2336 ad
831 2278 1088 2338 verbum
1130 2277 1381 2336 reddere
1396 2322 1412 2353 ,
1458 2294 1613 2352 quae
1657 2275 1732 2336 de
1778 2276 2024 2337 consilio
2071 2275 2355 2337 editionis

421 2390 566 2433 suae
611 2373 889 2449 exposuit
933 2364 994 2454 (Ι
1028 2372 1216 2449 praef.
1253 2367 1431 2453 XH):
1490 2367 1789 2433 ‘Arduum
1842 2391 1978 2433 esse
2022 2373 2245 2450 agnovi
2288 2377 2354 2433 et

418 2468 642 2530 fateor:
710 2469 816 2530 sed
868 2487 946 2529 ne
1002 2473 1109 2530 aut
1166 2469 1497 2548 suscipiens
1553 2458 2008 2545 expavescerem
2061 2472 2170 2530 aut
2223 2488 2353 2530 sus-

419 2566 581 2643 cepti
616 2567 740 2628 vim
786 2566 1050 2628 sentiens
1089 2567 1289 2628 animo
1337 2566 1703 2641 debilitarer,
1749 2584 1974 2644 magna
2017 2567 2203 2645 illius,
2248 2568 2354 2644 qui

423 2665 815 2740 imposuerat,
851 2665 1183 2726 auctoritas
1220 2664 1434 2725 effecit.
1499 2663 1801 2724 Nimirum
1837 2668 1976 2725 ante
2012 2665 2128 2725 hoc
2160 2665 2355 2726 ferme

422 2762 776 2823 decennium
829 2763 907 2821 ad
959 2780 1178 2822 novam
1232 2761 1486 2822 Diodori
1538 2761 1974 2838 procurandam
2028 2761 2352 2822 editionem

421 2860 691 2919 animum
737 2858 1094 2919 adiunxerat
1138 2858 1559 2920 Fridericus
1606 2855 1983 2937 Augustus
2019 2858 2358 2923 WolfiuS.

420 2957 794 3017 Versabatur
856 2956 1365 3033 praestantissimi
1426 2957 1545 3019 viri
1608 2956 1924 3018 consilium
1989 2956 2056 3016 in
2121 2975 2218 3035 00,
2282 2961 2358 3016 ut

566 3138 620 3208 ⁴²)
662 3134 811 3189 Unus
858 3150 925 3188 ex
970 3131 1060 3188 his
1106 3132 1220 3190 fuit
1270 3134 1397 3192 cod.
1434 3136 1655 3192 Monac.
1695 3135 1892 3191 Graec.
1922 3139 1993 3188 48
2030 3150 2176 3189 saec.
2203 3134 2357 3203 XVI,

423 3213 582 3270 cuius
625 3214 688 3269 in
732 3211 964 3269 f01.455
1013 3212 1226 3284 scripta
1282 3215 1416 3269 sunt
1468 3214 1635 3269 haec:
1699 3212 1966 3269 ‘Collatio
2016 3212 2173 3268 facta
2226 3229 2354 3267 cum

423 3293 558 3350 edit.
598 3293 779 3349 Amet.
827 3294 886 3346 et
929 3292 1105 3348 missa
1142 3291 1294 3351 Prof.
1333 3293 1665 3349 Eichstaedt
1709 3293 1901 3346 Ienam
1940 3322 2007 3333 --
2046 3292 2087 3345 I.
2127 3293 2354 3347 Hardt?

426 3371 694 3428 Continet
727 3371 855 3427 libr.
885 3371 940 3425 H
980 3378 1184 3439 1—34‚
1232 3387 1380 3441 quae
1419 3370 1703 3427 Gemistus
1750 3388 1817 3426 ex
1852 3370 2105 3429 Diodoro
2144 3372 2359 3443 compi·
2389 3403 2402 3414 ·

422 3448 675 3517 laverat3'
705 3448 829 3520 ipse
867 3450 1101 3518 contuli,
1138 3452 1239 3507 sed
1276 3466 1507 3522 operam
1542 3450 1780 3521 perdidi.
