2569 4061
323 206 415 269 44
996 201 1307 259 DIODORI
1343 203 1577 260 Slcmu

326 367 474 454 ἐμοὶ
527 368 915 449 Βούβαστος
967 366 1009 450 ἡ
1064 368 1256 443 πόλις
1310 363 1733 454 ᾠκοδομήθη.
1825 377 2012 454 χαῖρε
2067 377 2254 454 χαῖρε
2292 369 2362 419 32

257 476 289 525 5
328 480 626 557 Αἴγυπτε
662 473 704 557 ἡ
741 471 1052 560 θρέψασά
1088 474 1234 557 με.“
1318 470 1425 537 ἐπὶ
1471 468 1546 538 δὲ
1590 479 1707 556 τῆς
1744 468 2074 560 Ὀσίριδος
2120 472 2256 539 ἐπι-

327 581 712 665 γεγράφθαι
774 577 1033 664 λέγεται
1106 579 1388 665 »Πατὴρ
1449 577 1572 664 μέν
1626 578 1773 645 ἐστί
1818 603 1935 665 μοι
1989 583 2255 665 Κρόνος

325 686 651 762 νεώτατος
703 690 887 750 θεῶν
941 683 1287 767 ἁπάντων,
1352 683 1487 768 εἰμὶ
1543 680 1617 749 δὲ
1661 682 1919 769 Ὄσιρις
1974 685 2010 751 ὁ
2066 688 2254 769 βασι-

328 793 511 876 λεύς,
568 791 604 857 ὁ
652 792 1056 877 στρατεύσας
1101 788 1208 856 ἐπὶ
1252 799 1475 856 πᾶσαν
1519 791 1745 877 χώραν
1789 790 1913 869 ἕως
1960 793 2053 869 εἰς
2097 795 2255 869 τοὺς
2281 808 2309 851 5

327 900 677 983 ἀοικήτους
712 899 959 974 τόπους
993 907 1131 962 τῶν
1169 891 1404 962 Ἰνδῶν
1447 896 1560 962 καὶ
1604 901 1762 975 τοὺς
1806 900 1974 984 πρὸς
2009 900 2255 984 ἄρκτον

325 1005 773 1091 κεκλιμένους,
821 1002 1009 1089 μέχρι
1037 1002 1307 1088 Ἴστρου
1342 1013 1646 1089 ποταμοῦ
1678 1016 1932 1089 πηγῶν,
1980 1003 2090 1071 καὶ
2132 1007 2256 1071 πά-

328 1117 437 1177 λιν
503 1109 608 1177 ἐπὶ
665 1112 872 1175 τᾶλλα
936 1108 1102 1195 μέρη
1176 1109 1301 1187 ἕως
1373 1110 1689 1176 ὠκεανοῦ.
1783 1108 1918 1196 εἰμὶ
1982 1108 2055 1177 δὲ
2110 1113 2259 1191 υίὸς

329 1220 604 1301 Κρόνου
649 1217 1121 1302 πρεσβύτατος,
1166 1214 1279 1282 καὶ
1324 1219 1610 1300 βλαστὸς
1659 1215 1733 1283 ἐκ
1775 1223 1987 1284 καλοῦ
2029 1242 2101 1283 τε
2145 1217 2257 1284 καὶ

330 1323 647 1406 εὐγενοῦς
691 1319 830 1410 ᾠοῦ
878 1320 1135 1408 σπέρμα
1190 1319 1508 1407 συγγενὲς
1567 1323 1943 1409 ἐγεννήθην
1989 1322 2253 1409 ἡμέρας.
2286 1342 2339 1382 10

329 1426 440 1495 καὶ
486 1428 612 1495 οὐκ
648 1431 787 1495 ἔστι
830 1431 1032 1507 τόπος
1075 1438 1194 1514 τῆς
1239 1428 1635 1514 οἰκουμένης
1681 1431 1775 1507 εἰς
1828 1429 1911 1495 ὃν
1955 1428 2083 1513 ἐγὼ
2131 1430 2260 1496 οὐκ

333 1536 639 1621 ἀφῖγμαι,
687 1536 964 1614 διαδοὺς
1008 1544 1211 1602 πᾶσιν
1248 1531 1347 1602 ὧν
1385 1535 1512 1620 ἐγὼ
1551 1536 1822 1620 εὑρετὴς
1869 1535 2257 1622 ἐγενόμην.“

262 1662 294 1710 6
331 1653 626 1709 τοσαῦτα
658 1654 794 1708 τῶν
829 1641 1309 1730 γεγραμμένων
1341 1641 1416 1707 ἐν
1450 1653 1593 1719 ταῖς
1630 1645 1899 1726 στήλαις
1935 1643 2104 1728 φασὶ
2142 1645 2259 1709 δύ-

330 1757 583 1816 νασθαι
637 1749 1048 1833 ἀναγνῶναι,
1112 1749 1195 1814 τὰ
1249 1746 1312 1812 δ’
1367 1750 1534 1813 ἄλλα
1597 1749 1758 1813 ὄντα
1812 1751 2018 1814 πλείω
2073 1772 2259 1814 κατε-

332 1858 650 1943 φθάρθαι
698 1856 809 1920 διὰ
853 1855 975 1920 τὸν
1017 1856 1282 1939 χρόνον.
1357 1855 1437 1918 τὰ
1482 1849 1605 1938 μὲν
1642 1848 1769 1919 οὖν
1805 1851 1958 1944 περὶ
1993 1863 2109 1939 τῆς
2145 1878 2256 1921 τα-
2286 1871 2341 1913 15·

333 1971 464 2047 φῆς
499 1973 635 2027 τῶν
670 1967 855 2027 θεῶν
889 1962 1149 2027 τούτων
1196 1961 1633 2046 διαφωνεῖται
1676 1962 1855 2048 παρὰ
1901 1971 2042 2039 τοῖς
2077 1963 2259 2027 πλεί-

334 2088 515 2148 στοις
552 2071 664 2136 διὰ
698 2070 774 2136 τὸ
811 2072 969 2147 τοὺς
1008 2070 1205 2156 ἱερεῖς
1236 2067 1311 2134 ἐν
1341 2068 1741 2156 ἀπορρήτοις
1767 2073 2257 2156 παρειληφότας

330 2178 455 2260 τὴν
508 2174 661 2264 περὶ
712 2177 971 2242 τούτων
1027 2175 1372 2262 ἀκρίβειαν
1422 2176 1509 2261 μὴ
1555 2178 1926 2260 βούλεσθαι
1971 2174 2259 2261 τάληθὲς

333 2281 642 2369 ἐκφέρειν
700 2283 796 2358 εἰς
849 2285 1006 2358 τοὺς
1060 2283 1381 2364 πολλούς,
1447 2282 1536 2358 ὡς
1599 2281 1684 2347 ἂν
1747 2279 1857 2347 καὶ
1921 2284 2261 2348 κινδύνων

334 2386 766 2471 ἐπικειμένων
802 2397 943 2463 τοῖς
977 2386 1358 2471 τάπόρρητα
1404 2384 1557 2470 περὶ
1602 2399 1737 2454 τῶν
1781 2394 1966 2454 θεῶν
2002 2391 2258 2454 τούτων
2288 2405 2342 2446 20

333 2493 710 2579 μηνύσασιν
754 2493 850 2569 εἰς
893 2495 1050 2568 τοὺς
1095 2494 1350 2576 ὄχλους.

229 2598 312 2663 28
515 2599 605 2665 Οί
637 2592 698 2663 δ’
733 2592 860 2664 οὖν
888 2598 1254 2679 Αἰγύπτιοί
1282 2613 1452 2683 φασι
1486 2595 1597 2663 καὶ
1634 2599 1796 2682 μετὰ
1831 2607 2038 2663 ταῦτα
2074 2598 2262 2664 ἀποι-

333 2709 479 2784 κίας
523 2706 830 2782 πλείστας
885 2703 950 2784 ἐξ
998 2705 1348 2787 Αἰγύπτου
1401 2705 1566 2769 κατὰ
1621 2713 1842 2770 πᾶσαν
1898 2705 2262 2791 διασπαρῆ-

334 2839 446 2880 ναι
490 2809 613 2895 τ’ὴν
659 2809 1078 2897 οἰκουμένην.
1170 2812 1265 2888 εἰς
1310 2813 1683 2894 Βαβυλῶνα
1738 2807 1861 2895 μὲν
1915 2812 2042 2897 γὰρ
2102 2810 2264 2894 ἀγα-

334 2930 480 3006 γεῖν
527 2919 845 2996 ἀποίκους
889 2922 1114 3002 Βῆλον
1172 2919 1292 2984 τὸν
1346 2920 1783 3003 νομιζόμενον
1829 2918 2259 2996 Ποσειδῶνος
2290 2935 2340 2976 2⁵

336 3024 511 3095 εἶναι
554 3025 664 3094 καὶ
711 3027 996 3110 Λιβύης·
1043 3024 1125 3091 ὃν
1168 3026 1349 3111 παρὰ
1392 3026 1510 3091 τὸν
1551 3025 1918 3112 Εὐφράτην
1962 3026 2262 3109 ποταμὸν

552 3258 652 3326 τῆς
713 3256 990 3327 τοῦπύς
991 3299 1004 3312 .
1155 3262 1191 3310 4
1226 3252 1466 3343 πάντρν
1497 3255 1547 3310 D
1685 3261 1718 3311 6
1753 3255 1867 3310 τῶν
1904 3270 2011 3311 om.
2051 3255 2100 3308 D
2229 3261 2262 3311 9

339 3325 608 3413 ἔβλαστν
541 3347 608 3382 ον
691 3323 1017 3397 ,ευλαστον
1057 3326 1099 3381 C
1247 3332 1314 3381 10
1352 3320 1472 3412 ᾥοῦ
1506 3326 1854 3397 wesseling,
1906 3322 2043 3382 ὠίου
2093 3325 2163 3392 C,
2218 3318 2263 3399 ᾧ

338 3393 406 3450 ού
456 3397 522 3464 G,
581 3370 728 3452 σῶου
786 3398 961 3455 ceteri
1162 3404 1228 3453 12
1279 3381 1510 3468 εὖόετὴς
1553 3397 1875 3468 Wesseling
1932 3397 2260 3467 (‘inventor’

338 3439 627 3533 Poggius),
669 3461 965 3538 εὐεργέτης
1001 3467 1242 3525 codices.
