2569 4061
341 297 476 361 412
1041 295 1352 352 DIODORI
1388 294 1623 352 SICULI

342 459 601 526 ἐκείνου
656 454 731 523 δὲ
787 460 1125 543 φυγόντος
1177 457 1291 525 καὶ
1347 470 1483 524 τῶν
1525 460 1788 524 παίδων
1831 468 1968 524 τῶν
2015 458 2087 525 ἐκ
2130 463 2285 525 Με-

347 568 554 650 γάρας
589 568 878 650 πλησίον
918 567 1428 652 διατριβόντων,
1473 566 1754 642 τούτους
1790 566 1880 642 ὡς
1915 568 2283 650 πολεμίους

278 695 309 742 2
348 670 790 750 κατετόξευσε.
883 675 1076 757 μόγις
1121 668 1197 738 δὲ
1240 681 1358 757 τῆς
1403 675 1644 756 μανίας
1697 672 2093 755 ἀπολυθείς,
2149 671 2268 738 καὶ
2288 694 2394 744 25¹7

347 778 665 862 ἐπιγνοὺς
716 780 842 864 τὴν
899 781 1082 845 ἰδίαν
1140 781 1446 863 ἄγνοιαν,
1504 781 1861 866 περιαλγὴς
1903 774 1991 862 ἦν
2037 777 2145 845 ἐπὶ
2189 787 2286 867 τῷ

349 885 623 970 μεγέθει
667 895 783 970 τῆς
829 895 1198 972 συμφορᾶς.
1271 885 1544 951 πάντων
1582 883 1643 950 δ’
1679 886 1859 973 αὐτῷ
1905 890 2287 951 συλλυπου-
2317 905 2346 945 5

348 991 572 1076 μένων
615 990 728 1057 καὶ
774 993 1374 1076 συμπενθούντων,
1420 990 1528 1058 ἐπὶ
1570 995 1789 1058 πολὺν
1833 994 2081 1077 χρόνον
2117 993 2289 1057 κατὰ

347 1100 472 1182 τὴν
519 1101 738 1164 οἰκίαν
781 1098 1128 1183 ἡσύχαζεν,
1185 1098 1509 1165 ἐκκλίνων
1552 1100 1670 1176 τὰς
1714 1109 1850 1164 τῶν
1896 1098 2288 1185 ἀνθρώπων

352 1205 613 1290 ὁμιλίας
647 1226 718 1268 τε
759 1201 871 1268 καὶ
917 1203 1341 1289 ἀπαντήσεις·
1388 1205 1576 1282 τέλος
1621 1201 1697 1270 δὲ
1742 1214 1864 1271 τοῦ
1909 1208 2159 1291 χρόνου
2205 1206 2285 1270 τὸ

351 1311 571 1385 πάθος
624 1308 1050 1394 πραΰναντος
1116 1314 1351 1396 κρίνας
1408 1310 1778 1395 ὑπομένειν
1829 1315 1988 1388 τοὺς
2054 1311 2290 1377 κινδύ-

279 1438 310 1485 3
349 1438 512 1490 νους
555 1413 958 1500 παρεγένετο
1004 1419 1171 1503 πρὸς
1215 1415 1600 1504 Εὐρυσθέα.
1691 1416 1804 1483 καὶ
1848 1428 2114 1501 πρῶτον
2159 1414 2288 1501 μὲν
2320 1437 2376 1476 10

346 1524 583 1605 ἔλαβεν
657 1515 877 1587 ἆθλον
951 1522 1336 1590 ἀποκτεῖναι
1398 1526 1518 1590 τὸν
1582 1523 1657 1589 ἐν
1721 1523 1951 1611 Νεμέᾳ
2022 1522 2283 1594 λέοντα.

347 1624 544 1705 οὗτος
591 1624 666 1693 δὲ
712 1627 983 1711 μεγέθει
1028 1627 1152 1714 μὲν
1186 1630 1539 1717 ὑπερφυὴς
1584 1625 1693 1713 ἦν,
1741 1630 2034 1716 ἄτρωτος
2072 1626 2147 1695 δὲ
2184 1630 2288 1695 ὢν

348 1738 603 1823 σιδήρφ
649 1732 762 1800 καὶ
807 1740 1027 1823 χαλκῷ
1072 1735 1185 1801 καὶ
1229 1739 1406 1825 λίθω
1452 1745 1568 1820 τῆς
1617 1737 1783 1801 κατὰ
1827 1746 2016 1822 χεῖρα
2060 1740 2279 1820 βιαζο-

348 1841 552 1927 μένης
623 1843 1015 1927 προσεδεῖτο
1089 1842 1401 1926 ἀνάγκης.
1509 1840 1799 1929 διέτριβε
1865 1839 1940 1908 δὲ
2003 1844 2288 1927 μάλιστα

349 1948 592 2035 μεταξὺ
637 1953 987 2033 Μυκηνῶν
1040 1948 1152 2014 καὶ
1198 1947 1466 2034 Νεμέας
1518 1948 1672 2036 περὶ
1718 1951 1876 2037 ὄρος
1919 1951 1994 2015 τὸ
2039 1950 2282 2016 καλού-
2315 1968 2370 2008 1⁵

356 2081 564 2140 μενον
628 2056 756 2121 ἀπὸ
819 2064 943 2122 τοῦ
1019 2058 1513 2141 συμβεβηκότος
1586 2059 1871 2143 Τρητόν·
1954 2053 2086 2142 εἶχε
2158 2060 2291 2144 γὰρ

349 2161 501 2246 περὶ
558 2164 684 2247 τὴν
742 2163 931 2249 ῥίζαν
988 2164 1284 2250 διώρυχα
1343 2165 1649 2247 διηνεκῆ,
1704 2161 1864 2229 καθ’
1918 2163 2006 2247 ἣν
2058 2165 2293 2230 εἰώθει

279 2292 314 2339 4
351 2270 686 2354 φωλεύειν
750 2271 824 2334 τὸ
890 2273 1158 2356 θηρίον.
1253 2270 1290 2335 ὁ
1357 2268 1418 2335 δ’
1476 2267 1809 2354 Ἡρακλῆς
1870 2272 2292 2353 καταντήσας

351 2375 457 2441 ἐπὶ
512 2378 632 2441 τὸν
686 2378 894 2442 τόπον
948 2376 1365 2462 προσέβαλεν
1423 2377 1634 2464 αὐτῷ,
1686 2374 1798 2441 καὶ
1849 2385 1991 2446 τοῦ,
2036 2380 2294 2460 θηρίου

358 2485 837 2567 συμφυγόντος
883 2485 978 2559 εἰς
1019 2484 1146 2566 τὴν
1191 2484 1489 2567 διώρυχα
1534 2486 2064 2548 συνακολουθῶν
2100 2482 2285 2571 αὐτῷ
2324 2503 2381 2541 20

351 2587 463 2653 καὶ
516 2590 591 2653 τὸ
648 2588 879 2670 ἕτερον
933 2598 1069 2653 τῶν
1125 2591 1420 2673 στομίων
1481 2587 1817 2673 ἐμφράξας
1876 2590 2292 2682 συνεπλάκη,

360 2692 473 2758 καὶ
529 2695 651 2758 τὸν
710 2693 958 2778 αὐχένα
1020 2694 1303 2778 σφίγξας
1360 2705 1501 2772 τοῖς
1555 2698 1906 2780 βραχίοσιν
1962 2694 2295 2774 ἀπέπνιξε.

355 2801 480 2882 τὴν
509 2797 583 2865 δὲ
614 2800 825 2886 δορὰν
855 2799 1063 2865 αὐτοῦ
1092 2799 1555 2887 περιθέμενος,
1593 2800 1706 2866 καὶ
1745 2803 1856 2866 διὰ
1892 2802 1969 2867 τὸ
2007 2800 2297 2886 μέγεθος

357 2907 536 2972 ἅπαν
581 2907 658 2972 τὸ
706 2907 886 2972 ἴδιον
933 2918 1121 2992 σῶμα
1165 2893 1570 2992 περιλαβών,
1623 2904 1756 2995 εἶχε
1803 2912 2295 2995 σκεπαστήριον

355 3027 492 3082 τῶν
538 3015 700 3101 μετὰ
744 3023 951 3080 ταῦτα
996 3016 1353 3082 κινδύνων.
2314 3039 2366 3080 2⁵

292 3145 323 3191 5
542 3124 885 3206 Δεύτερον
923 3119 985 3186 δ’
1021 3125 1257 3205 ἔλαβεν
1294 3117 1514 3188 ἆθλον
1551 3121 1932 3187 ἀποκτεῖναι
1970 3123 2096 3205 τὴν
2121 3127 2295 3207 Λερ-

531 3354 565 3399 3
622 3346 783 3415 μόλις
819 3347 875 3401 II
1057 3355 1089 3402 6
1140 3345 1598 3417 συμπαθούντων
1638 3346 1748 3401 OF
1921 3354 1955 3403 8
1992 3348 2176 3421 τέλος]
2212 3349 2304 3413 εἰς·

352 3411 510 3499 τέλος
559 3415 609 3467 D
773 3422 840 3469 10
893 3417 998 3485 μὲν
1052 3436 1159 3473 om.
1207 3418 1361 3487 vulg.
1531 3423 1593 3470 11
1648 3412 1987 3473 άποκτεῖναι
2041 3438 2151 3477 om.
2200 3420 2292 3475 ΟΕ

356 3485 536 3598 ξὲαην
601 3480 680 3538 ὢν
718 3484 767 3536 D
808 3490 815 3496 ‘
916 3492 983 3539 22
1024 3485 1252 3553 ἔπνιξεν
1290 3489 1340 3541 D
1485 3493 1553 3542 26
1592 3478 1777 3541 ἆθλον
1815 3506 1925 3543 om.
1963 3491 2014 3544 D
2160 3496 2290 3562 λερ-
