2569 4061
369 245 498 309 174
1051 238 1361 295 DIODORI
1399 236 1629 294 SICULI

364 407 489 491 τὴν
527 404 1053 488 ἐπιφανεστάτην
1081 401 1357 467 ἁπασῶν
1391 411 1526 466 τῶν
1562 410 1900 482 γυναικῶν
1939 395 2036 466 ὧν
2067 422 2294 487 παρει-

364 514 692 594 λήφαμεν,
739 509 1105 592 ἀναγκαῖόν
1151 508 1291 574 ἐστι
1325 504 1475 593 περὶ
1523 506 1726 589 αὐτῆς
1764 518 2109 591 προειπεῖν
2152 519 2292 585 πῶς

365 616 437 681 ἐκ
490 624 802 699 ταπεινῆς
854 617 1059 700 τύχης
1113 616 1210 691 εἰς
1260 614 1663 697 τηλικαύτην
1707 614 2018 698 προήχθη
2071 612 2290 692 δόξαν.

291 742 323 791 2
362 723 526 788 κατὰ
579 724 703 806 τὴν
747 725 1011 808 Συρίαν
1066 724 1300 787 τοίνυν
1345 721 1483 784 ἔστι
1537 722 1729 796 πόλις
1765 717 2133 802 Ἀσκάλων,
2180 718 2291 786 καὶ

360 829 602 911 ταύτης
645 828 773 894 οὐκ
817 829 1091 893 ἄπωθεν
1137 828 1336 910 λίμνη
1382 826 1634 909 μεγάλη
1681 823 1791 892 καὶ
1835 828 2080 909 βαθεῖα
2126 829 2288 909 πλή-
2345 844 2377 885 5

361 959 482 1018 ρης
521 935 797 1019 ἰχθύων.
870 934 1049 1018 παρὰ
1089 929 1165 997 δὲ
1199 932 1451 1014 ταύτην
1497 931 1776 1017 ὑπάρχει
1811 930 2080 1017 τέμενος
2123 938 2290 1009 θεᾶς

356 1039 758 1125 ἐπιφανοῦς,
821 1039 908 1121 ἣν
972 1037 1419 1121 ὀνομάζουσιν
1483 1038 1555 1103 οἰ
1593 1037 1820 1123 ,Σύροι
1881 1043 2287 1123 Δερκετοῦν·

358 1146 524 1229 αὕτη
565 1142 641 1210 δὲ
674 1146 752 1210 τὸ
790 1140 912 1228 μὲν
947 1147 1310 1229 πρόσωπον
1344 1146 1479 1227 ἔχει
1515 1145 1854 1227 γυναικός,
1900 1146 1975 1209 τὸ
2012 1140 2073 1208 δ’
2120 1146 2284 1210 ἄλλο

287 1273 319 1320 3
360 1261 549 1334 σῶμα
585 1259 719 1315 πᾶν
768 1251 1005 1334 ἰχθύος
1052 1250 1164 1315 διά
1198 1273 1386 1328 τινας
1429 1250 1741 1326 τοιαύτας
1778 1252 2008 1327 αἰτίας.
2073 1256 2287 1333 μυθο-

356 1362 677 1439 λογοῦσιν
732 1357 803 1421 οἰ
852 1357 1243 1440 λογιώτατοι
1297 1367 1432 1421 τῶν
1488 1355 1827 1440 ἐγχωρίων
1880 1356 2004 1439 τὴν
2044 1352 2282 1441 Ἀφρο-
2315 1375 2369 1414 10

356 1464 548 1544 δίτην
593 1464 1071 1548 προσκόψασαν
1114 1471 1195 1547 τῇ
1231 1461 1680 1549 προειρημένῃ
1726 1468 1857 1548 θεᾷ
1905 1464 2129 1528 δεινὸν
2177 1463 2285 1546 ε’μ-

355 1572 585 1651 βαλεῖν
648 1571 860 1656 ἔρωτα
921 1571 1281 1635 νεανίσκου
1341 1570 1523 1645 τινὸς
1585 1579 1720 1636 τῶν
1782 1570 2099 1634 θυόντων
2162 1567 2284 1634 οὐκ

356 1674 646 1753 ἀειδοῦς·
694 1676 817 1760 τὴν
863 1672 937 1740 δὲ
976 1681 1358 1761 Δερκετοῦν
1403 1684 1713 1757 μιγεῖσαν
1757 1682 1848 1761 τῷ
1887 1675 2092 1762 Σύρῳ
2133 1698 2284 1759 γεν-

354 1790 559 1865 νῆσαι
612 1778 734 1865 μὲν
786 1779 1157 1866 θυγατέρα,
1210 1785 1820 1862 καταισχυνθεῖσαν
1866 1777 1928 1844 δ’
1983 1778 2090 1845 ἐπὶ
2143 1793 2283 1858 τοῖς

352 1887 841 1974 ἡμαρτημένοις
900 1888 1018 1951 τὸν
1073 1883 1197 1970 μὲν
1250 1888 1606 1952 νεανίσκον
1664 1885 2013 1969 ἀφανίσαι,
2069 1888 2143 1952 τὸ
2206 1884 2280 1953 δὲ
2310 1901 2365 1943 15

352 1996 623 2061 παιδίον
686 1999 781 2071 εἰς
838 2016 1024 2070 τινας
1087 1992 1375 2078 ἐρήμους
1436 1989 1547 2059 καὶ
1617 1994 1974 2079 πετρώδεις
2035 1995 2281 2072 τόπους

352 2101 676 2168 ἐκθεῖναι·
733 2100 975 2184 ἑαυτὴν
1031 2097 1106 2166 δὲ
1162 2100 1272 2164 διὰ
1326 2100 1451 2184 τὴν
1515 2102 1844 2185 αἰσχύνην
1897 2097 2008 2167 καὶ
2063 2102 2280 2184 λύπην

355 2208 647 2293 ῥίψασαν
688 2211 783 2284 εἰς
817 2208 940 2290 τὴν
977 2209 1220 2292 λίμνην
1258 2213 1959 2291 μετασχηματισθῆναι
2002 2208 2123 2272 τὸν
2158 2215 2279 2273 τοῦ

353 2316 653 2398 σώματος
714 2314 927 2379 τύπον
991 2315 1086 2390 εἰς
1151 2315 1382 2396 ἰχθῦν·
1448 2314 1552 2379 διὸ
1619 2311 1729 2378 καὶ
1792 2316 1950 2390 τοὺς
2007 2314 2279 2399 Σύρους

352 2420 541 2503 μέχρι
573 2427 697 2483 τοῦ
722 2427 853 2484 νῦν
888 2416 1250 2501 ἀπέχεσθαι
1287 2419 1532 2483 τούτου
1566 2427 1688 2482 τοῦ
1727 2418 1898 2505 ζῴου
1933 2417 2046 2483 καὶ
2081 2429 2277 2503 τιμᾶν
2306 2437 2360 2477 20

279 2542 313 2589 4
348 2527 508 2599 τοὺς
554 2524 751 2606 ἰχθῦς
796 2525 886 2599 ὡς
928 2524 1152 2599 θεούς.
1242 2521 1396 2607 περὶ
1441 2518 1515 2586 δὲ
1561 2524 1682 2587 τὸν
1727 2527 1935 2588 τόπον
1980 2524 2153 2589 ὅπου
2197 2527 2272 2590 τὸ

347 2626 597 2714 βρέφος
633 2626 899 2710 ἐξετέθη
938 2629 1241 2710 πλήθους
1284 2638 1693 2713 περιστερῶν
1730 2628 2270 2706 ἐννεοττεύοντος

345 2733 732 2818 παραδόξως
784 2730 896 2797 καὶ
952 2734 1313 2817 δαιμονίως
1368 2734 1496 2799 ὑπὸ
1553 2734 1810 2799 τούτων
1863 2735 1938 2798 τὸ
1997 2735 2270 2800 παιδίον

348 2837 851 2923 διατρέφεσθαι·
907 2840 1023 2916 τὰς
1067 2834 1189 2923 μὲν
1244 2840 1373 2925 γὰρ
1418 2850 1561 2916 ταῖς
1615 2838 1882 2925 πτέρυξι
1925 2841 2268 2925 περιεχού-

349 2964 470 3025 σας
513 2947 588 3012 τὸ
627 2956 816 3031 σῶμα
848 2954 971 3011 τοῦ
1008 2945 1304 3032 βρέφους
1338 2949 1763 3030 πανταχόθεν
1801 2946 2110 3030 θάλπειν,
2153 2946 2268 3024 τὰς
2296 2964 2351 3006 25

347 3051 410 3120 δ’
447 3053 520 3121 ἐκ
554 3064 688 3120 τῶν
723 3053 1049 3137 σύνεγγυς
1085 3052 1444 3137 ἐπαύλεων,
1484 3053 1680 3118 ὁπότε
1716 3055 2073 3137 τηρήσειαν
2113 3055 2272 3130 τούς

345 3290 381 3337 4
436 3204 819 3338 τοῙίνυτένέιιῆν
833 3210 910 3337 ΙξΙ
1011 3231 1095 3336 οἷς
1138 3210 1461 3365 ἳῖιῗῑδόύςῷὗ
1490 3208 1587 3279 D¹)
1609 3287 1675 3336 17
1732 3205 2270 3367 Ξκθῖἒὶἓιῂἷὲρῌ
2185 3279 2271 3342 οἷς

347 3356 554 3407 πολλοῦ
602 3350 863 3440 πλήθους
908 3353 1250 3441 περιστερῶν
1303 3347 1662 3436 ἐννοσσεύείν
1711 3349 1984 3415 εἰωθότος
2040 3348 2272 3421 (εἰωθό-

346 3439 458 3474 των
496 3423 569 3506 D)
615 3421 955 3491 παραδόξως
1003 3416 1130 3493 (οὖν
1166 3423 1294 3478 add.
1335 3422 1407 3492 D)
1459 3423 1673 3492 τροφῆς
1717 3422 1816 3477 καὶ
1853 3425 2128 3493 σωτηρίας
2175 3441 2269 3475 τυ-

349 3496 471 3552 κδῖν
507 3508 572 3543 το
611 3492 821 3562 βρέφος
858 3495 984 3551 add.
1026 3495 1266 3565 codices,
1305 3494 1414 3549 del.
1451 3494 1865 3551 RhodomanuS.
