2569 4061
398 288 530 354 296
1063 282 1369 340 monem
1408 279 1643 339 metm

398 459 517 539 μιᾷ
578 450 794 534 χάριτι
848 449 1097 525 πολλὰς
1150 450 1401 532 χρείας·
1464 446 1589 529 τὴν
1644 448 1771 531 γὰρ
1830 444 2040 529 αὐτὴν
2097 445 2329 524 αὐτοῖς

398 553 571 623 εἶναι
614 557 896 638 τροφήν,
943 554 1236 638 ἀγγεῖον,
1284 555 1526 637 οἰκίαν,
1571 561 1761 619 ναῦν.

330 686 362 733 6
581 661 682 726 Οὐ
727 664 985 747 μακρὰν
1033 657 1108 727 δὲ
1154 662 1412 726 τούτων
1455 661 1798 736 διεστῶτες
1841 657 2156 743 νέμονται
2199 660 2329 742 τὴν

396 769 726 853 παράλιον
786 769 1114 854 βάρβαροι
1176 769 1330 850 βίον
1393 765 1749 851 ἀνώμαλον
1811 768 2087 851 ἔχοντες.
2183 768 2328 831 δια-

397 873 758 960 τρέφονται
810 875 937 960 γὰρ
993 873 1120 939 ἀπὸ
1175 883 1312 938 τῶν
1365 871 1816 938 ἐκπιπτόντων
1861 874 1956 948 εἰς
2009 871 2132 954 τὴν
2177 870 2326 957 χέρ-
2353 887 2384 927 5

401 997 525 1047 σον
561 991 800 1066 κητῶν,
848 977 1006 1047 ποτὲ
1052 976 1174 1065 μὲν
1220 981 1573 1057 δαψίλειαν
1613 986 1868 1063 τροφῆς
1915 980 2175 1061 ἔχοντες
2214 979 2328 1043 διὰ

399 1088 481 1153 τὰ
525 1086 775 1172 μεγέθη
824 1097 957 1151 τῶν
994 1084 1487 1172 εὑρισκομένων
1522 1086 1808 1170 θηρίων,
1855 1080 2013 1149 ποτε
2060 1081 2136 1149 δὲ
2183 1085 2328 1150 δια-

400 1194 773 1277 λειμμάτων
808 1189 1183 1275 γινομένων
1216 1203 1434 1268 κακῶς
1470 1191 2005 1257 ἀπαλλάττουσιν
2042 1191 2171 1256 ὑπὸ
2207 1200 2327 1274 τῆς

401 1296 680 1374 ἐνδείας·
725 1295 883 1362 καθ’
938 1297 1019 1363 ὃν
1065 1299 1147 1381 δὴ
1194 1301 1444 1384 χρόνον
1489 1297 1969 1380 ἀναγκάζονται
2011 1297 2327 1381 κατεργά-

403 1406 632 1482 ζεσθαι
696 1405 809 1468 διὰ
868 1405 993 1487 τὴν
1052 1405 1299 1470 σπάνιν
1362 1415 1497 1470 τῶν
1552 1404 1847 1489 ἀρχαίων
1902 1405 2119 1470 ὀστῶν
2173 1405 2326 1487 χόν-
2357 1419 2414 1458 10

295 1505 300 1509 ’
403 1509 607 1594 δρους
650 1506 762 1574 καὶ
806 1511 924 1588 τὰς
967 1511 1170 1598 ἄκρας
1214 1522 1351 1576 τῶν
1395 1516 1702 1596 πλευρῶν
1747 1510 2075 1594 ἐκφύσεις.

587 1620 737 1682 Τῶν
800 1614 924 1702 μὲν
989 1612 1115 1684 οὖν
1171 1615 1637 1702 Ἰχθυοφάγων
1691 1618 1770 1682 τὰ
1832 1616 1992 1701 γε’νη
2053 1611 2323 1683 τοσαῦτ’

404 1722 542 1788 ἐστὶ
586 1722 698 1790 καὶ
741 1726 1071 1802 τοιούτοις
1115 1736 1405 1811 χρῶνται
1450 1728 1645 1809 βίοις,
1692 1725 1781 1801 ὡς
1826 1723 1901 1789 ἐν
1940 1727 2357 1814 κεφαλαίοις

299 1832 386 1898 22
404 1832 633 1897 εἰπεῖν.
724 1831 766 1914 ἡ
815 1827 889 1895 δὲ
931 1831 1099 1896 κατὰ
1144 1831 1266 1914 τὴν
1311 1832 1758 1913 Βαβυλωνίαν
1800 1830 2123 1914 παράλιος
2168 1847 2328 1895 συν-

401 1937 589 2002 άπτει
645 1933 768 2021 μὲν
811 1935 1032 2025 ἡμέρῳ
1078 1936 1191 2002 καὶ
1243 1937 1601 2024 καταφύτῳ
1647 1937 1861 2022 χώρα,
1920 1943 2196 2001 τοσοῦτο
2248 1935 2331 2000 δέ
2356 1949 2409 1990 15

402 2043 541 2110 ἐστι
585 2049 847 2127 πλῆθος
889 2054 1027 2109 τῶν
1075 2044 1336 2128 ἰχθύων
1381 2053 1521 2120 τοῖς
1566 2042 1912 2129 ἐγχωρίοις
1957 2043 2122 2107 ὥστε
2167 2045 2327 2118 τοὺς

403 2150 881 2227 ἀναλίσκοντας
917 2151 1005 2234 μὴ
1046 2151 1386 2216 δύνασθαι
1423 2149 1670 2237 ῥαδίως
1706 2149 2178 2235 περιγενέσθαι
2215 2157 2330 2232 τῆς

336 2280 367 2328 2
409 2259 765 2337 δαψιλείας.
855 2259 1035 2344 παρὰ
1088 2259 1216 2344 γὰρ
1274 2261 1433 2334 τοὺς
1478 2258 1823 2339 αἰγιαλοὺς
1870 2257 2088 2321 ἱστᾶσι
2132 2255 2330 2321 καλά-

408 2387 575 2447 μους
620 2366 915 2440 πυκνοὺς
958 2364 1070 2429 καὶ
1113 2364 1280 2450 πρὸς
1327 2364 1654 2447 ἀλλήλους
1705 2361 2329 2446 διαπεπλεγμένους,

409 2470 574 2535 ὥστε
622 2470 744 2553 τὴν
789 2472 1123 2556 πρόσοψιν
1169 2470 1410 2554 ὁμοίαν
1465 2465 1638 2535 εἶναι
1684 2469 1929 2558 δικτύῳ
1984 2469 2163 2553 παρὰ
2207 2468 2331 2532 θά-
2359 2482 2412 2521 20

409 2580 653 2640 λατταν
691 2574 1005 2660 ἑστηκότι.
1089 2577 1256 2641 κατὰ
1302 2572 1377 2640 δὲ
1422 2584 1557 2641 πᾶν
1601 2589 1664 2646 τὸ
1711 2578 1912 2660 ἔργον
1953 2574 2332 2661 ὑπάρχουσι

408 2678 656 2745 πυκναὶ
689 2681 924 2765 θύραι,
959 2689 1038 2766 τῇ
1068 2678 1191 2766 μὲν
1217 2686 1429 2768 πλοκῇ
1464 2683 1848 2769 ταρσώδεις,
1883 2683 2000 2759 τὰς
2036 2682 2333 2767 στροφὰς

410 2780 474 2850 δ’
523 2788 793 2871 ἔχουσαι
847 2789 1013 2873 πρὸς
1064 2790 1180 2865 τὰς
1236 2791 1331 2866 είς
1376 2788 1647 2874 ἑκάτερα
1700 2791 1782 2854 τὰ
1829 2788 1993 2875 μέρη
2038 2791 2332 2872 κινήσεις

412 2891 744 2970 εὐλύτους.
819 2894 1059 2971 ταύτας
1106 2894 1142 2959 ὁ
1188 2896 1458 2961 κλύδων
1494 2898 1865 2979 φερόμενος
1911 2891 2033 2980 μὲν
2070 2900 2167 2971 εἰς
2208 2895 2333 2977 τὴν

409 3009 537 3085 γῆν
564 3000 728 3065 κατὰ
764 3001 881 3065 τὸν
917 3010 1031 3085 τῆς
1067 3004 1483 3087 πλημυρίδος
1517 3004 1753 3088 καιρὸν
1790 3002 2066 3086 ἀνοίγει,
2102 3006 2334 3066 παλισ-
2361 3012 2411 3053 25

343 3146 375 3194 3
413 3118 634 3174 συτῶν
671 3103 744 3172 δὲ
779 3108 944 3172 κατὰ
979 3107 1102 3190 τὴν
1137 3108 1440 3193 ἄμπωτιν
1476 3108 1823 3174 ἀποκλείει.
1899 3109 2131 3194 διόπερ
2171 3125 2334 3192 συμ-

411 3217 629 3297 βαίνει
685 3207 842 3278 καθ’
894 3211 1178 3297 ἑκάστην
1222 3213 1477 3298 ἡμέραν
1531 3216 2006 3300 πλημυρούσης
2051 3210 2175 3298 μὲν
2219 3222 2334 3297 τῆς

467 3464 482 3483 Ι
557 3407 586 3453 1
625 3398 734 3472 γὰρ
773 3405 903 3457 ante
940 3399 1126 3473 χάριτι
1201 3407 1381 3459 onunfi
1417 3404 1528 3459 OF
1667 3411 1699 3459 8
1738 3400 1853 3459 ἀπὸ
1893 3405 1947 3458 II
2068 3411 2099 3461 9
2138 3424 2333 3473 κατερ·

411 3475 703 3532 γασασθαι
737 3472 889 3540 vulg.
1040 3481 1103 3529 13
1175 3473 1284 3544 στὶ]
1324 3472 1431 3529 εἰσὶ
1469 3472 1579 3528 OF
1734 3478 2029 3548 κεφαλαίῳ
2066 3476 2120 3529 11
2268 3481 2332 3529 16

411 3535 634 3600 πλῆθός
675 3536 791 3594 ἔστι
828 3542 980 3611 vulg.
1128 3551 1194 3597 21
1235 3545 1297 3597 τὸ
1336 3544 1462 3601 add.
1494 3543 1658 3598 Dind.
1806 3551 1873 3598 22
1914 3546 2194 3617 ταρσωταὶ
2226 3544 2330 3600 CF.
