2569 4061
1052 279 1105 334 11
1142 285 1228 335 48.
1259 286 1348 335 49.
2034 282 2166 348 249

237 447 382 507 λων
427 441 708 526 ἀγαθῶν
754 442 1121 526 εὐδαίμονα
1160 439 1478 527 Ἀραβίαν
1513 451 2165 533 προσαγορευθῆναι.

232 549 540 633 κάλαμον
586 545 708 633 μὲν
753 550 881 634 γὰρ
926 547 1039 614 καὶ
1094 559 1371 634 σχοῖνον
1414 547 1528 615 καὶ
1570 552 1693 634 τὴν
1737 554 1948 638 ἄλλην
1992 552 2166 636 ὕλην
2202 576 2235 624 2

178 677 181 680 “
232 656 362 738 τὴν
391 654 934 740 ἀρωματίζουσαν
961 656 1218 739 πολλὴν
1236 653 1429 740 φέρει
1456 654 1570 721 καὶ
1594 659 1894 723 καθόλου
1921 679 2164 725 παντο-

232 762 456 837 δαπὰς
501 762 778 845 φύλλων
824 761 1129 845 εὐωδίας,
1174 761 1288 828 καὶ
1323 772 1460 827 τῶν
1497 761 2001 840 ἀποσταζόντων
2048 768 2163 831 δα-

172 885 200 926 5
229 868 462 952 κρύων
537 868 773 953 ὀσμαῖς
839 872 1174 945 ποικίλαις
1246 870 1642 952 διείληπται·
1715 870 1839 951 τήν
1901 891 1973 932 τε
2034 872 2163 957 γὰρ

231 975 544 1059 σμύρναν
588 973 699 1041 καὶ
743 977 863 1041 τὸν
906 973 1483 1062 προσφιλέστατον
1526 986 1668 1053 τοῖς
1720 982 1911 1052 θεοῖς
1955 982 2051 1053 εἷς
2091 999 2164 1043 τε

228 1082 359 1165 τὴν
406 1079 811 1165 οἰκουμένην
855 1082 1127 1172 ἅπασαν
1168 1082 1622 1167 διαπόμπιμον
1667 1084 2044 1168 λιβανωτὸν
2090 1084 2165 1149 αι’

225 1188 478 1271 ταύτης
505 1185 799 1272 ἐσχατιαὶ
836 1186 1135 1274 φέρουσι.
1208 1197 1331 1254 τσῦ
1370 1185 1443 1254 δὲ
1479 1192 1727 1256 κόστου
1754 1189 1867 1256 καὶ
1901 1193 2158 1274 κασίας,
2197 1212 2229 1260 3

227 1296 333 1359 ἔτι
397 1291 471 1359 δὲ
533 1294 925 1378 κιναμώμου
987 1291 1098 1358 καὶ
1160 1304 1298 1357 τῶν
1362 1296 1583 1361 ἄλλων
1646 1308 1781 1363 τῶν
1834 1298 2163 1364 τοιούτων

141 1417 198 1457 ιο
226 1400 462 1484 χόρτοι
498 1397 611 1465 καὶ
638 1400 892 1483 θάμνοι
919 1402 1190 1481 βαθεῖαι
1222 1409 1541 1467 τοσαῦται
1574 1404 1953 1486 πεφύκασιν
1991 1405 2161 1471 ὥστε

226 1507 314 1570 τὰ
362 1506 540 1591 παρὰ
583 1514 726 1580 τοῖς
771 1505 997 1580 ἄλλοις
1043 1506 1338 1581 σπανίως
1382 1504 1489 1570 ἐπὶ
1525 1511 1791 1592 βωμοὺς
1835 1514 2021 1576 θεῶν
2064 1534 2159 1576 τι-

227 1610 490 1693 θέμενα
536 1604 692 1693 παρ’
737 1608 1014 1687 ἐκείνοις
1047 1609 1159 1675 καὶ
1195 1611 1532 1694 κλιβάνων
1569 1613 1892 1697 ὑπάρχειν
1927 1615 2159 1681 ἐκκαύ-

229 1737 429 1801 ματα,
465 1712 578 1780 καὶ
613 1717 694 1781 τὰ
720 1718 899 1802 παρὰ
933 1728 1073 1794 τοῖς
1100 1719 1329 1793 ἄλλοις
1365 1725 1577 1806 μικρῷ
1614 1718 1914 1803 δείγματι
1947 1720 2159 1805 ὑπάρ-

228 1844 438 1906 χοντα
500 1815 660 1909 παρ’
729 1822 1011 1901 ἐκείνοις
1070 1825 1388 1908 στιβάδας
1460 1826 1786 1902 οἰκετικὰς
1854 1823 1960 1890 ἐπὶ
2023 1838 2178 1902 τῶν,

142 1948 198 1988 15
230 1930 465 1996 οἰκιῶν
517 1929 942 2016 παρέχεσθαι.
1024 1934 1099 1997 τό
1153 1955 1224 1997 τε
1288 1933 1706 2017 καλούμενον
1770 1934 2160 2017 κινάμωμον

229 2037 567 2122 διάφορον
611 2042 842 2124 χρείαν
885 2043 1341 2124 παρεχόμενον
1386 2038 1499 2105 καὶ
1544 2040 1778 2125 ῥητίνη
1825 2038 1937 2106 καὶ
1982 2040 2159 2126 τερέ-

226 2147 472 2227 βινθος
527 2146 815 2221 ἄπλατος
867 2144 1125 2229 εὐώδης
1178 2147 1419 2229 φύεται
1475 2142 1628 2231 περὶ
1681 2149 1840 2223 τοὺς
1892 2149 2156 2224 τόπους.

227 2248 304 2317 ἐν
342 2247 417 2316 δὲ
462 2261 603 2327 τοῖς
639 2252 868 2337 ὄρεσιν
905 2250 988 2317 οὐ
1024 2254 1237 2336 μόνον
1274 2251 1472 2334 ἐλάτη
1509 2248 1622 2317 καὶ
1656 2252 1867 2335 πεύκη
1915 2253 2155 2337 φύεται
2193 2274 2226 2322 4

229 2358 544 2440 δαψιλής,
610 2357 777 2423 ἀλλὰ
838 2355 952 2422 καὶ
1015 2356 1252 2444 κέδρος
1308 2356 1421 2423 καὶ
1480 2360 1816 2444 ἄρκευθος
1869 2360 2157 2439 ἄπλατος

144 2480 198 2521 20
226 2461 340 2528 καὶ
393 2465 469 2529 τὸ
525 2464 944 2547 καλούμενον
987 2466 1297 2550 βόρατον.
1386 2464 1628 2530 πολλαὶ
1683 2461 1759 2531 δὲ
1801 2463 1915 2531 καὶ
1960 2467 2156 2533 ἄλλαι

229 2568 467 2652 φύσεις
520 2569 795 2648 εὐώδεις
847 2579 1403 2657 καρποφοροῦσαι
1455 2573 1574 2649 τὰς
1628 2571 1990 2660 ἀπορροίας
2042 2574 2155 2640 καὶ

225 2677 711 2760 προσπνεύσεις
766 2679 995 2760 ἔχουσι
1047 2687 1187 2753 τοῖς
1242 2676 1545 2760 ἐγγίσασι
1598 2682 2151 2764 προσηνεστάτας.

225 2779 336 2846 καὶ
380 2783 510 2867 γὰρ
556 2782 718 2848 αὐτὸ
763 2783 839 2847 τὸ
893 2790 1011 2865 τῆς
1054 2791 1174 2867 γῆς
1228 2785 1362 2868 ἔχει
1415 2807 1481 2849 τι
1527 2786 1820 2869 φυσικὸν
1864 2788 2151 2872 ἔνατμον

224 2885 336 2952 καὶ
381 2889 802 2973 θυμιάμασιν
847 2887 1083 2972 ἡδέσιν
1128 2888 1359 2968 ἐοικός.
1447 2892 1551 2956 διὸ
1597 2890 1710 2957 καὶ
1752 2894 1921 2958 κατά
1964 2917 2151 2971 τινας
2187 2914 2219 2963 5

146 3010 197 3051 2⁵
224 2996 472 3070 τόπους
497 3003 612 3078 τῆς
633 2991 943 3082 Ἀραβίας
969 2994 1414 3080 ὀρυττομένης
1439 3006 1556 3080 τῆς
1581 3006 1702 3082 γῆς
1728 2998 2147 3081 εὑρίσκονται

224 3099 466 3184 φλέβες
509 3100 802 3185 εὐώδεις,
851 3095 947 3166 ὧν
992 3101 1578 3186 μεταλλευομένων
1612 3102 1891 3182 ἐξαίσιοι
1926 3103 2001 3166 τὸ
2040 3101 2149 3184 μέ-

222 3211 430 3288 γεθος
473 3209 782 3290 λατομίαι
837 3198 1163 3289 γίνονται·
1226 3207 1299 3273 ἐκ
1354 3205 1429 3273 δὲ
1472 3210 1731 3274 τούτων
1775 3209 1891 3282 τὰς
1937 3208 2150 3282 οἰκίας

224 3310 663 3394 συλλέγοντες
698 3314 1322 3397 κατασκευάζουσιν,
1362 3306 1466 3391 αἷς
1485 3314 1663 3380 -ὅταν
1700 3314 1773 3380 ἐκ
1807 3320 1929 3378 τοῦ
1965 3331 2147 3396 περι-

371 3474 399 3522 7
438 3470 630 3524 πᾶσαν
670 3469 778 3524 OF
882 3467 948 3524 αἱ
979 3468 1189 3539 ταύτης
1222 3470 1447 3536 Reiske,
1485 3465 1596 3524 ἀπ’,
1632 3464 1806 3536 αὐτῆς
1843 3463 1911 3520 αἱ
1939 3461 2148 3534 ταύτης

220 3538 356 3594 libri
516 3546 583 3594 10
619 3537 834 3612 χόρτοι]
874 3538 933 3595 οἷ
964 3539 1155 3612 χόρτοι
1196 3541 1236 3596 O
1349 3560 1354 3563 “
1396 3547 1467 3597 24
1501 3536 1727 3608 ἡδέσιν]
1766 3532 2039 3591 εὐώδεσιν
2075 3537 2145 3591 11.
