2569 4061
371 284 505 349 292
1037 279 1346 338 DIODORI
1384 279 1616 338 SICULI

367 447 625 534 ἐθισμῷ
673 446 785 510 διὰ
827 445 949 509 τὸν
992 446 1241 530 χρόνον
1286 449 1416 509 εἴτε
1463 443 1791 531 ἀναγκαίᾳ
1828 446 2015 531 χρεία
2063 445 2175 509 διὰ
2219 447 2297 510 τὸ

266 556 349 621 19
368 561 755 634 κατεπεῖγον
810 547 1242 636 ἡρμοσμένος.
1327 552 1626 634 οἰκήσεσι
1682 546 1756 616 δὲ
1808 551 1891 614 τὰ
1945 553 2115 635 ἔθνη
2174 551 2300 636 οὐχ

369 660 626 743 ὁμοίαις
672 665 934 744 χρῆται,
989 659 1156 743 πρὸς
1201 652 1275 722 δὲ
1320 658 1440 733 τὰς
1480 666 1596 741 τῆς
1640 658 2086 742 περιστάσεως
2134 659 2300 723 ἰδιό-

365 787 565 847 τητας
631 761 1145 849 διηλλαγμέναις
1206 761 1531 848 ἐμβιοῦσι.
1623 758 1799 840 τινὲς
1862 760 1986 846 μὲν
2038 765 2169 850 γὰρ
2224 763 2301 829 έν

370 874 719 956 σπηλαίοις
760 879 1147 938 κατοικοῦσι
1191 866 1600 953 κεκλιμένοις
1645 870 1928 953 μάλιστα
1972 871 2139 955 πρὸς
2180 871 2300 947 τὰς
2328 886 2354 928 5

371 979 682 1064 ἄρκτους,
750 976 825 1042 έν
881 969 981 1055 οἷς
1042 978 1543 1061 καταψύχουσιν
1599 974 1877 1053 ἑαυτοὺς
1934 977 2047 1041 διά
2099 999 2170 1042 τε
2221 978 2298 1041 τὸ

370 1086 588 1168 βάθος
640 1093 755 1168 τῆς
800 1092 989 1160 σκιᾶς
1040 1081 1151 1147 καὶ
1208 1084 1321 1148 διὰ
1374 1084 1491 1160 τὰς
1533 1082 2019 1169 περιπνεούσας
2063 1083 2299 1169 αὔρας·

370 1193 452 1254 τὰ
496 1188 619 1275 μὲν
672 1180 799 1275 γάρ
850 1191 1015 1275 πρὸς
1060 1192 1477 1274 μεσημβρίαν
1520 1190 1835 1272 νεύοντα,
1893 1199 2035 1266 τοῖς
2082 1195 2301 1266 ἴπνοις

372 1297 844 1381 παραπλησίαν
889 1297 1125 1380 ἔχοντα
1169 1297 1295 1379 τὴν
1338 1298 1740 1383 θερμασίαν,
1793 1295 2118 1382 ἀπρόσιτα
2162 1306 2303 1373 τοῖς

372 1402 761 1485 ἀνθρώποις
816 1400 957 1467 ἐστὶ
1004 1404 1116 1466 διὰ
1167 1403 1293 1486 τὴν
1337 1411 1459 1468 τοῦ
1514 1403 1848 1487 καύματος
1902 1402 2303 1489 ὑπερβολήν.
2332 1418 2385 1458 10

303 1530 336 1579 2
376 1509 446 1574 οἱ
487 1504 561 1574 δὲ
606 1519 741 1573 τῶν
785 1511 951 1596 πρὸς
1005 1511 1251 1596 ἄρκτον
1296 1512 1636 1575 νευόντων
1680 1510 2023 1593 σπηλαίων
2071 1512 2301 1575 σπανί-

376 1619 595 1694 ζοντες
649 1615 1044 1702 ἀθροίζουσι
1096 1618 1212 1693 τὰς
1265 1617 1558 1701 πλευρὰς
1610 1627 1747 1681 τῶν
1791 1615 1865 1681 ἐκ
1918 1624 2040 1681 τοῦ
2085 1617 2282 1682 πελά·
2307 1639 2414 1688 188

372 1745 538 1804 γους
582 1720 1035 1788 ἐκπιπτόντων
1079 1733 1327 1805 κητῶν·
1373 1730 1492 1805 τῆς
1538 1718 1612 1788 δὲ
1656 1723 1914 1788 τούτων
1960 1724 2305 1801 δαψιλείας

374 1833 623 1912 πολλῆς
683 1830 920 1912 οὔσης,
984 1826 1501 1906 καταπλέξαντες
1555 1827 1622 1906 ἐξ
1687 1828 1999 1914 ἑκατέρου
2056 1826 2304 1912 μέρους

374 1936 619 2021 κύρτας
646 1937 811 2022 πρὸς
838 1934 1125 2019 ἀλλήλας
1151 1937 1561 2018 νενευκυίας,
1588 1943 1681 2023 τῷ
1710 1935 2070 2023 προσφάτῳ
2098 1934 2302 2017 φύκει
2333 1955 2386 1996 15

374 2044 617 2121 ταύτας
675 2039 1121 2108 διαπλέκουσι.
1214 2041 1697 2127 σκεπαζομένης
1752 2038 1878 2108 οὖν
1931 2051 2045 2127 τῆς
2096 2041 2305 2126 καμά-

376 2172 515 2233 ρας,
565 2149 640 2214 ἐν
683 2150 892 2235 ταύτῃ
936 2151 1011 2215 τὸ
1057 2150 1435 2235 βαρύτατον
1477 2158 1599 2214 τοῦ
1639 2150 1973 2234 καύματος
2009 2148 2306 2214 ἀναπαύ-

377 2280 594 2340 ονται,
641 2264 758 2340 τῆς
803 2257 968 2321 κατὰ
1012 2257 1223 2340 φύσιν
1267 2257 1491 2341 χρείας
1539 2253 2023 2320 αὐτοδίδακτον
2066 2253 2308 2339 τέχνην

304 2385 336 2432 3
374 2362 863 2448 ὑφηγουμένης.
954 2364 1173 2448 τρίτος
1229 2358 1304 2426 δὲ
1369 2364 1612 2446 τρόπος
1666 2359 1806 2425 ἐστὶ
1857 2370 1999 2437 τοῖς
2055 2357 2308 2444 Ἰχθυο·

377 2469 620 2553 φάγοις
682 2477 799 2552 τῆς
866 2469 1255 2552 σκηνώσεως
1317 2476 1634 2545 τοιοῦτος.
1728 2466 1942 2533 ἐλαῖαι
2011 2469 2304 2551 φύονται
2330 2489 2385 2529 20

375 2574 554 2637 πάνυ
618 2572 861 2640 πολλαὶ
924 2572 1075 2661 περὶ
1134 2577 1295 2651 τοὺς
1355 2577 1605 2651 τόπους
1665 2574 1976 2658 τούτους,
2040 2576 2123 2639 τὰ
2186 2571 2311 2658 μὲν

374 2677 527 2765 περὶ
570 2681 695 2762 τὴν
733 2680 921 2765 ῥίζαν
957 2681 1228 2764 ἔχουσαι
1272 2683 1814 2767 προσκλυζόμενα
1859 2689 1940 2765 τῇ
1986 2682 2307 2766 θαλάττῃ,

374 2783 622 2852 πυκναὶ
670 2780 742 2850 δὲ
786 2795 926 2862 τοῖς
972 2787 1399 2871 φυλλώμασι,
1461 2789 1580 2852 τὸν
1639 2783 1713 2851 δὲ
1766 2789 2025 2873 καρπὸν
2073 2787 2311 2871 ὅμοιον

304 2913 339 2961 4
377 2896 647 2978 ἔχουσαι
708 2893 800 2980 τῷ
862 2902 1278 2982 κασταναϊκῷ
1347 2894 1589 2982 καρύῳ.
1680 2893 1925 2970 ταύτας
1991 2893 2308 2977 ἀλλήλαις

376 2997 864 3086 συμπλέκοντες
915 2998 1027 3066 καὶ
1074 3010 1317 3085 συνεχῆ
1381 3001 1577 3065 σκιὰν
1621 3007 1972 3076 ποιοῦντες
2020 3001 2312 3078 ἰδιαζού-
2341 3020 2391 3060 25

519 3199 552 3246 3
618 3188 829 3263 ὁμοίως
883 3192 1004 3258 DF;
1077 3198 1193 3255 τοῖς
1248 3189 1633 3262 ίχθυοφάγοις
1698 3192 1826 3247 add.
1886 3193 2134 3261 codieeS,
2201 3192 2310 3248 del.

375 3262 675 3318 Eiohstadt
818 3269 853 3317 4
909 3263 1324 3333 διηλλαγμένως
1369 3261 1418 3315 D
1583 3267 1616 3316 8
1673 3263 1885 3335 ἴπνοις]
1928 3264 2231 3331 πυρίπνοις
2271 3262 2313 3317 C

379 3339 413 3385 9
448 3335 853 3401 παραπλησίως
888 3332 937 3386 D
1077 3339 1140 3387 11
1181 3334 1468 3402 σπηλαίων
1503 3351 1788 3388 νευοντων
1826 3335 1874 3389 D
2022 3340 2090 3387 13
2127 3335 2314 3403 κητῶν

379 3417 490 3455 om.
527 3401 576 3452 D
742 3407 808 3456 15
848 3400 1090 3474 κύρτας]
1128 3402 1226 3457 καὶ
1263 3404 1392 3458 add.
1433 3402 1499 3471 D,
1538 3402 1639 3456 καὶ
1674 3407 2076 3474 καμαροειδεῖς
2112 3402 2314 3475 στέγας

382 3469 509 3521 add.
549 3468 637 3522 GE
746 3477 816 3527 20
864 3469 1051 3527 ἐλαῖαι
1094 3473 1304 3542 Agath.
1341 3477 1430 3539 43,
1488 3468 1682 3527 ἐλάται
1719 3475 1940 3530 codices
2050 3482 2118 3530 22
2156 3475 2313 3548 περὶ]

380 3534 520 3600 πρὸς
556 3539 618 3588 Ε
758 3548 830 3595 24
867 3545 1226 3616 κασταναικῷ
1264 3543 1501 3612 Agath„
1547 3545 1831 3618 κασταίνῳ
1869 3544 2104 3602 codices,
