<?xml version="1.0" encoding="UTF-8"?>
<!DOCTYPE html PUBLIC "-//W3C//DTD XHTML 1.0 Transitional//EN"
    "http://www.w3.org/TR/xhtml1/DTD/xhtml1-transitional.dtd">
<html xmlns="http://www.w3.org/1999/xhtml" xml:lang="en" lang="en">
 <head>
  <title>
</title>
<meta http-equiv="Content-Type" content="text/html;charset=utf-8" />
  <meta name='ocr-system' content='tesseract 3.04.00' />
  <meta name='ocr-capabilities' content='ocr_page ocr_carea ocr_par ocr_line ocrx_word'/>
</head>
<body>
  <div class='ocr_page' id='page_1' title='image "./diodoribiblioth02dindgoog_0052.png"; bbox 0 0 2569 4061; ppageno 0'>
   <div class='ocr_carea' id='block_1_1' title="bbox 422 188 1598 248">
    <p class='ocr_par' dir='ltr' id='par_1_1' title="bbox 422 188 1598 248">
     <span class='ocr_line' id='line_1_1' title="bbox 422 188 1598 248; baseline 0.002 -3"><span class='ocrx_word' id='word_1_1' title='bbox 422 188 659 245; x_wconf 86' lang='lat' dir='ltr'>XLVIII</span> <span class='ocrx_word' id='word_1_2' title='bbox 1168 188 1598 248; x_wconf 83' lang='lat' dir='ltr'>PRAEFATIO.</span> 
     </span>
    </p>
   </div>
   <div class='ocr_carea' id='block_1_2' title="bbox 416 355 2355 1707">
    <p class='ocr_par' dir='ltr' id='par_1_2' title="bbox 416 355 2353 1118">
     <span class='ocr_line' id='line_1_2' title="bbox 416 355 2351 436; baseline -0.001 -19"><span class='ocrx_word' id='word_1_3' title='bbox 416 358 484 418; x_wconf 91' lang='lat' dir='ltr'>in</span> <span class='ocrx_word' id='word_1_4' title='bbox 527 357 622 417; x_wconf 89' lang='lat' dir='ltr'>his</span> <span class='ocrx_word' id='word_1_5' title='bbox 669 355 882 418; x_wconf 85' lang='lat' dir='ltr'>formis</span> <span class='ocrx_word' id='word_1_6' title='bbox 928 355 1076 416; x_wconf 88' lang='lat' dir='ltr'>fides</span> <span class='ocrx_word' id='word_1_7' title='bbox 1123 376 1277 433; x_wconf 88' lang='lat' dir='ltr'>quae</span> <span class='ocrx_word' id='word_1_8' title='bbox 1324 358 1388 417; x_wconf 95' lang='lat' dir='ltr'>in</span> <span class='ocrx_word' id='word_1_9' title='bbox 1424 358 1634 420; x_wconf 84' lang='lat' dir='ltr'>formis</span> <span class='ocrx_word' id='word_1_10' title='bbox 1677 366 1829 431; x_wconf 80' lang='grc' dir='ltr'>ναῦς</span> <span class='ocrx_word' id='word_1_11' title='bbox 1865 364 1929 418; x_wconf 88' lang='lat' dir='ltr'>et</span> <span class='ocrx_word' id='word_1_12' title='bbox 1963 364 2124 436; x_wconf 78' lang='grc' dir='ltr'>νῆες,</span> <span class='ocrx_word' id='word_1_13' title='bbox 2170 360 2241 416; x_wconf 88' lang='lat' dir='ltr'>ut</span> <span class='ocrx_word' id='word_1_14' title='bbox 2275 376 2351 416; x_wconf 89' lang='lat' dir='ltr'>ne</span> 
     </span>
     <span class='ocr_line' id='line_1_3' title="bbox 418 454 2353 539; baseline 0 -24"><span class='ocrx_word' id='word_1_15' title='bbox 418 454 710 532; x_wconf 84' lang='lat' dir='ltr'>Dionysio</span> <span class='ocrx_word' id='word_1_16' title='bbox 766 454 1009 530; x_wconf 85' lang='lat' dir='ltr'><strong>quidem</strong></span> <span class='ocrx_word' id='word_1_17' title='bbox 1048 456 1123 539; x_wconf 87' lang='lat' dir='ltr'>A.</span> <span class='ocrx_word' id='word_1_18' title='bbox 1159 454 1230 514; x_wconf 88' lang='lat' dir='ltr'>R.</span> <span class='ocrx_word' id='word_1_19' title='bbox 1281 460 1340 533; x_wconf 91' lang='lat'>1,</span> <span class='ocrx_word' id='word_1_20' title='bbox 1378 458 1480 533; x_wconf 86' lang='lat'>39,</span> <span class='ocrx_word' id='word_1_21' title='bbox 1530 476 1585 533; x_wconf 90' lang='lat' dir='ltr'>p.</span> <span class='ocrx_word' id='word_1_22' title='bbox 1629 459 1731 535; x_wconf 86' lang='lat'>98,</span> <span class='ocrx_word' id='word_1_23' title='bbox 1774 459 1852 517; x_wconf 86' lang='lat'>12</span> <span class='ocrx_word' id='word_1_24' title='bbox 1891 455 2353 531; x_wconf 86' lang='lat' dir='ltr'>relinquendum</span> 
     </span>
     <span class='ocr_line' id='line_1_4' title="bbox 417 549 2352 631; baseline 0.002 -20"><span class='ocrx_word' id='word_1_25' title='bbox 417 555 628 629; x_wconf 87' lang='lat' dir='ltr'>putem</span> <span class='ocrx_word' id='word_1_26' title='bbox 673 549 821 630; x_wconf 87' lang='grc' dir='ltr'>βόας</span> <span class='ocrx_word' id='word_1_27' title='bbox 864 554 1006 629; x_wconf 89' lang='lat' dir='ltr'>post</span> <span class='ocrx_word' id='word_1_28' title='bbox 1051 553 1200 631; x_wconf 78' lang='grc' dir='ltr'>βοῦς</span> <span class='ocrx_word' id='word_1_29' title='bbox 1246 553 1325 613; x_wconf 89' lang='lat' dir='ltr'>ib.</span> <span class='ocrx_word' id='word_1_30' title='bbox 1366 556 1405 614; x_wconf 87' lang='lat'>8</span> <span class='ocrx_word' id='word_1_31' title='bbox 1454 553 1713 631; x_wconf 74' lang='lat' dir='ltr'>illatum,</span> <span class='ocrx_word' id='word_1_32' title='bbox 1757 552 1876 612; x_wconf 85' lang='lat' dir='ltr'>etsi</span> <span class='ocrx_word' id='word_1_33' title='bbox 1911 551 2070 611; x_wconf 85' lang='lat' dir='ltr'>redit</span> <span class='ocrx_word' id='word_1_34' title='bbox 2102 572 2162 628; x_wconf 89' lang='lat' dir='ltr'>p.</span> <span class='ocrx_word' id='word_1_35' title='bbox 2205 555 2352 624; x_wconf 91' lang='grc'>100,</span> 
     </span>
     <span class='ocr_line' id='line_1_5' title="bbox 416 651 2100 728; baseline -0.002 -17"><span class='ocrx_word' id='word_1_36' title='bbox 416 653 480 728; x_wconf 89' lang='lat'>4,</span> <span class='ocrx_word' id='word_1_37' title='bbox 520 651 621 712; x_wconf 89' lang='lat'>10.</span> <span class='ocrx_word' id='word_1_38' title='bbox 2039 700 2046 707; x_wconf 90' lang='lat'><strong>.</strong></span> <span class='ocrx_word' id='word_1_39' title='bbox 2087 652 2100 663; x_wconf 85' lang='lat'>‘</span> 
     </span>
     <span class='ocr_line' id='line_1_6' title="bbox 595 745 2351 827; baseline -0.002 -19"><span class='ocrx_word' id='word_1_40' title='bbox 595 745 839 819; x_wconf 79' lang='grc' dir='ltr'>Βοεικὸς</span> <span class='ocrx_word' id='word_1_41' title='bbox 890 767 1000 825; x_wconf 85' lang='lat' dir='ltr'>pro</span> <span class='ocrx_word' id='word_1_42' title='bbox 1061 745 1265 827; x_wconf 82' lang='grc' dir='ltr'>βοϊκὸς</span> <span class='ocrx_word' id='word_1_43' title='bbox 1309 747 1575 809; x_wconf 85' lang='lat' dir='ltr'>Diodoro</span> <span class='ocrx_word' id='word_1_44' title='bbox 1624 766 1865 826; x_wconf 85' lang='lat' dir='ltr'>quoquo</span> <span class='ocrx_word' id='word_1_45' title='bbox 1914 749 1974 826; x_wconf 83' lang='lat'>2,</span> <span class='ocrx_word' id='word_1_46' title='bbox 2024 749 2127 825; x_wconf 96' lang='grc'>11,</span> <span class='ocrx_word' id='word_1_47' title='bbox 2175 748 2235 823; x_wconf 90' lang='grc'>5,</span> <span class='ocrx_word' id='word_1_48' title='bbox 2269 749 2351 806; x_wconf 78' lang='lat' dir='ltr'>ut</span> 
     </span>
     <span class='ocr_line' id='line_1_7' title="bbox 417 841 2353 925; baseline -0.002 -19"><span class='ocrx_word' id='word_1_49' title='bbox 417 845 642 906; x_wconf 84' lang='lat' dir='ltr'><strong>ibidem</strong></span> <span class='ocrx_word' id='word_1_50' title='bbox 694 841 922 925; x_wconf 80' lang='grc' dir='ltr'>ὀρεικὸς</span> <span class='ocrx_word' id='word_1_51' title='bbox 976 864 1084 922; x_wconf 88' lang='lat' dir='ltr'>pro</span> <span class='ocrx_word' id='word_1_52' title='bbox 1139 841 1364 925; x_wconf 80' lang='grc' dir='ltr'>ὀρικός,</span> <span class='ocrx_word' id='word_1_53' title='bbox 1429 849 1493 906; x_wconf 88' lang='lat' dir='ltr'>et</span> <span class='ocrx_word' id='word_1_54' title='bbox 1549 849 1660 924; x_wconf 89' lang='lat'>17,</span> <span class='ocrx_word' id='word_1_55' title='bbox 1710 848 1812 925; x_wconf 88' lang='grc'>69,</span> <span class='ocrx_word' id='word_1_56' title='bbox 1861 847 1898 906; x_wconf 91' lang='grc'>8</span> <span class='ocrx_word' id='word_1_57' title='bbox 1945 844 2216 919; x_wconf 84' lang='lat' dir='ltr'>restitui,</span> <span class='ocrx_word' id='word_1_58' title='bbox 2280 847 2353 903; x_wconf 87' lang='lat' dir='ltr'>ut</span> 
     </span>
     <span class='ocr_line' id='line_1_8' title="bbox 416 941 2353 1030; baseline -0.002 -26"><span class='ocrx_word' id='word_1_59' title='bbox 416 944 557 1030; x_wconf 81' lang='lat' dir='ltr'>aliis</span> <span class='ocrx_word' id='word_1_60' title='bbox 621 943 898 1003; x_wconf 85' lang='lat' dir='ltr'>omnibus</span> <span class='ocrx_word' id='word_1_61' title='bbox 965 945 1062 1003; x_wconf 85' lang='lat' dir='ltr'>est</span> <span class='ocrx_word' id='word_1_62' title='bbox 1125 943 1567 1004; x_wconf 86' lang='lat' dir='ltr'>restituendum</span> <span class='ocrx_word' id='word_1_63' title='bbox 1624 943 1786 1021; x_wconf 82' lang='lat' dir='ltr'>quod</span> <span class='ocrx_word' id='word_1_64' title='bbox 1838 946 2102 1002; x_wconf 84' lang='lat' dir='ltr'>metrum</span> <span class='ocrx_word' id='word_1_65' title='bbox 2154 941 2353 1019; x_wconf 80' lang='lat' dir='ltr'>poscit</span> 
     </span>
     <span class='ocr_line' id='line_1_9' title="bbox 416 1043 850 1118; baseline -0.005 -17"><span class='ocrx_word' id='word_1_66' title='bbox 416 1043 583 1118; x_wconf 83' lang='lat' dir='ltr'>apud</span> <span class='ocrx_word' id='word_1_67' title='bbox 625 1044 850 1117; x_wconf 79' lang='lat' dir='ltr'>poetas,</span> 
     </span>
    </p>

    <p class='ocr_par' dir='ltr' id='par_1_3' title="bbox 418 1135 2355 1607">
     <span class='ocr_line' id='line_1_10' title="bbox 597 1135 2355 1219; baseline 0.001 -23"><span class='ocrx_word' id='word_1_68' title='bbox 597 1135 957 1215; x_wconf 85' lang='grc' dir='ltr'>Γαμήσαντα</span> <span class='ocrx_word' id='word_1_69' title='bbox 1022 1140 1088 1217; x_wconf 94' lang='grc'>2,</span> <span class='ocrx_word' id='word_1_70' title='bbox 1138 1140 1252 1216; x_wconf 88' lang='grc'>39,</span> <span class='ocrx_word' id='word_1_71' title='bbox 1300 1140 1367 1217; x_wconf 91' lang='grc'>2,</span> <span class='ocrx_word' id='word_1_72' title='bbox 1425 1142 1488 1199; x_wconf 84' lang='lat' dir='ltr'>et</span> <span class='ocrx_word' id='word_1_73' title='bbox 1547 1135 1818 1219; x_wconf 77' lang='grc' dir='ltr'><em>γαμήσας</em></span> <span class='ocrx_word' id='word_1_74' title='bbox 1877 1140 1987 1218; x_wconf 90' lang='grc'>18,</span> <span class='ocrx_word' id='word_1_75' title='bbox 2034 1139 2145 1213; x_wconf 90' lang='grc'>25,</span> <span class='ocrx_word' id='word_1_76' title='bbox 2195 1140 2233 1197; x_wconf 87' lang='grc'>3</span> <span class='ocrx_word' id='word_1_77' title='bbox 2291 1140 2355 1197; x_wconf 83' lang='lat' dir='ltr'>et</span> 
     </span>
     <span class='ocr_line' id='line_1_11' title="bbox 419 1234 2350 1314; baseline -0.001 -19"><span class='ocrx_word' id='word_1_78' title='bbox 419 1236 562 1296; x_wconf 74' lang='lat' dir='ltr'>Exn.</span> <span class='ocrx_word' id='word_1_79' title='bbox 621 1235 762 1294; x_wconf 83' lang='lat' dir='ltr'>Vat.</span> <span class='ocrx_word' id='word_1_80' title='bbox 811 1236 921 1309; x_wconf 86' lang='lat'>33,</span> <span class='ocrx_word' id='word_1_81' title='bbox 974 1236 1039 1312; x_wconf 90' lang='lat'>7,</span> <span class='ocrx_word' id='word_1_82' title='bbox 1100 1238 1137 1296; x_wconf 88' lang='grc'><strong>6</strong></span> <span class='ocrx_word' id='word_1_83' title='bbox 1199 1254 1321 1295; x_wconf 92' lang='lat' dir='ltr'>non</span> <span class='ocrx_word' id='word_1_84' title='bbox 1387 1236 1698 1314; x_wconf 80' lang='lat' dir='ltr'>scripsisse</span> <span class='ocrx_word' id='word_1_85' title='bbox 1754 1236 1858 1313; x_wconf 89' lang='lat' dir='ltr'>qui</span> <span class='ocrx_word' id='word_1_86' title='bbox 1921 1236 2138 1296; x_wconf 80' lang='lat' dir='ltr'>ceteris</span> <span class='ocrx_word' id='word_1_87' title='bbox 2201 1234 2350 1294; x_wconf 85' lang='lat' dir='ltr'>locis</span> 
     </span>
     <span class='ocr_line' id='line_1_12' title="bbox 418 1331 2352 1414; baseline -0.002 -19"><span class='ocrx_word' id='word_1_88' title='bbox 418 1333 696 1395; x_wconf 87' lang='lat' dir='ltr'>omnibus</span> <span class='ocrx_word' id='word_1_89' title='bbox 743 1334 936 1393; x_wconf 86' lang='lat' dir='ltr'>multo</span> <span class='ocrx_word' id='word_1_90' title='bbox 991 1333 1266 1410; x_wconf 85' lang='lat' dir='ltr'><strong>pluribus</strong></span> <span class='ocrx_word' id='word_1_91' title='bbox 1314 1334 1555 1411; x_wconf 83' lang='lat' dir='ltr'>scripsit</span> <span class='ocrx_word' id='word_1_92' title='bbox 1600 1331 1819 1414; x_wconf 77' lang='grc' dir='ltr'>ἔγημα,</span> <span class='ocrx_word' id='word_1_93' title='bbox 1873 1353 1995 1394; x_wconf 89' lang='lat' dir='ltr'>non</span> <span class='ocrx_word' id='word_1_94' title='bbox 2051 1331 2352 1392; x_wconf 76' lang='lat' dir='ltr'><strong>dubitabit</strong></span> 
     </span>
     <span class='ocr_line' id='line_1_13' title="bbox 420 1429 2353 1513; baseline -0.001 -24"><span class='ocrx_word' id='word_1_95' title='bbox 420 1431 526 1507; x_wconf 89' lang='lat' dir='ltr'>qui</span> <span class='ocrx_word' id='word_1_96' title='bbox 570 1430 894 1491; x_wconf 82' lang='lat' dir='ltr'>contulerit</span> <span class='ocrx_word' id='word_1_97' title='bbox 938 1449 1093 1508; x_wconf 88' lang='lat' dir='ltr'>quae</span> <span class='ocrx_word' id='word_1_98' title='bbox 1139 1432 1249 1513; x_wconf 85' lang='lat' dir='ltr'>hoc</span> <span class='ocrx_word' id='word_1_99' title='bbox 1298 1432 1373 1491; x_wconf 87' lang='lat' dir='ltr'>de</span> <span class='ocrx_word' id='word_1_100' title='bbox 1410 1432 1560 1492; x_wconf 84' lang='lat' dir='ltr'>vitio</span> <span class='ocrx_word' id='word_1_101' title='bbox 1599 1433 1723 1492; x_wconf 85' lang='lat' dir='ltr'>dixi</span> <span class='ocrx_word' id='word_1_102' title='bbox 1759 1431 1944 1508; x_wconf 85' lang='lat' dir='ltr'>praef.</span> <span class='ocrx_word' id='word_1_103' title='bbox 1984 1429 2061 1490; x_wconf 86' lang='lat' dir='ltr'>ad</span> <span class='ocrx_word' id='word_1_104' title='bbox 2095 1429 2353 1489; x_wconf 87' lang='lat' dir='ltr'><strong>Dionem</strong></span> 
     </span>
     <span class='ocr_line' id='line_1_14' title="bbox 418 1527 1023 1607; baseline -0.002 -18"><span class='ocrx_word' id='word_1_105' title='bbox 418 1527 631 1607; x_wconf 64' lang='lat' dir='ltr'>Chrys</span> <span class='ocrx_word' id='word_1_106' title='bbox 678 1549 736 1606; x_wconf 87' lang='lat' dir='ltr'>p.</span> <span class='ocrx_word' id='word_1_107' title='bbox 772 1529 876 1588; x_wconf 88' lang='lat' dir='ltr'>IX.</span> <span class='ocrx_word' id='word_1_108' title='bbox 1017 1591 1023 1597; x_wconf 73' lang='grc'>,</span> 
     </span>
    </p>

    <p class='ocr_par' dir='ltr' id='par_1_4' title="bbox 599 1625 2351 1707">
     <span class='ocr_line' id='line_1_15' title="bbox 599 1625 2351 1707; baseline -0.002 -21"><span class='ocrx_word' id='word_1_109' title='bbox 599 1626 891 1707; x_wconf 83' lang='grc' dir='ltr'>Γίγνομαι</span> <span class='ocrx_word' id='word_1_110' title='bbox 945 1630 1010 1687; x_wconf 86' lang='lat' dir='ltr'>et</span> <span class='ocrx_word' id='word_1_111' title='bbox 1065 1625 1375 1707; x_wconf 76' lang='grc' dir='ltr'><em>γιγνώσκω</em></span> <span class='ocrx_word' id='word_1_112' title='bbox 1431 1627 1550 1687; x_wconf 85' lang='lat' dir='ltr'>etsi</span> <span class='ocrx_word' id='word_1_113' title='bbox 1605 1627 1708 1687; x_wconf 83' lang='lat' dir='ltr'>vix</span> <span class='ocrx_word' id='word_1_114' title='bbox 1762 1627 1951 1686; x_wconf 87' lang='lat' dir='ltr'>semel</span> <span class='ocrx_word' id='word_1_115' title='bbox 2011 1626 2351 1701; x_wconf 76' lang='lat' dir='ltr'><strong>iterumque</strong></span> 
     </span>
    </p>
   </div>
   <div class='ocr_carea' id='block_1_3' title="bbox 417 1715 2445 1802">
    <p class='ocr_par' dir='ltr' id='par_1_5' title="bbox 417 1715 2445 1802">
     <span class='ocr_line' id='line_1_16' title="bbox 417 1715 2445 1802; baseline 0 -16"><span class='ocrx_word' id='word_1_116' title='bbox 417 1725 709 1801; x_wconf 76' lang='lat' dir='ltr'>praebent</span> <span class='ocrx_word' id='word_1_117' title='bbox 753 1726 1033 1785; x_wconf 88' lang='lat' dir='ltr'>meliores</span> <span class='ocrx_word' id='word_1_118' title='bbox 1076 1724 1238 1802; x_wconf 87' lang='lat' dir='ltr'><strong>libri,</strong></span> <span class='ocrx_word' id='word_1_119' title='bbox 1282 1727 1354 1782; x_wconf 88' lang='lat' dir='ltr'>ut</span> <span class='ocrx_word' id='word_1_120' title='bbox 1402 1727 1460 1801; x_wconf 89' lang='lat'>1,</span> <span class='ocrx_word' id='word_1_121' title='bbox 1509 1725 1611 1799; x_wconf 91' lang='grc'>52,</span> <span class='ocrx_word' id='word_1_122' title='bbox 1663 1725 1728 1799; x_wconf 84' lang='grc'>6;</span> <span class='ocrx_word' id='word_1_123' title='bbox 1779 1727 1834 1797; x_wconf 92' lang='grc'>1,</span> <span class='ocrx_word' id='word_1_124' title='bbox 1885 1725 1988 1796; x_wconf 88' lang='grc'>66,</span> <span class='ocrx_word' id='word_1_125' title='bbox 2026 1725 2096 1801; x_wconf 84' lang='grc'>3;</span> <span class='ocrx_word' id='word_1_126' title='bbox 2149 1727 2205 1800; x_wconf 93' lang='grc'>1,</span> <span class='ocrx_word' id='word_1_127' title='bbox 2246 1723 2350 1800; x_wconf 86' lang='grc'>83,</span> <span class='ocrx_word' id='word_1_128' title='bbox 2438 1715 2445 1722; x_wconf 63' lang='grc'>’</span> 
     </span>
    </p>
   </div>
   <div class='ocr_carea' id='block_1_4' title="bbox 416 1819 2354 3558">
    <p class='ocr_par' dir='ltr' id='par_1_6' title="bbox 416 1819 2354 2579">
     <span class='ocr_line' id='line_1_17' title="bbox 421 1819 2354 1899; baseline -0.002 -17"><span class='ocrx_word' id='word_1_129' title='bbox 421 1825 489 1899; x_wconf 85' lang='grc'>4;</span> <span class='ocrx_word' id='word_1_130' title='bbox 539 1824 595 1895; x_wconf 91' lang='grc'>5,</span> <span class='ocrx_word' id='word_1_131' title='bbox 628 1823 731 1899; x_wconf 87' lang='lat'>56,</span> <span class='ocrx_word' id='word_1_132' title='bbox 763 1825 828 1896; x_wconf 82' lang='lat'>13</span> <span class='ocrx_word' id='word_1_133' title='bbox 880 1824 980 1895; x_wconf 89' lang='lat'>17,</span> <span class='ocrx_word' id='word_1_134' title='bbox 1015 1825 1071 1888; x_wconf 84' lang='lat'>7,</span> <span class='ocrx_word' id='word_1_135' title='bbox 1104 1822 1176 1894; x_wconf 83' lang='lat'>53</span> <span class='ocrx_word' id='word_1_136' title='bbox 1227 1823 1328 1895; x_wconf 95' lang='lat'>17,</span> <span class='ocrx_word' id='word_1_137' title='bbox 1360 1821 1463 1897; x_wconf 85' lang='lat'>58,</span> <span class='ocrx_word' id='word_1_138' title='bbox 1502 1820 1561 1895; x_wconf 86' lang='lat'>3,</span> <span class='ocrx_word' id='word_1_139' title='bbox 1606 1819 1849 1878; x_wconf 89' lang='lat' dir='ltr'>minime</span> <span class='ocrx_word' id='word_1_140' title='bbox 1896 1820 2103 1891; x_wconf 87' lang='lat' dir='ltr'>tamen</span> <span class='ocrx_word' id='word_1_141' title='bbox 2134 1836 2354 1895; x_wconf 81' lang='lat' dir='ltr'>negem</span> 
     </span>
     <span class='ocr_line' id='line_1_18' title="bbox 416 1914 2351 1994; baseline -0.002 -16"><span class='ocrx_word' id='word_1_142' title='bbox 416 1920 767 1979; x_wconf 75' lang='lat' dir='ltr'>constanter</span> <span class='ocrx_word' id='word_1_143' title='bbox 820 1934 952 1977; x_wconf 89' lang='lat' dir='ltr'>esse</span> <span class='ocrx_word' id='word_1_144' title='bbox 1006 1916 1409 1994; x_wconf 83' lang='lat' dir='ltr'>restituenda,</span> <span class='ocrx_word' id='word_1_145' title='bbox 1475 1935 1662 1992; x_wconf 87' lang='lat' dir='ltr'><strong>quum</strong></span> <span class='ocrx_word' id='word_1_146' title='bbox 1713 1934 1834 1975; x_wconf 93' lang='lat' dir='ltr'>non</span> <span class='ocrx_word' id='word_1_147' title='bbox 1887 1915 2086 1974; x_wconf 88' lang='lat' dir='ltr'>minus</span> <span class='ocrx_word' id='word_1_148' title='bbox 2140 1914 2351 1974; x_wconf 83' lang='lat' dir='ltr'>ludere</span> 
     </span>
     <span class='ocr_line' id='line_1_19' title="bbox 421 2011 2350 2092; baseline -0.001 -17"><span class='ocrx_word' id='word_1_149' title='bbox 421 2016 654 2076; x_wconf 84' lang='lat' dir='ltr'>soleant</span> <span class='ocrx_word' id='word_1_150' title='bbox 685 2013 847 2092; x_wconf 84' lang='lat' dir='ltr'>apud</span> <span class='ocrx_word' id='word_1_151' title='bbox 872 2013 1126 2075; x_wconf 81' lang='lat' dir='ltr'>Atticos.</span> <span class='ocrx_word' id='word_1_152' title='bbox 1190 2012 1379 2074; x_wconf 87' lang='lat' dir='ltr'>Nulla</span> <span class='ocrx_word' id='word_1_153' title='bbox 1416 2013 1576 2074; x_wconf 88' lang='lat' dir='ltr'>enim</span> <span class='ocrx_word' id='word_1_154' title='bbox 1612 2013 1770 2075; x_wconf 85' lang='lat' dir='ltr'>ratio</span> <span class='ocrx_word' id='word_1_155' title='bbox 1809 2015 1906 2073; x_wconf 82' lang='lat' dir='ltr'>est</span> <span class='ocrx_word' id='word_1_156' title='bbox 1941 2032 2049 2073; x_wconf 86' lang='lat' dir='ltr'>our</span> <span class='ocrx_word' id='word_1_157' title='bbox 2083 2011 2350 2073; x_wconf 85' lang='lat' dir='ltr'>Diodoro</span> 
     </span>
     <span class='ocr_line' id='line_1_20' title="bbox 420 2095 2352 2191; baseline -0.002 -18"><span class='ocrx_word' id='word_1_158' title='bbox 420 2116 529 2174; x_wconf 87' lang='lat' dir='ltr'>aut</span> <span class='ocrx_word' id='word_1_159' title='bbox 563 2112 855 2191; x_wconf 83' lang='lat' dir='ltr'>Dionysio</span> <span class='ocrx_word' id='word_1_160' title='bbox 892 2113 1103 2188; x_wconf 65' lang='lat' dir='ltr'>Halia,</span> <span class='ocrx_word' id='word_1_161' title='bbox 1141 2113 1309 2190; x_wconf 81' lang='lat' dir='ltr'>apud</span> <span class='ocrx_word' id='word_1_162' title='bbox 1344 2132 1523 2191; x_wconf 86' lang='lat' dir='ltr'>quem</span> <span class='ocrx_word' id='word_1_163' title='bbox 1561 2116 1623 2175; x_wconf 87' lang='lat' dir='ltr'>et</span> <span class='ocrx_word' id='word_1_164' title='bbox 1660 2095 1861 2191; x_wconf 83' lang='lat' dir='ltr'><strong>ipsum</strong></span> <span class='ocrx_word' id='word_1_165' title='bbox 1889 2111 2123 2174; x_wconf 88' lang='lat' dir='ltr'>obtinet</span> <span class='ocrx_word' id='word_1_166' title='bbox 2157 2111 2352 2170; x_wconf 86' lang='lat' dir='ltr'>forma</span> 
     </span>
     <span class='ocr_line' id='line_1_21' title="bbox 416 2209 2351 2291; baseline -0.002 -20"><span class='ocrx_word' id='word_1_167' title='bbox 416 2234 605 2291; x_wconf 76' lang='grc' dir='ltr'>γιν-</span> <span class='ocrx_word' id='word_1_168' title='bbox 627 2254 646 2288; x_wconf 93' lang='grc'>,</span> <span class='ocrx_word' id='word_1_169' title='bbox 681 2230 801 2272; x_wconf 93' lang='lat' dir='ltr'>non</span> <span class='ocrx_word' id='word_1_170' title='bbox 828 2212 1135 2272; x_wconf 82' lang='lat' dir='ltr'>tribuatur</span> <span class='ocrx_word' id='word_1_171' title='bbox 1163 2228 1282 2287; x_wconf 90' lang='lat' dir='ltr'>qua</span> <span class='ocrx_word' id='word_1_172' title='bbox 1318 2229 1437 2270; x_wconf 92' lang='lat' dir='ltr'>non</span> <span class='ocrx_word' id='word_1_173' title='bbox 1466 2213 1661 2272; x_wconf 85' lang='lat' dir='ltr'>solum</span> <span class='ocrx_word' id='word_1_174' title='bbox 1696 2212 1804 2271; x_wconf 89' lang='lat' dir='ltr'>alii</span> <span class='ocrx_word' id='word_1_175' title='bbox 1831 2210 2098 2271; x_wconf 86' lang='lat' dir='ltr'>eiusdem</span> <span class='ocrx_word' id='word_1_176' title='bbox 2133 2209 2351 2269; x_wconf 86' lang='lat' dir='ltr'>aetatis</span> 
     </span>
     <span class='ocr_line' id='line_1_22' title="bbox 420 2308 2348 2386; baseline -0.001 -19"><span class='ocrx_word' id='word_1_177' title='bbox 420 2309 517 2368; x_wconf 85' lang='lat' dir='ltr'>usi</span> <span class='ocrx_word' id='word_1_178' title='bbox 572 2312 715 2368; x_wconf 86' lang='lat' dir='ltr'>sunt</span> <span class='ocrx_word' id='word_1_179' title='bbox 773 2309 1124 2384; x_wconf 76' lang='lat' dir='ltr'>scriptoreS,</span> <span class='ocrx_word' id='word_1_180' title='bbox 1176 2312 1249 2368; x_wconf 87' lang='lat' dir='ltr'>ut</span> <span class='ocrx_word' id='word_1_181' title='bbox 1293 2308 1583 2369; x_wconf 79' lang='lat' dir='ltr'>Nicolans</span> <span class='ocrx_word' id='word_1_182' title='bbox 1628 2309 2054 2386; x_wconf 77' lang='lat' dir='ltr'>DamascenuS,</span> <span class='ocrx_word' id='word_1_183' title='bbox 2111 2308 2184 2368; x_wconf 85' lang='lat' dir='ltr'>de</span> <span class='ocrx_word' id='word_1_184' title='bbox 2231 2324 2348 2384; x_wconf 88' lang='lat' dir='ltr'>quo</span> 
     </span>
     <span class='ocr_line' id='line_1_23' title="bbox 417 2404 2348 2482; baseline 0.001 -18"><span class='ocrx_word' id='word_1_185' title='bbox 417 2404 572 2465; x_wconf 85' lang='lat' dir='ltr'>dixit</span> <span class='ocrx_word' id='word_1_186' title='bbox 608 2405 874 2465; x_wconf 85' lang='lat' dir='ltr'>Federus</span> <span class='ocrx_word' id='word_1_187' title='bbox 902 2426 959 2481; x_wconf 88' lang='lat' dir='ltr'>p.</span> <span class='ocrx_word' id='word_1_188' title='bbox 991 2407 1140 2482; x_wconf 91' lang='grc'>222,</span> <span class='ocrx_word' id='word_1_189' title='bbox 1176 2404 1282 2466; x_wconf 89' lang='lat' dir='ltr'>sed</span> <span class='ocrx_word' id='word_1_190' title='bbox 1319 2405 1497 2465; x_wconf 85' lang='lat' dir='ltr'><strong>multi</strong></span> <span class='ocrx_word' id='word_1_191' title='bbox 1525 2404 1709 2465; x_wconf 84' lang='lat' dir='ltr'>etiam</span> <span class='ocrx_word' id='word_1_192' title='bbox 1736 2406 1928 2465; x_wconf 89' lang='lat' dir='ltr'>multo</span> <span class='ocrx_word' id='word_1_193' title='bbox 1965 2404 2348 2480; x_wconf 79' lang='lat' dir='ltr'>recentiores,</span> 
     </span>
     <span class='ocr_line' id='line_1_24' title="bbox 418 2495 971 2579; baseline 0.002 -18"><span class='ocrx_word' id='word_1_194' title='bbox 418 2506 493 2562; x_wconf 87' lang='lat' dir='ltr'>ut</span> <span class='ocrx_word' id='word_1_195' title='bbox 538 2506 792 2579; x_wconf 84' lang='lat' dir='ltr'>uterque</span> <span class='ocrx_word' id='word_1_196' title='bbox 838 2495 971 2562; x_wconf 88' lang='lat' dir='ltr'>Dio.</span> 
     </span>
    </p>

    <p class='ocr_par' dir='ltr' id='par_1_7' title="bbox 419 2598 2354 3558">
     <span class='ocr_line' id='line_1_25' title="bbox 603 2598 2352 2678; baseline 0 -19"><span class='ocrx_word' id='word_1_197' title='bbox 603 2598 1019 2660; x_wconf 85' lang='grc' dir='ltr'>Δεικνυόντων</span> <span class='ocrx_word' id='word_1_198' title='bbox 1075 2601 1143 2674; x_wconf 93' lang='grc'>8,</span> <span class='ocrx_word' id='word_1_199' title='bbox 1192 2603 1259 2678; x_wconf 90' lang='grc'>9,</span> <span class='ocrx_word' id='word_1_200' title='bbox 1310 2602 1378 2676; x_wconf 85' lang='grc'>2;</span> <span class='ocrx_word' id='word_1_201' title='bbox 1449 2603 1557 2678; x_wconf 87' lang='grc'>17,</span> <span class='ocrx_word' id='word_1_202' title='bbox 1607 2602 1718 2678; x_wconf 87' lang='grc'>37,</span> <span class='ocrx_word' id='word_1_203' title='bbox 1766 2601 1834 2677; x_wconf 88' lang='grc'>5,</span> <span class='ocrx_word' id='word_1_204' title='bbox 1887 2602 1996 2661; x_wconf 87' lang='lat' dir='ltr'>ubi</span> <span class='ocrx_word' id='word_1_205' title='bbox 2046 2600 2352 2677; x_wconf 83' lang='lat' dir='ltr'>praecedit</span> 
     </span>
     <span class='ocr_line' id='line_1_26' title="bbox 419 2695 2349 2776; baseline -0.001 -16"><span class='ocrx_word' id='word_1_206' title='bbox 419 2696 846 2776; x_wconf 90' lang='grc' dir='ltr'>διανευόντων,</span> <span class='ocrx_word' id='word_1_207' title='bbox 891 2697 1276 2760; x_wconf 83' lang='lat' dir='ltr'>scribendum</span> <span class='ocrx_word' id='word_1_208' title='bbox 1321 2715 1454 2757; x_wconf 85' lang='lat' dir='ltr'>esse</span> <span class='ocrx_word' id='word_1_209' title='bbox 1489 2695 1878 2775; x_wconf 79' lang='grc' dir='ltr'>δεικνύντων,</span> <span class='ocrx_word' id='word_1_210' title='bbox 1925 2701 1987 2759; x_wconf 87' lang='lat' dir='ltr'>et</span> <span class='ocrx_word' id='word_1_211' title='bbox 2029 2702 2129 2776; x_wconf 89' lang='lat'>19,</span> <span class='ocrx_word' id='word_1_212' title='bbox 2167 2701 2270 2773; x_wconf 92' lang='grc'>26,</span> <span class='ocrx_word' id='word_1_213' title='bbox 2313 2702 2349 2759; x_wconf 87' lang='grc'><strong>9</strong></span> 
     </span>
     <span class='ocr_line' id='line_1_27' title="bbox 424 2794 2354 2874; baseline -0.002 -16"><span class='ocrx_word' id='word_1_214' title='bbox 424 2794 758 2868; x_wconf 81' lang='grc' dir='ltr'>δεικνύντες</span> <span class='ocrx_word' id='word_1_215' title='bbox 823 2816 932 2874; x_wconf 87' lang='lat' dir='ltr'>pro</span> <span class='ocrx_word' id='word_1_216' title='bbox 998 2794 1403 2872; x_wconf 81' lang='grc' dir='ltr'>δεικνύοντες,</span> <span class='ocrx_word' id='word_1_217' title='bbox 1476 2795 1731 2856; x_wconf 86' lang='lat' dir='ltr'>alterius</span> <span class='ocrx_word' id='word_1_218' title='bbox 1800 2796 2029 2856; x_wconf 84' lang='lat' dir='ltr'>formae</span> <span class='ocrx_word' id='word_1_219' title='bbox 2092 2796 2354 2872; x_wconf 88' lang='lat' dir='ltr'>probant</span> 
     </span>
     <span class='ocr_line' id='line_1_28' title="bbox 420 2893 2353 2972; baseline -0.002 -17"><span class='ocrx_word' id='word_1_220' title='bbox 420 2893 697 2971; x_wconf 83' lang='lat' dir='ltr'>exempla</span> <span class='ocrx_word' id='word_1_221' title='bbox 756 2896 812 2971; x_wconf 91' lang='lat'>1,</span> <span class='ocrx_word' id='word_1_222' title='bbox 854 2896 964 2971; x_wconf 88' lang='lat'>75,</span> <span class='ocrx_word' id='word_1_223' title='bbox 1005 2896 1072 2971; x_wconf 81' lang='lat'>33</span> <span class='ocrx_word' id='word_1_224' title='bbox 1137 2897 1198 2968; x_wconf 90' lang='lat'>4,</span> <span class='ocrx_word' id='word_1_225' title='bbox 1247 2896 1307 2969; x_wconf 92' lang='grc'>6,</span> <span class='ocrx_word' id='word_1_226' title='bbox 1353 2895 1421 2970; x_wconf 79' lang='lat'>43</span> <span class='ocrx_word' id='word_1_227' title='bbox 1487 2894 1545 2966; x_wconf 92' lang='grc'>5,</span> <span class='ocrx_word' id='word_1_228' title='bbox 1593 2894 1695 2968; x_wconf 84' lang='grc'>46,</span> <span class='ocrx_word' id='word_1_229' title='bbox 1745 2896 1813 2971; x_wconf 81' lang='lat'>33</span> <span class='ocrx_word' id='word_1_230' title='bbox 1883 2896 1984 2972; x_wconf 92' lang='grc'>16,</span> <span class='ocrx_word' id='word_1_231' title='bbox 2034 2896 2135 2969; x_wconf 87' lang='grc'>92,</span> <span class='ocrx_word' id='word_1_232' title='bbox 2184 2895 2243 2970; x_wconf 88' lang='grc'>5,</span> <span class='ocrx_word' id='word_1_233' title='bbox 2290 2894 2353 2952; x_wconf 91' lang='lat' dir='ltr'>et</span> 
     </span>
     <span class='ocr_line' id='line_1_29' title="bbox 420 2985 2353 3073; baseline -0.004 -18"><span class='ocrx_word' id='word_1_234' title='bbox 420 2992 903 3073; x_wconf 79' lang='grc' dir='ltr'>καταχωννύντες</span> <span class='ocrx_word' id='word_1_235' title='bbox 952 2995 1011 3066; x_wconf 87' lang='grc'>2,</span> <span class='ocrx_word' id='word_1_236' title='bbox 1059 2993 1163 3069; x_wconf 87' lang='grc'>59,</span> <span class='ocrx_word' id='word_1_237' title='bbox 1214 2994 1272 3065; x_wconf 92' lang='grc'>8,</span> <span class='ocrx_word' id='word_1_238' title='bbox 1320 2992 1383 3049; x_wconf 81' lang='lat' dir='ltr'>et</span> <span class='ocrx_word' id='word_1_239' title='bbox 1425 2988 1736 3069; x_wconf 75' lang='grc' dir='ltr'>μιγνύντες</span> <span class='ocrx_word' id='word_1_240' title='bbox 1783 2994 1842 3067; x_wconf 93' lang='grc'>5,</span> <span class='ocrx_word' id='word_1_241' title='bbox 1891 2993 1994 3068; x_wconf 84' lang='grc'>17,</span> <span class='ocrx_word' id='word_1_242' title='bbox 2041 2987 2108 3064; x_wconf 80' lang='lat'>23</span> <span class='ocrx_word' id='word_1_243' title='bbox 2167 2985 2353 3048; x_wconf 78' lang='grc' dir='ltr'>ἀπολ-</span> 
     </span>
     <span class='ocr_line' id='line_1_30' title="bbox 420 3083 2353 3168; baseline -0.004 -15"><span class='ocrx_word' id='word_1_244' title='bbox 420 3090 628 3163; x_wconf 82' lang='grc' dir='ltr'>λύντες</span> <span class='ocrx_word' id='word_1_245' title='bbox 676 3094 778 3165; x_wconf 92' lang='grc'>10,</span> <span class='ocrx_word' id='word_1_246' title='bbox 830 3093 887 3165; x_wconf 91' lang='grc'>9,</span> <span class='ocrx_word' id='word_1_247' title='bbox 938 3092 1010 3166; x_wconf 69' lang='grc'>3,</span> <span class='ocrx_word' id='word_1_248' title='bbox 1056 3085 1530 3168; x_wconf 75' lang='grc' dir='ltr'>ἆναζευγνύντος</span> <span class='ocrx_word' id='word_1_249' title='bbox 1580 3090 1680 3166; x_wconf 86' lang='grc'>14,</span> <span class='ocrx_word' id='word_1_250' title='bbox 1731 3091 1832 3165; x_wconf 92' lang='grc'>20,</span> <span class='ocrx_word' id='word_1_251' title='bbox 1885 3090 1953 3163; x_wconf 84' lang='grc'>4;</span> <span class='ocrx_word' id='word_1_252' title='bbox 2000 3083 2353 3163; x_wconf 86' lang='grc' dir='ltr'>σβεννύντες</span> 
     </span>
     <span class='ocr_line' id='line_1_31' title="bbox 427 3180 2351 3268; baseline -0.004 -18"><span class='ocrx_word' id='word_1_253' title='bbox 427 3192 529 3268; x_wconf 88' lang='grc'>14,</span> <span class='ocrx_word' id='word_1_254' title='bbox 578 3192 681 3267; x_wconf 88' lang='grc'>90,</span> <span class='ocrx_word' id='word_1_255' title='bbox 732 3191 799 3260; x_wconf 78' lang='lat'>63</span> <span class='ocrx_word' id='word_1_256' title='bbox 854 3185 1349 3266; x_wconf 76' lang='grc' dir='ltr'>περριρηγνύντες</span> <span class='ocrx_word' id='word_1_257' title='bbox 1407 3189 1508 3264; x_wconf 89' lang='grc'>17,</span> <span class='ocrx_word' id='word_1_258' title='bbox 1556 3186 1659 3259; x_wconf 91' lang='grc'>35,</span> <span class='ocrx_word' id='word_1_259' title='bbox 1709 3188 1775 3262; x_wconf 84' lang='lat'>73</span> <span class='ocrx_word' id='word_1_260' title='bbox 1829 3180 2255 3262; x_wconf 76' lang='grc' dir='ltr'>ἀπορρηγνῦσα</span> <span class='ocrx_word' id='word_1_261' title='bbox 2293 3184 2351 3261; x_wconf 94' lang='grc'>5,</span> 
     </span>
     <span class='ocr_line' id='line_1_32' title="bbox 426 3277 2353 3363; baseline -0.002 -17"><span class='ocrx_word' id='word_1_262' title='bbox 426 3289 530 3360; x_wconf 88' lang='grc'>27,</span> <span class='ocrx_word' id='word_1_263' title='bbox 581 3290 637 3346; x_wconf 93' lang='grc'>1.</span> <span class='ocrx_word' id='word_1_264' title='bbox 728 3284 844 3345; x_wconf 86' lang='lat' dir='ltr'>Cui</span> <span class='ocrx_word' id='word_1_265' title='bbox 891 3285 967 3345; x_wconf 84' lang='lat' dir='ltr'>ab</span> <span class='ocrx_word' id='word_1_266' title='bbox 1014 3284 1315 3363; x_wconf 78' lang='lat' dir='ltr'>eclogario</span> <span class='ocrx_word' id='word_1_267' title='bbox 1363 3283 1744 3360; x_wconf 85' lang='lat' dir='ltr'>suppositum</span> <span class='ocrx_word' id='word_1_268' title='bbox 1788 3277 2186 3341; x_wconf 81' lang='grc' dir='ltr'>δεικνυόντων</span> <span class='ocrx_word' id='word_1_269' title='bbox 2231 3301 2353 3342; x_wconf 90' lang='lat' dir='ltr'>non</span> 
     </span>
     <span class='ocr_line' id='line_1_33' title="bbox 424 3375 2353 3460; baseline 0.001 -20"><span class='ocrx_word' id='word_1_270' title='bbox 424 3382 749 3442; x_wconf 86' lang='lat' dir='ltr'>mirabitur</span> <span class='ocrx_word' id='word_1_271' title='bbox 812 3382 918 3460; x_wconf 87' lang='lat' dir='ltr'>qui</span> <span class='ocrx_word' id='word_1_272' title='bbox 993 3381 1218 3442; x_wconf 86' lang='lat' dir='ltr'><strong>ibidem</strong></span> <span class='ocrx_word' id='word_1_273' title='bbox 1293 3381 1519 3444; x_wconf 81' lang='lat' dir='ltr'>viderit</span> <span class='ocrx_word' id='word_1_274' title='bbox 1585 3383 1652 3458; x_wconf 94' lang='grc'>9,</span> <span class='ocrx_word' id='word_1_275' title='bbox 1710 3381 1747 3440; x_wconf 87' lang='grc'>6</span> <span class='ocrx_word' id='word_1_276' title='bbox 1831 3375 2213 3457; x_wconf 78' lang='grc' dir='ltr'>ἄντεισῆξαν,</span> <span class='ocrx_word' id='word_1_277' title='bbox 2291 3383 2353 3441; x_wconf 84' lang='lat' dir='ltr'>et</span> 
     </span>
     <span class='ocr_line' id='line_1_34' title="bbox 423 3473 2351 3558; baseline 0.002 -24"><span class='ocrx_word' id='word_1_278' title='bbox 423 3473 745 3551; x_wconf 78' lang='grc' dir='ltr'>ἀφείλαντο</span> <span class='ocrx_word' id='word_1_279' title='bbox 796 3483 852 3556; x_wconf 91' lang='grc'>9,</span> <span class='ocrx_word' id='word_1_280' title='bbox 897 3482 998 3558; x_wconf 88' lang='grc'>12,</span> <span class='ocrx_word' id='word_1_281' title='bbox 1040 3481 1095 3554; x_wconf 93' lang='grc'>1,</span> <span class='ocrx_word' id='word_1_282' title='bbox 1142 3478 1371 3541; x_wconf 75' lang='grc' dir='ltr'>εἵλαντο</span> <span class='ocrx_word' id='word_1_283' title='bbox 1423 3481 1524 3556; x_wconf 93' lang='grc'>10,</span> <span class='ocrx_word' id='word_1_284' title='bbox 1574 3482 1674 3554; x_wconf 90' lang='grc'>19,</span> <span class='ocrx_word' id='word_1_285' title='bbox 1724 3480 1782 3556; x_wconf 93' lang='grc'>3,</span> <span class='ocrx_word' id='word_1_286' title='bbox 1828 3473 2208 3539; x_wconf 78' lang='grc' dir='ltr'>ἕπανείλαντο</span> <span class='ocrx_word' id='word_1_287' title='bbox 2248 3480 2351 3550; x_wconf 65' lang='grc'>31,</span> 
     </span>
    </p>
   </div>
  </div>
 </body>
</html>
