2569 4061
421 220 551 286 162
791 283 798 291 ,
1078 216 1386 274 DIODORI
1422 216 1658 274 SICULI

349 404 380 452 5
420 389 601 452 σθαι.
679 382 803 464 τὴν
847 376 970 464 μὲν
1015 381 1142 464 γὰρ
1183 377 1510 465 Ὀσίριδος
1553 379 1822 462 τελετὴν
1866 387 1945 464 τῇ
1987 382 2340 445 Διονύσου

416 489 541 570 τὴν
585 487 797 571 αὐτὴν
841 481 1035 568 εἶναι,
1082 486 1205 568 τὴν
1253 481 1328 551 δὲ
1371 492 1487 566 τῆς
1524 483 1772 564 Ἴσιδος
1819 493 1900 569 τῇ
1945 493 2062 568 τῆς
2106 489 2340 570 Δήμηφ

416 616 573 679 τρος
635 592 1032 677 ὁμοιοτάτην
1095 591 1448 676 ὑπάρχειν,
1510 601 1646 658 τῶν
1706 590 2056 674 ὀνομάτων
2111 594 2338 676 μόνων

417 697 952 783 ἐνηλλαγμένων·
1004 698 1123 774 τὰς
1178 693 1252 763 δὲ
1305 708 1442 762 τῶν
1486 696 1748 780 ἀσεβῶν
1803 696 1878 762 ἐν
1923 695 2097 783 ᾅδου
2139 720 2331 782 τιμω·

418 808 566 891 ρίας
611 804 721 871 καὶ
765 808 924 882 τοὺς
966 814 1101 869 τῶν
1136 802 1434 885 εὐσεβῶν
1474 808 1802 889 λειμῶνας
1844 802 1955 869 καὶ
1999 805 2116 881 τὰς
2159 806 2337 889 παρὰ
2363 820 2391 862 5

416 921 558 988 τοῖς
601 916 873 987 πολλοῖς
918 910 1379 985 εἰδωλοποιίας
1433 908 2021 993 ἀναπεπλασμένας
2068 926 2337 992 παρεισ-

419 1026 695 1101 αγαγεῖν
749 1016 1207 1100 μιμησάμενον
1253 1017 1334 1080 τὰ
1387 1017 1707 1100 γινόμενα
1759 1016 1912 1102 περὶ
1964 1018 2081 1093 τὰς
2123 1018 2339 1101 ταφὰς

350 1146 381 1194 6
417 1125 534 1200 τὰς
569 1119 707 1190 κατ’
743 1127 1107 1204 Αἴγυπτον.
1180 1123 1300 1187 τὸν
1327 1118 1450 1205 μὲν
1476 1123 1603 1207 γὰρ
1630 1124 2073 1206 ψυχοπομπὸν
2090 1119 2339 1207 Ἑρμῆν

417 1228 583 1296 κατὰ
636 1229 712 1293 τὸ
765 1229 1051 1294 παλαιὸν
1102 1230 1392 1311 νόμιμον
1446 1225 1600 1311 παρ’
1643 1231 2039 1311 Αἰγυπτίοις
2093 1228 2339 1311 ἀναγαν-

418 1336 623 1416 γόντα
676 1335 750 1400 τὸ
812 1342 932 1398 τοῦ
979 1332 1256 1411 ’Ἀπιδος
1312 1345 1499 1419 σῶμα
1562 1333 1750 1420 μέχρι
1804 1337 1986 1411 τινὸς
2039 1336 2316 1420 παραδι-
2346 1355 2446 1407 108

420 1442 614 1508 δόναι
657 1447 748 1528 τῷ
784 1437 1215 1529 περικειμένῳ
1259 1441 1384 1523 τὴν
1421 1449 1542 1505 τοῦ
1579 1439 1924 1526 Κερβέρου
1968 1443 2335 1526 προτομήν.
2370 1479 2418 1516 11

418 1555 541 1611 τοῦ
615 1540 675 1611 δ’
742 1544 1042 1642 Ὀρφέως
1093 1555 1302 1627 ,τοῦτο
1373 1546 1880 1626 καταδείξαντος
1951 1548 2129 1632 παρὰ
2190 1558 2340 1624 ,τοῖς

405 1650 679 1738 Ἕλλησι
721 1655 842 1720 τὸν
870 1651 1165 1739 Ὅμηρον
1212 1653 1603 1730 ἀκολούθως
1646 1654 1862 1742 τούτω
1907 1660 2134 1720 θεῖναι
2178 1654 2342 1718 κατὰ

419 1761 543 1844 τὴν
588 1761 859 1842 ποίησιν

500 1898 740 1986 Ἑρμῆς
786 1896 860 1965 δὲ
904 1901 1121 1984 ψυχὰς
1165 1896 1543 1985 Κυλλήνιος
1589 1899 1950 1979 ἐξεκαλεῖτο
2364 1882 2420 1974 15⁶

511 2007 780 2093 ἀνδρῶν
825 2008 1253 2094 μνηστήρων,
1311 2008 1416 2092 ἔχε
1465 2003 1537 2073 δὲ
1585 2006 1840 2093 ῥάβδον
1886 2007 2046 2091 μετὰ
2090 2008 2334 2093 χερσίν.

422 2129 562 2199 εἶτα
605 2134 806 2198 πάλιν
849 2132 1193 2216 ὑποβάντα
1240 2129 1459 2215 λέγειν

508 2258 641 2342 πὰρ
680 2254 742 2320 δ’
780 2263 933 2321 ἴσαν
953 2250 1270 2321 Ὠκεανοῦ
1306 2279 1375 2321 τε
1405 2255 1565 2342 ῥοὰς
1590 2253 1702 2320 καὶ
1730 2257 2042 2321 Λευκάδα
2070 2255 2336 2341 πέτρην,

512 2358 633 2444 ἠδὲ
677 2358 832 2447 παρ’
880 2355 1165 2425 Ἠελίοιο
1212 2361 1426 2436 πύλας
1469 2358 1580 2424 καὶ
1627 2361 1845 2444 δῆμον
1885 2359 2196 2447 Ὀνείρων

507 2467 733 2547 ἤισαν·
788 2461 951 2544 αἶψα
1009 2463 1068 2529 δ’
1122 2467 1348 2530 ἵκοντο
1403 2463 1546 2531 κατ’
1599 2465 1979 2549 ἀσφοδελὸν
2025 2471 2333 2552 λειμῶνα,
2364 2501 2417 2541 20

510 2572 679 2634 ἔνθα
723 2593 793 2635 τε
838 2573 1107 2636 ναίουσι
1151 2574 1380 2656 ψυχαί,
1427 2572 1669 2635 εἴδωλα
1713 2573 2080 2656 καμόντων.

353 2736 381 2785 7
413 2709 730 2779 Ὠκεανὸν
775 2707 897 2795 μὲν
942 2704 1067 2777 οὖν
1110 2717 1340 2779 καλεῖν
1383 2714 1503 2786 τὸν
1547 2713 1845 2796 ποταμὸν
1891 2712 2003 2777 διὰ
2057 2713 2133 2779 τὸ
2177 2717 2338 2791 τοὺς

418 2818 828 2900 Αἰγυπτίους
854 2819 1018 2882 κατὰ
1043 2819 1168 2901 τὴν
1197 2819 1378 2884 ἰδίαν
1407 2819 1752 2885 διάλεκτον
1773 2815 2089 2889 Ὠκεανὸν
2117 2817 2336 2903 λέγειν

419 2926 539 2992 τὸν
584 2926 856 3006 Νεῖλον,
903 2920 1142 2989 ἹΙλίου
1201 2922 1275 2990 δὲ
1329 2925 1544 3002 πύλας
1597 2925 1721 3007 τὴν
1776 2926 1973 2991 πόλιν
2026 2926 2149 3010 τὴν
2202 2937 2337 2991 τῶν

411 3030 922 3114 “Ηλιοπολιτῶν,
980 3035 1269 3115 λειμῶνα
1328 3027 1388 3097 δ’
1441 3032 1809 3115 ὀνομάζειν,
1863 3032 1986 3115 τὴν
2040 3036 2335 3115 μυθολο-
2366 3065 2417 3106 25

565 3196 593 3243 1
631 3187 722 3259 τῇ]
760 3187 856 3241 καὶ
893 3183 997 3312 τὴΙν
1036 3189 1084 3242 D
1247 3193 1280 3240 3
1320 3184 1498 3256 μόνον
1534 3188 1686 3259 vulg.
1846 3195 1879 3242 4
1917 3185 2008 3259 δὲ]
2046 3188 2146 3242 καὶ
2180 3189 2334 3258 vulg.

423 3267 450 3315 7
490 3254 765 3330 γινόμενα
803 3274 911 3314 om.
981 3259 1004 3312 Ι
1177 3263 1244 3312 10
1280 3259 1382 3314 τοῦ
1407 3254 1632 3321 ’Ἄπιδος
1667 3254 1730 3315 τὸ
1769 3259 1921 3328 vulg.
2097 3264 2164 3313 16
2201 3279 2336 3329 μνη-

421 3328 661 3401 στήρων]
699 3326 899 3397 ἡρώων
939 3329 1045 3384 OF
1168 3334 1234 3384 17
1272 3327 1565 3401 προβάντα
1604 3329 1709 3384 OF
1822 3336 1888 3385 18
1926 3326 2041 3398 πάρ
2079 3325 2138 3383 δ’
2181 3329 2335 3400 ἴσαν]

420 3402 641 3480 uagom&
680 3416 917 3481 σπεισαν
955 3400 1004 3454 D
1142 3404 1211 3455 24
1247 3397 1352 3469 τὴν
1391 3401 1527 3482 τῶν]
1566 3402 1676 3455 τῶν
1715 3401 1866 3470 vulg.
2004 3395 2170 3483 2523’
2213 3396 2336 3454 ὀνο·

422 3471 618 3529 μάζειν
656 3469 969 3540 Emhstadss,
1006 3468 1071 3525 δὲ
1110 3473 1358 3541 νομίζειν
1395 3471 1615 3527 codloes
1739 3467 1868 3543 τὴν]
1907 3471 2006 3526 καὶ
2041 3490 2144 3539 την
2183 3470 2335 3540 vulg.

2564 1699 2569 1780 1
