2569 4061
382 293 515 360 322
1044 291 1354 348 DIODORI
1390 290 1630 348 SICULI

384 456 876 542 ὑπομνημάτων
910 452 1347 539 ἐξειληφότες,
1382 455 1465 520 τὰ
1492 450 1569 520 δὲ
1594 455 1773 540 παρὰ
1799 464 1934 520 τῶν
1962 452 2316 521 αὐτοπτῶν

263 612 272 623 ,
314 586 349 635 2
384 559 807 646 πεπυσμένοι.
897 569 1096 627 τοῦτο
1155 563 1283 647 γὰρ
1342 562 1419 627 τὸ
1478 557 1678 647 μέρος
1738 568 1855 644 τῆς
1918 559 2316 645 οἰκουμένης

382 668 495 735 καὶ
537 671 614 736 τὸ
651 668 805 756 περὶ
839 670 957 746 τὰς
992 669 1434 754 Βρεττανικὰς
1468 671 1720 752 νήσους
1754 665 1865 734 καὶ
1900 669 2023 752 τὴν
2060 669 2310 754 ἄρκτον

381 777 617 860 ἥκιστα
669 775 1009 843 πέπτωκεν
1061 775 1194 842 ὑπὸ
1251 776 1376 859 τὴν
1432 776 1671 859 κοινὴν
1728 774 2112 859 ἀνθρώπων
2174 775 2313 841 ἐπί-

379 899 651 966 γνωσιν.
743 882 912 947 ἀλλὰ
964 879 1117 968 περὶ
1170 876 1294 965 μὲν
1336 890 1473 945 τῶν
1516 881 1684 965 πρὸς
1727 881 1974 965 ἄρκτον
2017 879 2313 965 κεκλιμέ-
2340 898 2369 939 ε

381 1013 524 1056 νων
552 999 773 1076 μερῶν
807 997 923 1072 τῆς
960 985 1354 1072 οἰκουμένης
1379 996 1515 1052 τῶν
1551 989 2026 1052 συναπτόντων
2062 996 2142 1072 τῇ
2178 988 2293 1053 διὰ
2310 1007 2423 1058 205

383 1106 597 1182 ψῦχος
650 1095 934 1183 ἀοικήτῳ
983 1091 1293 1178 διέξιμεν,
1340 1094 1502 1159 ὅταν
1552 1093 1670 1170 τὰς
1714 1096 1929 1159 Γαΐου
1972 1097 2313 1180 Καίσαρος

317 1226 348 1273 3
385 1203 652 1289 πράξεις
686 1199 1208 1286 ἀναγράφωμεν·
1245 1194 1441 1277 οὗτος
1475 1201 1605 1285 γὰρ
1640 1201 1766 1283 τὴν
1790 1197 2130 1285 Ῥωμαίων
2163 1200 2316 1284 ἡγε-

386 1310 630 1393 μονίαν
682 1307 778 1384 εἰς
832 1305 1054 1372 ἐκεῖνα
1106 1306 1188 1372 τὰ
1241 1304 1407 1393 μέρη
1453 1307 1855 1393 πορρωτάτω
1901 1308 2315 1393 προβιβάσας

386 1414 601 1479 πάντα
663 1413 784 1478 τὸν
845 1414 1173 1499 πρότερον
1235 1412 1695 1498 ἀγνοούμενον
1765 1416 1973 1479 τόπον
2045 1412 2315 1497 ἐποίησε
2344 1430 2397 1472 1⁰

317 1543 349 1590 4
386 1528 613 1585 πεσεῖν
658 1520 754 1597 εἰς
800 1519 1115 1599 σύνταξιν
1161 1519 1480 1605 ἱστορίας·
1536 1519 1575 1585 ὁ
1622 1516 1698 1585 δὲ
1742 1522 2315 1606 προσαγορευόμε-

386 1649 505 1704 νος
546 1624 851 1713 ’Λράβιος
893 1628 1140 1704 κόλπος
1184 1625 1635 1710 ἀνεστόμωται
1679 1622 1801 1709 μὲν
1848 1628 1943 1702 εἰς
1986 1628 2107 1692 τὸν
2149 1626 2314 1692 κατὰ

388 1735 802 1820 μεσημβρίαν
871 1736 1179 1817 κείμενον
1251 1731 1577 1815 ὠκεανόν,
1649 1740 1742 1820 τῷ
1814 1735 2006 1817 μήκει
2070 1731 2131 1797 δ’
2204 1732 2314 1798 ἐπὶ

387 1843 678 1917 πολλοὺς
739 1840 919 1906 πάνυ
975 1842 1295 1926 παρήκων
1351 1840 1663 1915 σταδίους
1725 1840 1845 1903 τὸν
1906 1840 2118 1922 μυχὸν
2178 1840 2315 1921 ἔχει

387 1948 928 2034 περιοριζόμενον
962 1956 1106 2022 ταῖς
1143 1944 1472 2029 ἐσχατιαῖς
1496 1952 1615 2028 τῆς
1642 1942 1951 2030 Ἀραβίας
1983 1941 2093 2010 καὶ
2126 1947 2308 2029 Τρω-
2339 1960 2395 2003 1⁵

389 2054 801 2137 γλοδυτικῆς.
894 2046 1088 2138 εὖρος
1143 2048 1217 2117 δὲ
1272 2053 1440 2116 κατὰ
1495 2047 1617 2136 μὲν
1660 2053 1737 2116 τὸ
1785 2055 1995 2137 στόμα
2036 2049 2147 2117 καὶ
2190 2052 2311 2117 τὸν

391 2161 604 2244 μυχὸν
664 2159 947 2246 ὑπάρχει
1006 2156 1159 2245 περὶ
1221 2156 1567 2224 ἑκκαίδεκα
1631 2157 1982 2241 σταδίους,
2044 2158 2171 2224 ἀπὸ
2236 2155 2311 2223 δὲ

393 2268 762 2353 Πανόρμου
806 2263 1071 2351 λιμένος
1114 2267 1281 2351 πρὸς
1325 2266 1450 2348 τὴν
1494 2262 1847 2350 ἀντιπέρας
1882 2265 2163 2351 ἤπειρον
2197 2289 2314 2349 μα·-

390 2382 553 2459 κρόις
596 2374 764 2448 νεὼς
809 2374 1104 2457 διωγμὸν
1147 2372 1525 2457 ἡμερήσιον.
1596 2372 1674 2436 τὸ
1715 2368 1790 2436 δὲ
1826 2369 2140 2456 μέγιστόν
2177 2370 2314 2436 ἐστι

391 2479 720 2563 διάστημα
784 2480 950 2544 κατὰ
1011 2479 1085 2543 τὸ
1159 2479 1492 2563 Τύρκαιον
1556 2480 1715 2564 ὄρος
1775 2476 1888 2543 καὶ
1950 2479 2312 2562 Μακαρίαν
2339 2494 2393 2537 20

389 2591 601 2666 νῆσον
645 2586 989 2666 πελαγίαν,
1035 2585 1124 2660 ὡς
1168 2582 1253 2648 ἂν
1297 2595 1432 2649 τῶν
1466 2584 1764 2670 ἠπείρων
1799 2585 1923 2669 οὐχ
1960 2583 2317 2670 ὁρωμένων

321 2711 354 2758 5
392 2683 500 2754 ἀπ’
535 2688 859 2773 ἀλλήλων.
932 2689 1061 2754 ἀπὸ
1099 2685 1174 2754 δὲ
1217 2690 1463 2756 τούτου
1509 2691 1585 2756 τὸ
1631 2691 1879 2767 πλάτος
1924 2689 2028 2757 ἀεὶ
2064 2695 2316 2776 μᾶλλον

392 2796 805 2878 συγκλείεται
848 2791 961 2859 καὶ
1004 2795 1126 2878 τὴν
1171 2797 1571 2880 συναγωγὴν
1617 2798 1751 2881 ἔχει
1786 2795 1977 2883 μέχρι
2012 2806 2134 2864 τοῦ
2167 2800 2317 2861 στό-

393 2924 611 2986 ματος.
686 2901 725 2967 ὁ
762 2898 837 2967 δὲ
871 2902 1258 2988 παράπλους
1295 2903 1503 2968 αὐτοῦ
1537 2904 1705 2969 κατὰ
1749 2906 2040 2981 πολλοὺς
2073 2905 2318 2981 τόπους

392 3011 526 3094 ἔχει
550 3012 802 3093 νήσους
828 3009 1099 3095 μακράς,
1129 3011 1402 3086 στενοὺς
1428 3005 1551 3094 μὲν
1580 3010 1991 3095 διαδρόμους
2018 3009 2315 3093 ἐχούσας,
2343 3024 2397 3068 25

394 3115 562 3201 ῥοῦν
609 3112 684 3181 δὲ
728 3120 943 3183 πολὺν
986 3114 1098 3181 καὶ
1144 3117 1465 3202 σφοδρόν.
1538 3115 1581 3199 ἡ
1627 3112 1750 3201 μὲν
1788 3111 1915 3183 οὖν
1952 3117 2318 3201 κεφαλαιώ-

396 3223 517 3304 δης
586 3230 708 3288 τοῦ
780 3224 1033 3287 κόλπου
1104 3223 1347 3287 τούτου
1419 3219 1613 3300 θέσις
1681 3222 1963 3309 ὑπάρχει
2025 3222 2318 3305 τοιαύτη.

575 3414 641 3464 1¹¹1
697 3407 813 3465 ἀπὸ
861 3409 1014 3466 δὲ-
1034 3418 1103 3466 22
1152 3408 1403 3480 ἀλλήλων
1452 3429 1562 3468 om.
1601 3414 1701 3467 AD
1874 3419 1943 3469 20
2002 3409 2221 3481 Τυρκαι
2225 3414 2318 3497 ον]

400 3475 687 3563 Ταυρικόν
715 3481 970 3546 f.of.41‚
1003 3487 1031 3535 1
1178 3484 1491 3550 Μακαρίαν
1529 3480 1911 3553 δυσπελάγιω
1948 3482 2015 3551 G,
2052 3487 2214 3551 Μαρι
2195 3478 2316 3537 coiv-

395 3545 497 3606 δης
532 3544 769 3614 πελάγιο
739 3568 805 3603 ον
840 3551 906 3618 Ε,
943 3553 1181 3618 Μαρίαν
1219 3554 1605 3621 δυσπελαγίαν
1646 3552 1774 3625 0F3
1816 3570 1958 3608 corr.
1997 3554 2210 3609 Stroth.
