2569 4061
1033 421 1060 474 Ι
1098 428 1183 477 29.
1214 429 1302 479 30.
1430 397 1451 424 ²
2053 426 2140 489 49

211 584 596 671 τελματώδη
634 584 715 648 τὰ
759 588 1392 670 προσαγορευόμενα
1429 587 1771 672 Βάραθρα.
1838 589 1978 652 ἔστι
2012 589 2141 673 γὰρ

216 691 341 757 ἀνὰ
395 689 607 777 μέσον
660 698 777 775 τῆς
828 695 1086 776 Κοίλης
1138 695 1398 778 Συρίας
1459 691 1571 757 καὶ
1622 701 1740 777 τῆς
1793 694 2143 778 Αἰγύπτου

215 800 413 882 λίμνη
459 806 551 885 τῷ
597 793 721 881 μὲν
765 799 998 864 πλάτει
1045 799 1241 882 στενὴ
1282 802 1640 881 παντελῶς,
1686 807 1776 886 τῷ
1825 795 1897 864 δὲ
1943 801 2143 883 βάθει

215 904 625 988 θαυμάσιος,
669 905 745 968 τὸ
794 900 870 969 δὲ
913 912 1124 989 μῆκος
1170 903 1277 970 ἐπὶ
1325 904 1710 981 διακοσίους
1752 908 2141 989 παρήκουσα

164 1027 192 1068 5
219 1010 552 1093 σταδίους,
597 1009 640 1093 ἣ
686 1010 1254 1095 προσαγορεύεται
1300 1006 1423 1095 μὲν
1468 1011 1845 1096 Σερβωνίς,
1891 1020 2030 1086 τοῖς
2076 1008 2136 1075 δ’

216 1114 512 1200 ἀπείροις
556 1125 692 1181 τῶν
731 1119 1326 1203 προσπελαζόντων
1372 1115 1810 1193 ἀνελπίστους
1848 1113 2144 1200 ἐπιφέρει

214 1223 592 1299 κινδύνους.
682 1232 921 1288 στενοῦ
985 1223 1114 1307 γὰρ
1186 1231 1309 1288 τοῦ
1382 1223 1709 1309 ῥεύματος
1774 1223 1968 1298 ὄντος
2033 1219 2145 1286 καὶ
2183 1246 2214 1294 5

213 1331 435 1415 ταινίᾳ
470 1331 961 1415 παραπλησίου,
1007 1335 1227 1396 θινῶν
1263 1353 1334 1394 τε
1371 1331 1679 1415 μεγάλων
1714 1330 1930 1414 πάντῃ
1964 1348 2147 1412 περι-

212 1434 618 1520 κεχυμένων,
664 1434 935 1500 ἐπειδὰν
980 1437 1167 1500 νότοι
1213 1446 1511 1520 συνεχεῖς
1556 1437 1961 1518 πνεύσωσιν,
2009 1434 2145 1500 ἐπι·

134 1559 188 1599 10
216 1544 460 1607 σείεται
501 1546 762 1625 πλῆθος
806 1542 1046 1627 ἅμμου.
1121 1541 1289 1625 αὕτη
1337 1539 1411 1606 δὲ
1454 1544 1531 1608 τὸ
1578 1539 1703 1626 μὲν
1746 1541 1934 1628 ὕδωρ
1978 1544 2144 1607 κατὰ
2181 1567 2213 1613 6

213 1649 338 1731 τὴν
393 1646 791 1731 ἐπιφάνειαν
845 1648 1107 1730 ἄσημον
1161 1658 1372 1730 ποιεῖ,
1425 1650 1544 1714 τὸν
1608 1645 1682 1713 δὲ
1735 1657 1851 1732 τῆς
1909 1652 2145 1733 λίμνης

213 1755 430 1819 τύπον
470 1759 748 1835 συμφυῆ
783 1759 863 1835 τῇ
899 1750 1118 1840 χέρσῳ
1154 1750 1266 1817 καὶ
1300 1755 1465 1818 κατὰ
1500 1763 1634 1819 πᾶν
1671 1754 2142 1838 ἀδιάγνωστον.

216 1857 328 1922 διὸ
374 1855 486 1922 καὶ
540 1855 778 1922 πολλοὶ
821 1851 958 1923 τῶν
1016 1857 1446 1941 ἀγνοούντων
1498 1860 1621 1944 τὴν
1677 1861 1970 1946 ἰδιότητα
2024 1870 2145 1926 τοῦ

212 1966 427 2030 τόπου
479 1964 644 2048 μετὰ
696 1965 1204 2052 στρατευμάτων
1260 1966 1439 2032 ὅλων
1493 1966 1973 2052 ἠφανίσθησαν
2029 1976 2146 2052 τῆς

132 2090 185 2131 15
211 2070 652 2157 ὑποκειμένης
695 2071 862 2139 ὁδοῦ
910 2075 1397 2160 διαμαρτόντες.
1489 2074 1532 2158 ἡ
1578 2071 1703 2159 μὲν
1756 2077 1885 2160 γὰρ
1932 2076 2146 2160 ἅμμος
2185 2096 2215 2144 7

214 2178 289 2244 ἐκ
340 2188 461 2244 τοῦ
524 2172 665 2245 κατ’
728 2179 960 2262 ὀλίγον
1022 2180 1407 2266 πατουμένη
1465 2181 1590 2265 τὴν
1654 2182 1925 2247 ἔνδοσιν
1984 2187 2145 2267 λαμ-

213 2286 434 2369 βάνει,
481 2283 593 2351 καὶ
647 2286 803 2361 τοὺς
858 2284 1340 2368 ἐπιβάλλοντας
1395 2286 1616 2369 ὥσπερ
1672 2289 1960 2372 προνοίᾳ
2013 2287 2147 2353 τινὶ

214 2400 476 2480 πονηρᾷ
555 2392 1081 2477 παρακρούεται,
1156 2388 1348 2475 μέχρι
1429 2388 1515 2455 ἂν
1589 2392 1751 2457 ὅτου
1833 2394 2148 2475 λαβόντες

212 2496 543 2564 ὑπόνοιαν
596 2506 719 2563 τοῦ
777 2496 1303 2582 σωμβησομένου
1361 2499 1800 2581 βοηθήσωσιν
1865 2497 2142 2584 ἑαυτοῖς,

133 2622 187 2661 2⁰
217 2603 342 2668 οὐκ
394 2604 605 2686 οὔσης
656 2605 751 2668 ἔτι
806 2612 1025 2688 φυγῆς
1082 2599 1241 2670 οὐδὲ
1297 2606 1640 2691 σωτηρίας.
1733 2604 1769 2670 ὁ
1823 2608 1953 2691 γὰρ
2011 2607 2142 2675 ὑπὸ
2180 2628 2212 2678 8

212 2718 338 2775 τοῦ
372 2708 689 2794 τέλματος
724 2712 1249 2794 καταπινόμενος
1287 2711 1440 2776 οὔτε
1477 2714 1804 2796 νήχεσθαι
1841 2714 2143 2800 δύναται,

213 2814 754 2902 παραιρουμένης
787 2824 905 2899 τῆς
952 2817 1142 2894 ἰλύος
1185 2819 1310 2902 τὴν
1348 2826 1471 2883 τοῦ
1516 2819 1821 2902 σώματος
1855 2822 2142 2905 κίνησιν,

216 2919 357 2987 οὔτ’
410 2921 686 3006 ἐκβῆναι
728 2924 1088 3007 κατισχύει,
1136 2919 1348 3007 μηδὲν
1397 2925 1568 3008 ἔχων
1614 2923 2004 3011 στερέμνιον
2049 2929 2145 3005 εἰς

214 3028 547 3112 ἐπίβασιν·
609 3027 1012 3113 μεμιγμένης
1066 3029 1192 3115 γὰρ
1247 3036 1365 3112 τῆς
1417 3030 1642 3114 ἅμμου
1694 3041 1834 3109 τοῖς
1885 3032 2141 3118 ὑγροῖς,

130 3152 185 3192 25
212 3132 326 3215 καὶ
382 3135 495 3200 διὰ
550 3144 750 3200 τοῦτο
804 3142 921 3217 τῆς
975 3133 1304 3221 ἑκατέρων
1357 3137 1624 3221 φύσεως
1671 3137 2141 3223 ἠλλοιωμένης,

105 3262 176 3311 36
215 3243 570 3326 συμβαίνει
642 3241 763 3306 τὸν
824 3244 1031 3307 τόπον
1104 3243 1264 3325 μήτε
1339 3244 1666 3327 πορευτὸν
1739 3240 1912 3310 εἶναι
1982 3246 2142 3326 μήτε

213 3348 495 3412 πλωτόν.
571 3348 804 3428 διόπερ
841 3347 913 3413 οἰ
942 3357 1083 3426 τοῖς
1119 3346 1348 3434 μέρεσι
1382 3348 1645 3424 τούτοις
1683 3347 2143 3432 ἐπιβάλλοντες
2180 3363 2212 3410 9

213 3456 582 3538 φερόμενοι
661 3453 827 3538 πρὸς
896 3455 1016 3519 τὸν
1088 3454 1315 3538 βυθὸν
1397 3453 1720 3537 οὐδεμίαν
1793 3452 2145 3533 ἀντίληψιν

364 3615 430 3664 12
477 3606 655 3665 τόπον
695 3607 800 3664 OF
940 3615 1005 3664 17
1056 3606 1150 3666 ἐπι
1190 3609 1458 3671 αίνοντας
1495 3606 1676 3661 Cobet
1810 3612 1878 3660 27
1917 3599 2146 3674 ἐπιβάλ-

214 3681 435 3752 λοντες]
465 3680 562 3735 καὶ
599 3678 933 3747 πελάζοντες
969 3681 1100 3737 add.
1194 3721 1207 3734 .

325 3778 581 3821 Dtononus
609 3779 648 3819 1.
1795 3761 1829 3808 4
