2569 4061
16 165 26 208 ἵ

1097 323 1122 376 1
1160 329 1244 379 95.
1286 329 1370 379 96.
2045 324 2167 389 161

248 490 375 571 τὴν
422 484 543 571 μὲν
589 482 714 551 οὖν
750 487 987 569 κοινὴν
1022 489 1438 569 νομοθεσίαν
1475 489 2009 572 συντελεσθῆναί
2045 511 2172 572 φα·
2211 510 2242 558 6

249 609 366 659 σιν
411 592 541 657 ὑπὸ
586 603 721 657 τῶν
766 589 1135 676 εἰρημένων
1181 591 1481 677 ἀνδρῶν,
1536 590 1646 657 καὶ
1701 592 1896 676 δόξης
1947 602 2174 678 τυχεῖν

252 707 374 782 τῆς
411 696 886 783 διαδεδομένης
920 698 1099 784 παρὰ
1133 707 1273 775 τοῖς
1311 699 1564 773 ἄλλοις·
1603 696 1676 762 ἐν
1705 694 1778 762 δὲ
1815 710 1953 775 τοῖς
1987 700 2174 765 ὕστε-

257 829 384 892 ρον
420 807 685 889 χρόνοις
719 806 931 869 πολλὰ
975 814 1111 869 τῶν
1154 808 1371 880 καλῶς
1415 805 1591 888 ἔχειν
1638 804 2021 868 δοκούντων
2064 829 2176 870 νο-

199 929 231 971 5
260 914 481 995 μίμων
542 909 708 995 φασὶ
771 916 1163 995 κινηθῆναι,
1223 911 1644 975 Μακεδόνων
1708 903 2180 994 ἐπικρατησάν-

260 1040 396 1082 των
440 1015 550 1082 καὶ
596 1018 1111 1082 καταλυσάντων
1154 1014 1472 1093 εἰς’τέλος
1506 1016 1630 1099 τὴν
1664 1019 2012 1099 βασιλείαν
2046 1026 2181 1080 τῶν

260 1123 613 1210 ἐγχωρίων.

444 1230 720 1294 Τούτων
784 1225 845 1292 δ’
897 1228 1059 1313 ἡμῖν
1115 1226 1680 1314 διευκρινημένων
1739 1226 1977 1315 ῥητέον
2033 1228 2182 1294 ὅσοι
2203 1229 2289 1294 96

258 1345 394 1399 τῶν
457 1329 612 1420 παρ’
666 1332 942 1418 Ἕλλησι
1009 1332 1511 1416 δεδοξασμένων
1573 1333 1680 1400 ἐπὶ
1744 1335 2010 1401 συνέσει
2072 1333 2182 1401 καὶ

166 1461 223 1500 10
249 1441 527 1526 παιδείᾳ
588 1439 970 1525 παρέβαλον
1026 1440 1121 1516 εἰς
1164 1444 1508 1521 Αἴγυπτον
1565 1441 1639 1506 έν
1691 1452 1832 1519 τοῖς
1888 1441 2184 1529 ἀρχαίοις

261 1548 553 1632 χρόνοις,
600 1545 713 1609 ’ἵνα
748 1555 884 1609 τῶν
920 1543 1216 1609 ἐνταῦθα
1251 1548 1554 1629 νομίμων
1589 1545 1698 1611 καὶ
1734 1555 1850 1630 τῆς
1885 1549 2185 1624 παιδείας

264 1651 697 1733 μετάσχωσιν.
743 1650 845 1720 ,οἰ
882 1651 1010 1734 γὰρ
1058 1650 1255 1735 ίερεῖς
1299 1661 1434 1716 τῶν
1459 1653 1849 1733 Αἰγυπτίων
1888 1653 2188 1738 ἰστοροῦ-
2227 1673 2259 1720 2

265 1769 382 1819 σιν
429 1753 503 1818 έκ
546 1765 681 1820 τῶν
726 1754 1137 1842 ἀναγραφῶν
1190 1767 1327 1821 τῶν
1373 1756 1447 1821 ἐν
1491 1767 1636 1834 ταῖς
1685 1758 1892 1843 ίεραῖς
1934 1760 2192 1840 βίβλοις

264 1864 681 1946 παραβαλεῖν
724 1863 890 1948 πρὸς
936 1859 1214 1939 ἑαυτοὺς
1259 1864 1335 1927 τὸ
1371 1864 1659 1928 παλαιὸν
1689 1860 1931 1949 Ὀρφέα
1966 1886 2037 1927 τε
2081 1860 2194 1927 καὶ

166 1984 237 2028 -ι5
264 1971 625 2034 Μουσαῖον
679 1966 790 2034 καὶ
834 1969 1255 2052 Μελάμποδα
1309 1967 1421 2035 καὶ
1465 1970 1843 2053 Δαίδαλον,
1898 1969 2065 2056 πρὸς
2121 1965 2196 2034 δὲ

269 2076 530 2152 τούτοις
551 2073 856 2161 .”ομηρόν
893 2099 962 2140 τε
997 2076 1117 2141 τὸν
1151 2077 1436 2160 ποιητὴν
1480 2075 1593 2141 καὶ
1630 2080 2031 2163 Λυκοῦργον
2077 2076 2194 2141 τὸν

270 2183 720 2268 Σπαρτιάτην,
759 2184 855 2246 ἔτι
893 2179 1282 2247 δὲ-Σόλωνα
1318 2182 1440 2246 τὸν
1469 2179 1832 2265 Ἀθηναῖον
1869 2179 1978 2247 καὶ
2012 2183 2196 2246 Πλά-

269 2309 447 2353 τωνα
508 2290 629 2354 τὸν
692 2290 1104 2373 φιλόσοφον,
1170 2286 1398 2352 ἐλθεῖν
1465 2283 1538 2352 δὲ
1601 2286 1712 2352 καὶ
1774 2291 2195 2374 Πυθαγόραν

270 2395 389 2459 τὸν
432 2396 698 2479 Σάμιον
742 2392 854 2458 καὶ
906 2394 1027 2458 τὸν
1072 2394 1538 2477 μαθηματικὸν
1584 2393 1920 2477 Εὔδοξον,
1976 2396 2074 2459 ἔτι
2121 2390 2195 2460 δὲ

193 2517 247 2556 20
273 2502 698 2582 Δημόκριτον
733 2500 854 2564 τὸν
875 2497 1271 2585 Ἀβδηρίτην
1307 2497 1417 2564 καὶ
1448 2500 1819 2583 Οἰνοπίδην
1856 2501 1974 2565 τὸν
2004 2504 2190 2566 Χῖον.

271 2604 540 2669 πάντων
577 2602 651 2670 δὲ
694 2606 951 2670 τούτων
989 2614 1226 2689 σημεῖα
1265 2606 1651 2670 δεικνύουσι
1686 2616 1821 2670 τῶν
1857 2602 1978 2690 μὲν
2024 2609 2192 2673 εἰκό-
2229 2628 2260 2676 3

267 2734 412 2792 νας,
459 2721 593 2775 τῶν
640 2708 714 2776 δὲ
760 2714 982 2776 τόπων
1026 2710 1068 2794 ’ἢ
1114 2711 1754 2795 κατασκευασμάτων
1799 2711 2194 2797 ὁμωνύμους

269 2819 741 2901 προσηγορίας,
788 2818 861 2881 ἔκ
896 2839 966 2881 τε
1004 2823 1120 2899 τῆς
1155 2814 1404 2905 ἑκάστω
1450 2819 1857 2901 ζηλωθείσης
1891 2820 2195 2896 παιδείας

269 2920 638 2999 ἀποδείξεις
665 2920 973 3008 φέρουσι,
1011 2923 1440 3000 συνιστάντες
1467 2922 1533 3001 ἐξ
1550 2925 1900 3006 Αἰγύπτου
1927 2947 2194 3009 μετενη-

192 3043 245 3084 25
270 3025 510 3110 νέχθαι
563 3028 778 3093 πάντα
834 3025 923 3093 δι’
978 3023 1075 3094 ὧν
1118 3030 1297 3115 παρὰ
1351 3036 1492 3106 τοῖς
1529 3027 1845 3113 Ἕλλησιν
1899 3028 2195 3110 ἐθαυμά-

272 3138 554 3217 σθησαν.
642 3130 887 3219 Ὀρφέα
950 3131 1072 3218 μὲν
1134 3136 1263 3219 γὰρ
1328 3146 1464 3200 τῶν
1518 3146 1854 3219 μυστικῶν
1913 3138 2194 3198 τελετῶν
2231 3155 2265 3201 4

270 3239 348 3302 τὰ
393 3244 671 3304 πλεῖστα
717 3237 829 3304 καὶ
874 3241 955 3304 τὰ
998 3238 1150 3326 περὶ
1204 3243 1328 3333 τὴν
1375 3239 1618 3306 ἑαυτοῦ
1661 3242 1924 3321 πλάνην
1971 3238 2194 3322 ὀργια-

271 3347 508 3429 ζόμενα
553 3343 665 3410 καὶ
711 3347 835 3430 τὴν
869 3356 1005 3412 τῶν
1041 3346 1116 3412 ἐν
1162 3344 1336 3434 ᾅδου
1382 3348 1793 3430 μυθοποιίαν
1839 3340 2195 3422 ἀπενέγκα-

414 3506 479 3555 11
518 3501 618 3570 τῆς
655 3517 763 3558 om.
800 3501 953 3590 vulg.
1140 3508 1207 3556 14
1254 3498 1469 3561 αὐτοὺς
1517 3499 1669 3568 vulg.
1849 3493 1912 3550 τὸ
1949 3489 2194 3549 παλαιὸν

272 3586 378 3627 om.
417 3570 472 3624 H
615 3577 684 3626 22
725 3569 1039 3643 ὁμωνυμων
1076 3573 1125 3627 D
1271 3577 1343 3626 24
1380 3569 1819 3640 μετενηνοχέναι
1854 3567 2006 3635 vulg.

376 3667 417 3706 D
420 3679 630 3711 nnnnnnn
659 3671 697 3713 1.
1810 3659 1871 3705 11
