<?xml version="1.0" encoding="UTF-8"?>
<!DOCTYPE html PUBLIC "-//W3C//DTD XHTML 1.0 Transitional//EN"
    "http://www.w3.org/TR/xhtml1/DTD/xhtml1-transitional.dtd">
<html xmlns="http://www.w3.org/1999/xhtml" xml:lang="en" lang="en">
 <head>
  <title>
</title>
<meta http-equiv="Content-Type" content="text/html;charset=utf-8" />
  <meta name='ocr-system' content='tesseract 3.04.00' />
  <meta name='ocr-capabilities' content='ocr_page ocr_carea ocr_par ocr_line ocrx_word'/>
</head>
<body>
  <div class='ocr_page' id='page_1' title='image "./diodoribiblioth02dindgoog/diodoribiblioth02dindgoog_0087.png"; bbox 0 0 2569 4061; ppageno 0'>
   <div class='ocr_carea' id='block_1_1' title="bbox 849 314 2224 374">
    <p class='ocr_par' dir='ltr' id='par_1_1' title="bbox 849 314 2224 374">
     <span class='ocr_line' id='line_1_1' title="bbox 849 314 2224 374; baseline 0.003 -4"><span class='ocrx_word' id='word_1_1' title='bbox 849 314 1378 373; x_wconf 85' lang='lat' dir='ltr'>ARGUMENTUM</span> <span class='ocrx_word' id='word_1_2' title='bbox 1413 316 1549 372; x_wconf 88' lang='lat' dir='ltr'>LIB.</span> <span class='ocrx_word' id='word_1_3' title='bbox 1587 316 1658 373; x_wconf 92' lang='lat' dir='ltr'>II.</span> <span class='ocrx_word' id='word_1_4' title='bbox 1942 315 2224 374; x_wconf 86' lang='lat' dir='ltr'>LXXXIII</span> 
     </span>
    </p>
   </div>
   <div class='ocr_carea' id='block_1_2' title="bbox 10 432 2291 3595">
    <p class='ocr_par' dir='ltr' id='par_1_2' title="bbox 293 432 404 482">
     <span class='ocr_line' id='line_1_2' title="bbox 293 432 404 482; baseline 0 -8"><span class='ocrx_word' id='word_1_5' title='bbox 293 432 404 482; x_wconf 81' lang='lat' dir='ltr'>Gap.</span> 
     </span>
    </p>

    <p class='ocr_par' dir='ltr' id='par_1_3' title="bbox 291 492 2217 644">
     <span class='ocr_line' id='line_1_3' title="bbox 291 492 2217 566; baseline 0.002 -18"><span class='ocrx_word' id='word_1_6' title='bbox 291 499 378 549; x_wconf 84' lang='lat'>40.</span> <span class='ocrx_word' id='word_1_7' title='bbox 416 497 503 547; x_wconf 86' lang='lat'>41.</span> <span class='ocrx_word' id='word_1_8' title='bbox 542 492 745 564; x_wconf 85' lang='lat' dir='ltr'>Populi</span> <span class='ocrx_word' id='word_1_9' title='bbox 771 493 829 548; x_wconf 93' lang='lat' dir='ltr'>in</span> <span class='ocrx_word' id='word_1_10' title='bbox 848 492 1011 548; x_wconf 86' lang='lat' dir='ltr'>India</span> <span class='ocrx_word' id='word_1_11' title='bbox 1038 493 1263 549; x_wconf 83' lang='lat' dir='ltr'>ordines</span> <span class='ocrx_word' id='word_1_12' title='bbox 1281 497 1522 564; x_wconf 88' lang='lat' dir='ltr'>septem:</span> <span class='ocrx_word' id='word_1_13' title='bbox 1550 494 1896 566; x_wconf 82' lang='lat' dir='ltr'><strong>philosophi,</strong></span> <span class='ocrx_word' id='word_1_14' title='bbox 1919 496 2217 566; x_wconf 75' lang='lat' dir='ltr'>agricolae,</span> 
     </span>
     <span class='ocr_line' id='line_1_4' title="bbox 471 571 1909 644; baseline 0.003 -16"><span class='ocrx_word' id='word_1_15' title='bbox 471 576 742 644; x_wconf 88' lang='lat' dir='ltr'>pastores,</span> <span class='ocrx_word' id='word_1_16' title='bbox 780 574 1043 642; x_wconf 86' lang='lat' dir='ltr'>artifices,</span> <span class='ocrx_word' id='word_1_17' title='bbox 1080 571 1314 644; x_wconf 82' lang='lat' dir='ltr'>milites,</span> <span class='ocrx_word' id='word_1_18' title='bbox 1351 575 1565 644; x_wconf 90' lang='lat' dir='ltr'>ephori,</span> <span class='ocrx_word' id='word_1_19' title='bbox 1604 578 1909 633; x_wconf 89' lang='lat' dir='ltr'>senatores.</span> 
     </span>
    </p>

    <p class='ocr_par' dir='ltr' id='par_1_4' title="bbox 292 651 1970 724">
     <span class='ocr_line' id='line_1_5' title="bbox 292 651 1970 724; baseline 0.003 -16"><span class='ocrx_word' id='word_1_20' title='bbox 292 659 383 708; x_wconf 83' lang='lat'>42.</span> <span class='ocrx_word' id='word_1_21' title='bbox 421 652 728 722; x_wconf 74' lang='lat' dir='ltr'>Elephanti</span> <span class='ocrx_word' id='word_1_22' title='bbox 764 652 958 708; x_wconf 85' lang='lat' dir='ltr'>Indici.</span> <span class='ocrx_word' id='word_1_23' title='bbox 1030 651 1396 707; x_wconf 87' lang='lat' dir='ltr'>Advenarum</span> <span class='ocrx_word' id='word_1_24' title='bbox 1432 654 1734 724; x_wconf 87' lang='lat' dir='ltr'>peculiaris</span> <span class='ocrx_word' id='word_1_25' title='bbox 1769 656 1970 713; x_wconf 87' lang='lat' dir='ltr'>tutela.</span> 
     </span>
    </p>

    <p class='ocr_par' dir='ltr' id='par_1_5' title="bbox 288 731 2224 1043">
     <span class='ocr_line' id='line_1_6' title="bbox 288 731 2221 804; baseline 0.003 -17"><span class='ocrx_word' id='word_1_26' title='bbox 288 739 378 788; x_wconf 82' lang='lat'>43.</span> <span class='ocrx_word' id='word_1_27' title='bbox 418 731 754 802; x_wconf 77' lang='lat' dir='ltr'><strong>Scytharum</strong></span> <span class='ocrx_word' id='word_1_28' title='bbox 771 731 1027 788; x_wconf 88' lang='lat' dir='ltr'>historia.</span> <span class='ocrx_word' id='word_1_29' title='bbox 1063 731 1233 788; x_wconf 89' lang='lat' dir='ltr'>Initio</span> <span class='ocrx_word' id='word_1_30' title='bbox 1253 748 1393 803; x_wconf 88' lang='lat' dir='ltr'>gens</span> <span class='ocrx_word' id='word_1_31' title='bbox 1414 733 1527 789; x_wconf 86' lang='lat' dir='ltr'>fuit</span> <span class='ocrx_word' id='word_1_32' title='bbox 1542 735 1848 804; x_wconf 86' lang='lat' dir='ltr'>perexigua</span> <span class='ocrx_word' id='word_1_33' title='bbox 1868 737 1942 790; x_wconf 88' lang='lat' dir='ltr'>ad</span> <span class='ocrx_word' id='word_1_34' title='bbox 1959 736 2221 793; x_wconf 89' lang='lat' dir='ltr'>Araxem.</span> 
     </span>
     <span class='ocr_line' id='line_1_7' title="bbox 471 811 2221 887; baseline 0.003 -20"><span class='ocrx_word' id='word_1_35' title='bbox 471 811 822 868; x_wconf 82' lang='lat' dir='ltr'>Clarissimus</span> <span class='ocrx_word' id='word_1_36' title='bbox 867 828 1061 868; x_wconf 89' lang='lat' dir='ltr'>eorum</span> <span class='ocrx_word' id='word_1_37' title='bbox 1105 829 1204 868; x_wconf 87' lang='lat' dir='ltr'>rex</span> <span class='ocrx_word' id='word_1_38' title='bbox 1251 813 1488 884; x_wconf 88' lang='lat' dir='ltr'>Scytha,</span> <span class='ocrx_word' id='word_1_39' title='bbox 1534 814 1669 868; x_wconf 86' lang='lat' dir='ltr'>Iove</span> <span class='ocrx_word' id='word_1_40' title='bbox 1716 815 1901 869; x_wconf 88' lang='lat' dir='ltr'>natus.</span> <span class='ocrx_word' id='word_1_41' title='bbox 1976 816 2221 887; x_wconf 87' lang='lat' dir='ltr'>Scythae</span> 
     </span>
     <span class='ocr_line' id='line_1_8' title="bbox 471 890 2224 965; baseline 0.003 -19"><span class='ocrx_word' id='word_1_42' title='bbox 471 891 575 946; x_wconf 86' lang='lat' dir='ltr'>filii</span> <span class='ocrx_word' id='word_1_43' title='bbox 612 893 785 948; x_wconf 89' lang='lat' dir='ltr'>Patus</span> <span class='ocrx_word' id='word_1_44' title='bbox 827 893 887 948; x_wconf 90' lang='lat' dir='ltr'>et</span> <span class='ocrx_word' id='word_1_45' title='bbox 912 890 1120 963; x_wconf 81' lang='lat' dir='ltr'>Napes.</span> <span class='ocrx_word' id='word_1_46' title='bbox 1195 892 1334 949; x_wconf 89' lang='lat' dir='ltr'>Inde</span> <span class='ocrx_word' id='word_1_47' title='bbox 1372 892 1484 950; x_wconf 91' lang='lat' dir='ltr'>orti</span> <span class='ocrx_word' id='word_1_48' title='bbox 1511 891 1640 947; x_wconf 88' lang='lat' dir='ltr'>Pali</span> <span class='ocrx_word' id='word_1_49' title='bbox 1676 895 1734 948; x_wconf 88' lang='lat' dir='ltr'>et</span> <span class='ocrx_word' id='word_1_50' title='bbox 1768 891 1990 962; x_wconf 87' lang='lat' dir='ltr'>Napae;</span> <span class='ocrx_word' id='word_1_51' title='bbox 2031 894 2224 965; x_wconf 87' lang='lat' dir='ltr'>Sacae,</span> 
     </span>
     <span class='ocr_line' id='line_1_9' title="bbox 467 971 2221 1043; baseline 0.003 -17"><span class='ocrx_word' id='word_1_52' title='bbox 467 972 837 1043; x_wconf 88' lang='lat' dir='ltr'>Massagetae,</span> <span class='ocrx_word' id='word_1_53' title='bbox 874 971 1177 1043; x_wconf 81' lang='lat' dir='ltr'>Arimaspi.</span> <span class='ocrx_word' id='word_1_54' title='bbox 1246 972 1612 1029; x_wconf 78' lang='lat' dir='ltr'><strong>Sauromatae</strong></span> <span class='ocrx_word' id='word_1_55' title='bbox 1652 971 1944 1043; x_wconf 72' lang='lat' dir='ltr'>Scythiam</span> <span class='ocrx_word' id='word_1_56' title='bbox 1980 976 2221 1032; x_wconf 84' lang='lat' dir='ltr'>vastant.</span> 
     </span>
    </p>

    <p class='ocr_par' dir='ltr' id='par_1_6' title="bbox 289 1051 1927 1123">
     <span class='ocr_line' id='line_1_10' title="bbox 289 1051 1927 1123; baseline 0.001 -16"><span class='ocrx_word' id='word_1_57' title='bbox 289 1058 380 1107; x_wconf 83' lang='lat'>44.</span> <span class='ocrx_word' id='word_1_58' title='bbox 418 1051 723 1121; x_wconf 88' lang='lat' dir='ltr'>Anarchia‚</span> <span class='ocrx_word' id='word_1_59' title='bbox 761 1052 965 1109; x_wconf 90' lang='lat' dir='ltr'>deinde</span> <span class='ocrx_word' id='word_1_60' title='bbox 1002 1054 1440 1123; x_wconf 88' lang='lat' dir='ltr'>gynaecocratia</span> <span class='ocrx_word' id='word_1_61' title='bbox 1477 1054 1630 1123; x_wconf 92' lang='lat' dir='ltr'>apud</span> <span class='ocrx_word' id='word_1_62' title='bbox 1669 1052 1927 1122; x_wconf 75' lang='lat' dir='ltr'>Scythas.</span> 
     </span>
    </p>

    <p class='ocr_par' dir='ltr' id='par_1_7' title="bbox 286 1132 2222 1364">
     <span class='ocr_line' id='line_1_11' title="bbox 286 1132 2222 1204; baseline 0.001 -17"><span class='ocrx_word' id='word_1_63' title='bbox 286 1137 375 1189; x_wconf 84' lang='lat'>45.</span> <span class='ocrx_word' id='word_1_64' title='bbox 416 1133 764 1188; x_wconf 86' lang='lat' dir='ltr'>Amazonum</span> <span class='ocrx_word' id='word_1_65' title='bbox 812 1133 972 1204; x_wconf 88' lang='lat' dir='ltr'>origo</span> <span class='ocrx_word' id='word_1_66' title='bbox 1019 1133 1080 1188; x_wconf 89' lang='lat' dir='ltr'>et</span> <span class='ocrx_word' id='word_1_67' title='bbox 1123 1132 1308 1203; x_wconf 90' lang='lat' dir='ltr'>prima</span> <span class='ocrx_word' id='word_1_68' title='bbox 1350 1134 1564 1204; x_wconf 89' lang='lat' dir='ltr'>regina.</span> <span class='ocrx_word' id='word_1_69' title='bbox 1640 1134 2010 1204; x_wconf 89' lang='lat' dir='ltr'>Themiscyra</span> <span class='ocrx_word' id='word_1_70' title='bbox 2053 1133 2222 1188; x_wconf 89' lang='lat' dir='ltr'>Ama·</span> 
     </span>
     <span class='ocr_line' id='line_1_12' title="bbox 469 1212 2221 1270; baseline -0.001 -2"><span class='ocrx_word' id='word_1_71' title='bbox 469 1231 670 1269; x_wconf 88' lang='lat' dir='ltr'>zonum</span> <span class='ocrx_word' id='word_1_72' title='bbox 716 1215 850 1268; x_wconf 90' lang='lat' dir='ltr'>urbs</span> <span class='ocrx_word' id='word_1_73' title='bbox 898 1212 973 1267; x_wconf 89' lang='lat' dir='ltr'>ad</span> <span class='ocrx_word' id='word_1_74' title='bbox 1022 1212 1171 1268; x_wconf 89' lang='lat' dir='ltr'>ostia</span> <span class='ocrx_word' id='word_1_75' title='bbox 1207 1213 1661 1269; x_wconf 73' lang='lat' dir='ltr'>Thermodontis.</span> <span class='ocrx_word' id='word_1_76' title='bbox 1734 1214 2085 1270; x_wconf 84' lang='lat' dir='ltr'>Amazonum</span> <span class='ocrx_word' id='word_1_77' title='bbox 2131 1230 2221 1268; x_wconf 90' lang='lat' dir='ltr'>res</span> 
     </span>
     <span class='ocr_line' id='line_1_13' title="bbox 464 1290 1347 1364; baseline -0.003 -16"><span class='ocrx_word' id='word_1_78' title='bbox 464 1292 691 1349; x_wconf 87' lang='lat' dir='ltr'>fortiter</span> <span class='ocrx_word' id='word_1_79' title='bbox 726 1294 922 1364; x_wconf 85' lang='lat' dir='ltr'>gestae</span> <span class='ocrx_word' id='word_1_80' title='bbox 961 1295 1020 1347; x_wconf 91' lang='lat' dir='ltr'>et</span> <span class='ocrx_word' id='word_1_81' title='bbox 1055 1290 1347 1348; x_wconf 89' lang='lat' dir='ltr'>victoriae.</span> 
     </span>
    </p>

    <p class='ocr_par' dir='ltr' id='par_1_8' title="bbox 279 1372 2221 1680">
     <span class='ocr_line' id='line_1_14' title="bbox 279 1372 2220 1444; baseline -0.001 -14"><span class='ocrx_word' id='word_1_82' title='bbox 279 1380 374 1430; x_wconf 86' lang='lat'>46.</span> <span class='ocrx_word' id='word_1_83' title='bbox 412 1372 763 1428; x_wconf 82' lang='lat' dir='ltr'>Amazonum</span> <span class='ocrx_word' id='word_1_84' title='bbox 799 1372 1046 1428; x_wconf 90' lang='lat' dir='ltr'>secunda</span> <span class='ocrx_word' id='word_1_85' title='bbox 1077 1372 1289 1441; x_wconf 78' lang='lat' dir='ltr'>regina</span> <span class='ocrx_word' id='word_1_86' title='bbox 1333 1388 1600 1442; x_wconf 87' lang='lat' dir='ltr'>magnam</span> <span class='ocrx_word' id='word_1_87' title='bbox 1638 1373 1810 1429; x_wconf 90' lang='lat' dir='ltr'>Asiae</span> <span class='ocrx_word' id='word_1_88' title='bbox 1855 1377 2076 1444; x_wconf 83' lang='lat' dir='ltr'>partem</span> <span class='ocrx_word' id='word_1_89' title='bbox 2125 1392 2220 1430; x_wconf 87' lang='lat' dir='ltr'>ex-</span> 
     </span>
     <span class='ocr_line' id='line_1_15' title="bbox 464 1450 2216 1525; baseline 0.001 -17"><span class='ocrx_word' id='word_1_90' title='bbox 464 1454 697 1525; x_wconf 87' lang='lat' dir='ltr'>pugnat.</span> <span class='ocrx_word' id='word_1_91' title='bbox 763 1451 1025 1507; x_wconf 88' lang='lat' dir='ltr'>Herculis</span> <span class='ocrx_word' id='word_1_92' title='bbox 1063 1451 1332 1506; x_wconf 86' lang='lat' dir='ltr'>adversus</span> <span class='ocrx_word' id='word_1_93' title='bbox 1368 1450 1677 1509; x_wconf 84' lang='lat' dir='ltr'>Amazones</span> <span class='ocrx_word' id='word_1_94' title='bbox 1713 1454 2013 1525; x_wconf 74' lang='lat' dir='ltr'>expeditio,</span> <span class='ocrx_word' id='word_1_95' title='bbox 2072 1456 2216 1510; x_wconf 89' lang='lat' dir='ltr'>Pau-</span> 
     </span>
     <span class='ocr_line' id='line_1_16' title="bbox 463 1529 2221 1591; baseline 0.002 -6"><span class='ocrx_word' id='word_1_96' title='bbox 463 1532 628 1588; x_wconf 91' lang='lat' dir='ltr'>latim</span> <span class='ocrx_word' id='word_1_97' title='bbox 668 1548 703 1583; x_wconf 87' lang='lat' dir='ltr'>a</span> <span class='ocrx_word' id='word_1_98' title='bbox 735 1530 938 1585; x_wconf 85' lang='lat' dir='ltr'>vicinis</span> <span class='ocrx_word' id='word_1_99' title='bbox 986 1529 1306 1585; x_wconf 81' lang='lat' dir='ltr'>debellatae</span> <span class='ocrx_word' id='word_1_100' title='bbox 1354 1532 1415 1584; x_wconf 90' lang='lat' dir='ltr'>et</span> <span class='ocrx_word' id='word_1_101' title='bbox 1460 1533 1788 1589; x_wconf 83' lang='lat' dir='ltr'>exstinctae.</span> <span class='ocrx_word' id='word_1_102' title='bbox 1862 1535 2221 1591; x_wconf 89' lang='lat' dir='ltr'>Penthesilea</span> 
     </span>
     <span class='ocr_line' id='line_1_17' title="bbox 468 1606 2063 1680; baseline 0.001 -14"><span class='ocrx_word' id='word_1_103' title='bbox 468 1612 675 1666; x_wconf 87' lang='lat' dir='ltr'>ultima</span> <span class='ocrx_word' id='word_1_104' title='bbox 709 1608 1059 1663; x_wconf 86' lang='lat' dir='ltr'>Amazonum</span> <span class='ocrx_word' id='word_1_105' title='bbox 1095 1606 1311 1679; x_wconf 89' lang='lat' dir='ltr'>regina,</span> <span class='ocrx_word' id='word_1_106' title='bbox 1347 1610 1604 1680; x_wconf 88' lang='lat' dir='ltr'>tempore</span> <span class='ocrx_word' id='word_1_107' title='bbox 1643 1612 1783 1667; x_wconf 90' lang='lat' dir='ltr'>belli</span> <span class='ocrx_word' id='word_1_108' title='bbox 1820 1613 2063 1669; x_wconf 85' lang='lat' dir='ltr'>Troiani.</span> 
     </span>
    </p>

    <p class='ocr_par' dir='ltr' id='par_1_9' title="bbox 282 1685 2291 1997">
     <span class='ocr_line' id='line_1_18' title="bbox 282 1685 2223 1760; baseline -0.001 -11"><span class='ocrx_word' id='word_1_109' title='bbox 282 1699 381 1749; x_wconf 81' lang='grc'>47.</span> <span class='ocrx_word' id='word_1_110' title='bbox 418 1688 791 1760; x_wconf 82' lang='lat' dir='ltr'>Hyperborei.</span> <span class='ocrx_word' id='word_1_111' title='bbox 849 1686 1057 1740; x_wconf 83' lang='lat' dir='ltr'>Terrae</span> <span class='ocrx_word' id='word_1_112' title='bbox 1087 1685 1227 1740; x_wconf 89' lang='lat' dir='ltr'>situs</span> <span class='ocrx_word' id='word_1_113' title='bbox 1265 1703 1336 1741; x_wconf 80' lang='lat' dir='ltr'>ex</span> <span class='ocrx_word' id='word_1_114' title='bbox 1361 1687 1669 1745; x_wconf 77' lang='lat' dir='ltr'>Hecataeo,</span> <span class='ocrx_word' id='word_1_115' title='bbox 1724 1690 1943 1747; x_wconf 88' lang='lat' dir='ltr'>Latona</span> <span class='ocrx_word' id='word_1_116' title='bbox 1975 1692 2060 1747; x_wconf 89' lang='lat' dir='ltr'>ibi</span> <span class='ocrx_word' id='word_1_117' title='bbox 2088 1694 2223 1748; x_wconf 88' lang='lat' dir='ltr'>nata</span> 
     </span>
     <span class='ocr_line' id='line_1_19' title="bbox 469 1764 2291 1838; baseline 0.002 -16"><span class='ocrx_word' id='word_1_118' title='bbox 469 1768 712 1836; x_wconf 86' lang='lat' dir='ltr'>ideoque</span> <span class='ocrx_word' id='word_1_119' title='bbox 758 1764 1040 1837; x_wconf 89' lang='lat' dir='ltr'>Apollinis</span> <span class='ocrx_word' id='word_1_120' title='bbox 1096 1765 1279 1821; x_wconf 88' lang='lat' dir='ltr'>cultus</span> <span class='ocrx_word' id='word_1_121' title='bbox 1327 1766 1684 1838; x_wconf 88' lang='lat' dir='ltr'>praecipuus.</span> <span class='ocrx_word' id='word_1_122' title='bbox 1760 1769 1987 1825; x_wconf 82' lang='lat' dir='ltr'>Graecis</span> <span class='ocrx_word' id='word_1_123' title='bbox 2035 1770 2218 1826; x_wconf 90' lang='lat' dir='ltr'>amici.</span> <span class='ocrx_word' id='word_1_124' title='bbox 2286 1793 2291 1796; x_wconf 20' lang='grc' dir='ltr'><strong>Α</strong></span> 
     </span>
     <span class='ocr_line' id='line_1_20' title="bbox 464 1843 2222 1920; baseline 0 -16"><span class='ocrx_word' id='word_1_125' title='bbox 464 1848 629 1904; x_wconf 89' lang='lat' dir='ltr'>Luna</span> <span class='ocrx_word' id='word_1_126' title='bbox 684 1845 820 1918; x_wconf 91' lang='lat' dir='ltr'>ipsis</span> <span class='ocrx_word' id='word_1_127' title='bbox 874 1843 1150 1916; x_wconf 87' lang='lat' dir='ltr'>proxima.</span> <span class='ocrx_word' id='word_1_128' title='bbox 1233 1846 1519 1917; x_wconf 82' lang='lat' dir='ltr'>Apollinis</span> <span class='ocrx_word' id='word_1_129' title='bbox 1576 1849 1885 1920; x_wconf 90' lang='lat' dir='ltr'>epiphania</span> <span class='ocrx_word' id='word_1_130' title='bbox 1937 1852 1996 1906; x_wconf 89' lang='lat' dir='ltr'>et</span> <span class='ocrx_word' id='word_1_131' title='bbox 2045 1867 2222 1905; x_wconf 88' lang='lat' dir='ltr'>annus</span> 
     </span>
     <span class='ocr_line' id='line_1_21' title="bbox 460 1924 1772 1997; baseline 0.001 -12"><span class='ocrx_word' id='word_1_132' title='bbox 460 1926 721 1985; x_wconf 89' lang='lat' dir='ltr'>Metonis.</span> <span class='ocrx_word' id='word_1_133' title='bbox 795 1924 1101 1997; x_wconf 87' lang='lat' dir='ltr'>Imperium</span> <span class='ocrx_word' id='word_1_134' title='bbox 1139 1928 1225 1982; x_wconf 89' lang='lat' dir='ltr'>est</span> <span class='ocrx_word' id='word_1_135' title='bbox 1259 1943 1437 1997; x_wconf 90' lang='lat' dir='ltr'>penes</span> <span class='ocrx_word' id='word_1_136' title='bbox 1473 1929 1772 1986; x_wconf 89' lang='lat' dir='ltr'>Boreadas.</span> 
     </span>
    </p>

    <p class='ocr_par' dir='ltr' id='par_1_10' title="bbox 280 2004 2215 2319">
     <span class='ocr_line' id='line_1_22' title="bbox 280 2004 2215 2081; baseline 0 -15"><span class='ocrx_word' id='word_1_137' title='bbox 280 2015 366 2069; x_wconf 88' lang='grc'>48.</span> <span class='ocrx_word' id='word_1_138' title='bbox 406 2010 641 2067; x_wconf 88' lang='lat' dir='ltr'>Arabes.</span> <span class='ocrx_word' id='word_1_139' title='bbox 678 2006 952 2081; x_wconf 84' lang='lat' dir='ltr'>Regionis</span> <span class='ocrx_word' id='word_1_140' title='bbox 973 2005 1131 2062; x_wconf 91' lang='lat' dir='ltr'>situs.</span> <span class='ocrx_word' id='word_1_141' title='bbox 1169 2004 1460 2064; x_wconf 90' lang='lat' dir='ltr'>Orientem</span> <span class='ocrx_word' id='word_1_142' title='bbox 1478 2025 1672 2065; x_wconf 85' lang='lat' dir='ltr'>versus</span> <span class='ocrx_word' id='word_1_143' title='bbox 1692 2007 1975 2066; x_wconf 88' lang='lat' dir='ltr'>Nabataei</span> <span class='ocrx_word' id='word_1_144' title='bbox 2002 2010 2215 2066; x_wconf 88' lang='lat' dir='ltr'>terram</span> 
     </span>
     <span class='ocr_line' id='line_1_23' title="bbox 460 2086 2213 2161; baseline -0.001 -15"><span class='ocrx_word' id='word_1_145' title='bbox 460 2091 711 2146; x_wconf 86' lang='lat' dir='ltr'>sterilem</span> <span class='ocrx_word' id='word_1_146' title='bbox 769 2086 1061 2159; x_wconf 89' lang='lat' dir='ltr'>(Arabiam</span> <span class='ocrx_word' id='word_1_147' title='bbox 1118 2086 1403 2143; x_wconf 85' lang='lat' dir='ltr'>desertam</span> <span class='ocrx_word' id='word_1_148' title='bbox 1459 2091 1519 2144; x_wconf 89' lang='lat' dir='ltr'>et</span> <span class='ocrx_word' id='word_1_149' title='bbox 1565 2089 1884 2161; x_wconf 83' lang='lat' dir='ltr'>Petraeam)</span> <span class='ocrx_word' id='word_1_150' title='bbox 1941 2090 2213 2161; x_wconf 89' lang='lat' dir='ltr'>incolunt,</span> 
     </span>
     <span class='ocr_line' id='line_1_24' title="bbox 460 2168 2214 2243; baseline 0.001 -19"><span class='ocrx_word' id='word_1_151' title='bbox 460 2186 601 2243; x_wconf 88' lang='lat' dir='ltr'>gens</span> <span class='ocrx_word' id='word_1_152' title='bbox 628 2168 909 2225; x_wconf 89' lang='lat' dir='ltr'>indomita</span> <span class='ocrx_word' id='word_1_153' title='bbox 928 2171 986 2224; x_wconf 88' lang='lat' dir='ltr'>et</span> <span class='ocrx_word' id='word_1_154' title='bbox 1012 2168 1329 2225; x_wconf 86' lang='lat' dir='ltr'>latrociniis</span> <span class='ocrx_word' id='word_1_155' title='bbox 1346 2168 1571 2224; x_wconf 87' lang='lat' dir='ltr'>nobilis.</span> <span class='ocrx_word' id='word_1_156' title='bbox 1610 2169 1782 2224; x_wconf 87' lang='lat' dir='ltr'>Petra</span> <span class='ocrx_word' id='word_1_157' title='bbox 1807 2169 2028 2240; x_wconf 87' lang='lat' dir='ltr'>ingens,</span> <span class='ocrx_word' id='word_1_158' title='bbox 2055 2172 2214 2226; x_wconf 89' lang='lat' dir='ltr'>lacus</span> 
     </span>
     <span class='ocr_line' id='line_1_25' title="bbox 461 2244 1699 2319; baseline -0.006 -14"><span class='ocrx_word' id='word_1_159' title='bbox 461 2249 818 2319; x_wconf 84' lang='lat' dir='ltr'>asphaltites,</span> <span class='ocrx_word' id='word_1_160' title='bbox 844 2248 1162 2303; x_wconf 89' lang='lat' dir='ltr'>balsamum</span> <span class='ocrx_word' id='word_1_161' title='bbox 1199 2249 1373 2318; x_wconf 89' lang='lat' dir='ltr'>stirps</span> <span class='ocrx_word' id='word_1_162' title='bbox 1409 2244 1699 2316; x_wconf 85' lang='lat' dir='ltr'>indigena.</span> 
     </span>
    </p>

    <p class='ocr_par' dir='ltr' id='par_1_11' title="bbox 281 2324 2212 2397">
     <span class='ocr_line' id='line_1_26' title="bbox 281 2324 2212 2397; baseline -0.003 -10"><span class='ocrx_word' id='word_1_163' title='bbox 281 2337 373 2387; x_wconf 85' lang='grc'>49.</span> <span class='ocrx_word' id='word_1_164' title='bbox 412 2326 629 2383; x_wconf 87' lang='lat' dir='ltr'>Arabia</span> <span class='ocrx_word' id='word_1_165' title='bbox 643 2326 795 2382; x_wconf 84' lang='lat' dir='ltr'>felix.</span> <span class='ocrx_word' id='word_1_166' title='bbox 826 2325 1038 2382; x_wconf 87' lang='lat' dir='ltr'>Odores</span> <span class='ocrx_word' id='word_1_167' title='bbox 1067 2328 1337 2383; x_wconf 85' lang='lat' dir='ltr'>exhalant</span> <span class='ocrx_word' id='word_1_168' title='bbox 1354 2324 1547 2382; x_wconf 87' lang='lat' dir='ltr'>variae</span> <span class='ocrx_word' id='word_1_169' title='bbox 1565 2326 1796 2396; x_wconf 79' lang='lat' dir='ltr'>plantae</span> <span class='ocrx_word' id='word_1_170' title='bbox 1815 2327 1876 2381; x_wconf 90' lang='lat' dir='ltr'>et</span> <span class='ocrx_word' id='word_1_171' title='bbox 1901 2327 2029 2397; x_wconf 90' lang='lat' dir='ltr'>ipsa</span> <span class='ocrx_word' id='word_1_172' title='bbox 2044 2328 2212 2382; x_wconf 89' lang='lat' dir='ltr'>terra.</span> 
     </span>
    </p>

    <p class='ocr_par' dir='ltr' id='par_1_12' title="bbox 286 2406 2212 2544">
     <span class='ocr_line' id='line_1_27' title="bbox 286 2406 2212 2476; baseline -0.001 -12"><span class='ocrx_word' id='word_1_173' title='bbox 286 2414 374 2464; x_wconf 90' lang='grc'>50.</span> <span class='ocrx_word' id='word_1_174' title='bbox 414 2408 629 2461; x_wconf 89' lang='lat' dir='ltr'>Aurum</span> <span class='ocrx_word' id='word_1_175' title='bbox 681 2423 911 2476; x_wconf 88' lang='lat' dir='ltr'>apyrum</span> <span class='ocrx_word' id='word_1_176' title='bbox 963 2406 1205 2463; x_wconf 87' lang='lat' dir='ltr'>Arabiae</span> <span class='ocrx_word' id='word_1_177' title='bbox 1257 2407 1456 2462; x_wconf 85' lang='lat' dir='ltr'>felicis.</span> <span class='ocrx_word' id='word_1_178' title='bbox 1530 2406 1804 2462; x_wconf 90' lang='lat' dir='ltr'>Pecorum</span> <span class='ocrx_word' id='word_1_179' title='bbox 1851 2407 2212 2463; x_wconf 89' lang='lat' dir='ltr'>abundantia.</span> 
     </span>
     <span class='ocr_line' id='line_1_28' title="bbox 467 2486 920 2544; baseline 0.004 -2"><span class='ocrx_word' id='word_1_180' title='bbox 467 2486 920 2544; x_wconf 74' lang='lat' dir='ltr'>struthocameli.</span> 
     </span>
    </p>

    <p class='ocr_par' dir='ltr' id='par_1_13' title="bbox 282 2565 2210 2637">
     <span class='ocr_line' id='line_1_29' title="bbox 282 2565 2210 2637; baseline 0.002 -14"><span class='ocrx_word' id='word_1_181' title='bbox 282 2574 369 2623; x_wconf 85' lang='lat'>51.</span> <span class='ocrx_word' id='word_1_182' title='bbox 410 2565 920 2637; x_wconf 86' lang='lat' dir='ltr'>Camelopardales,</span> <span class='ocrx_word' id='word_1_183' title='bbox 934 2566 1277 2637; x_wconf 83' lang='lat' dir='ltr'>tragelaphi,</span> <span class='ocrx_word' id='word_1_184' title='bbox 1296 2567 1510 2635; x_wconf 89' lang='lat' dir='ltr'>bubali,</span> <span class='ocrx_word' id='word_1_185' title='bbox 1531 2565 1677 2622; x_wconf 90' lang='lat' dir='ltr'>aliae</span> <span class='ocrx_word' id='word_1_186' title='bbox 1696 2566 1912 2623; x_wconf 89' lang='lat' dir='ltr'>bestiae</span> <span class='ocrx_word' id='word_1_187' title='bbox 1926 2567 2210 2627; x_wconf 86' lang='lat' dir='ltr'>biformes.</span> 
     </span>
    </p>

    <p class='ocr_par' dir='ltr' id='par_1_14' title="bbox 283 2645 2209 2797">
     <span class='ocr_line' id='line_1_30' title="bbox 283 2645 2208 2719; baseline -0.001 -15"><span class='ocrx_word' id='word_1_188' title='bbox 283 2653 367 2704; x_wconf 83' lang='lat'>52.</span> <span class='ocrx_word' id='word_1_189' title='bbox 406 2645 654 2719; x_wconf 88' lang='lat' dir='ltr'>Lapides</span> <span class='ocrx_word' id='word_1_190' title='bbox 682 2646 930 2701; x_wconf 86' lang='lat' dir='ltr'>Arabiae</span> <span class='ocrx_word' id='word_1_191' title='bbox 958 2645 1167 2701; x_wconf 85' lang='lat' dir='ltr'>felicis:</span> <span class='ocrx_word' id='word_1_192' title='bbox 1206 2646 1524 2716; x_wconf 82' lang='lat' dir='ltr'>crystallus,</span> <span class='ocrx_word' id='word_1_193' title='bbox 1563 2648 1911 2716; x_wconf 86' lang='lat' dir='ltr'>smaragdus,</span> <span class='ocrx_word' id='word_1_194' title='bbox 1949 2647 2208 2718; x_wconf 88' lang='lat' dir='ltr'>beryllia‚</span> 
     </span>
     <span class='ocr_line' id='line_1_31' title="bbox 458 2724 2209 2797; baseline 0 -14"><span class='ocrx_word' id='word_1_195' title='bbox 458 2725 811 2797; x_wconf 82' lang='lat' dir='ltr'>chrysolithi.</span> <span class='ocrx_word' id='word_1_196' title='bbox 877 2726 1025 2781; x_wconf 84' lang='lat' dir='ltr'>Aves</span> <span class='ocrx_word' id='word_1_197' title='bbox 1062 2726 1450 2782; x_wconf 84' lang='lat' dir='ltr'>versicolores.</span> <span class='ocrx_word' id='word_1_198' title='bbox 1524 2724 2008 2796; x_wconf 67' lang='lat' dir='ltr'>De‘generatione</span> <span class='ocrx_word' id='word_1_199' title='bbox 2042 2729 2209 2783; x_wconf 89' lang='lat' dir='ltr'>huius</span> 
     </span>
    </p>

    <p class='ocr_par' dir='ltr' id='par_1_15' title="bbox 10 2792 1656 2937">
     <span class='ocr_line' id='line_1_32' title="bbox 10 2792 1656 2937; baseline -0.002 -74"><span class='ocrx_word' id='word_1_200' title='bbox 10 2792 19 2937; x_wconf 46' lang='grc' dir='ltr'><em>ν</em></span> <span class='ocrx_word' id='word_1_201' title='bbox 459 2808 711 2864; x_wconf 87' lang='lat' dir='ltr'>colorum</span> <span class='ocrx_word' id='word_1_202' title='bbox 747 2804 1045 2862; x_wconf 86' lang='lat' dir='ltr'>varietatis</span> <span class='ocrx_word' id='word_1_203' title='bbox 1081 2822 1184 2876; x_wconf 88' lang='lat' dir='ltr'>per</span> <span class='ocrx_word' id='word_1_204' title='bbox 1221 2805 1356 2860; x_wconf 90' lang='lat' dir='ltr'>solis</span> <span class='ocrx_word' id='word_1_205' title='bbox 1393 2803 1656 2860; x_wconf 89' lang='lat' dir='ltr'>calorem.</span> 
     </span>
    </p>

    <p class='ocr_par' dir='ltr' id='par_1_16' title="bbox 279 2885 2206 2957">
     <span class='ocr_line' id='line_1_33' title="bbox 279 2885 2206 2957; baseline 0.001 -16"><span class='ocrx_word' id='word_1_206' title='bbox 279 2892 365 2945; x_wconf 84' lang='lat'>53.</span> <span class='ocrx_word' id='word_1_207' title='bbox 404 2888 568 2943; x_wconf 89' lang='lat' dir='ltr'>Aliae</span> <span class='ocrx_word' id='word_1_208' title='bbox 582 2886 961 2957; x_wconf 83' lang='lat' dir='ltr'>proprietates</span> <span class='ocrx_word' id='word_1_209' title='bbox 979 2901 1164 2940; x_wconf 88' lang='lat' dir='ltr'>rerum</span> <span class='ocrx_word' id='word_1_210' title='bbox 1186 2885 1544 2941; x_wconf 89' lang='lat' dir='ltr'>orientalium</span> <span class='ocrx_word' id='word_1_211' title='bbox 1566 2903 1601 2940; x_wconf 92' lang='lat' dir='ltr'>a</span> <span class='ocrx_word' id='word_1_212' title='bbox 1619 2885 1829 2941; x_wconf 90' lang='lat' dir='ltr'>maiore</span> <span class='ocrx_word' id='word_1_213' title='bbox 1849 2886 1984 2941; x_wconf 91' lang='lat' dir='ltr'>solis</span> <span class='ocrx_word' id='word_1_214' title='bbox 2006 2888 2206 2943; x_wconf 93' lang='lat' dir='ltr'>calore.</span> 
     </span>
    </p>

    <p class='ocr_par' dir='ltr' id='par_1_17' title="bbox 281 2963 2209 3196">
     <span class='ocr_line' id='line_1_34' title="bbox 281 2963 2209 3037; baseline -0.002 -13"><span class='ocrx_word' id='word_1_215' title='bbox 281 2973 366 3024; x_wconf 88' lang='grc'>54.</span> <span class='ocrx_word' id='word_1_216' title='bbox 403 2967 620 3024; x_wconf 91' lang='lat' dir='ltr'>Arabes</span> <span class='ocrx_word' id='word_1_217' title='bbox 658 2965 908 3021; x_wconf 86' lang='lat' dir='ltr'>scenitae</span> <span class='ocrx_word' id='word_1_218' title='bbox 957 2964 1076 3021; x_wconf 86' lang='lat' dir='ltr'>sive</span> <span class='ocrx_word' id='word_1_219' title='bbox 1112 2964 1377 3019; x_wconf 88' lang='lat' dir='ltr'>Pastores</span> <span class='ocrx_word' id='word_1_220' title='bbox 1425 2963 1718 3020; x_wconf 85' lang='lat' dir='ltr'>meridiem</span> <span class='ocrx_word' id='word_1_221' title='bbox 1763 2980 1974 3022; x_wconf 83' lang='lat' dir='ltr'>versus.</span> <span class='ocrx_word' id='word_1_222' title='bbox 2045 2967 2209 3037; x_wconf 85' lang='lat' dir='ltr'>Agri-</span> 
     </span>
     <span class='ocr_line' id='line_1_35' title="bbox 459 3042 2207 3116; baseline -0.001 -16"><span class='ocrx_word' id='word_1_223' title='bbox 459 3046 618 3102; x_wconf 90' lang='lat' dir='ltr'>colae</span> <span class='ocrx_word' id='word_1_224' title='bbox 669 3046 728 3100; x_wconf 89' lang='lat' dir='ltr'>et</span> <span class='ocrx_word' id='word_1_225' title='bbox 777 3043 1119 3099; x_wconf 85' lang='lat' dir='ltr'>mercatores</span> <span class='ocrx_word' id='word_1_226' title='bbox 1158 3042 1381 3114; x_wconf 87' lang='lat' dir='ltr'>Syriam</span> <span class='ocrx_word' id='word_1_227' title='bbox 1416 3060 1628 3099; x_wconf 87' lang='lat' dir='ltr'>versus.</span> <span class='ocrx_word' id='word_1_228' title='bbox 1702 3043 1833 3099; x_wconf 89' lang='lat' dir='ltr'>Alia</span> <span class='ocrx_word' id='word_1_229' title='bbox 1878 3063 2006 3116; x_wconf 89' lang='lat' dir='ltr'>pars</span> <span class='ocrx_word' id='word_1_230' title='bbox 2051 3061 2207 3101; x_wconf 90' lang='lat' dir='ltr'>mare</span> 
     </span>
     <span class='ocr_line' id='line_1_36' title="bbox 460 3121 2206 3196; baseline -0.005 -14"><span class='ocrx_word' id='word_1_231' title='bbox 460 3126 748 3196; x_wconf 90' lang='lat' dir='ltr'>attingens</span> <span class='ocrx_word' id='word_1_232' title='bbox 780 3123 869 3178; x_wconf 90' lang='lat' dir='ltr'>est</span> <span class='ocrx_word' id='word_1_233' title='bbox 895 3124 1184 3180; x_wconf 88' lang='lat' dir='ltr'>lacunosa.</span> <span class='ocrx_word' id='word_1_234' title='bbox 1220 3121 1493 3177; x_wconf 87' lang='lat' dir='ltr'>Abundat</span> <span class='ocrx_word' id='word_1_235' title='bbox 1524 3122 1843 3193; x_wconf 84' lang='lat' dir='ltr'>elephantis</span> <span class='ocrx_word' id='word_1_236' title='bbox 1872 3126 1931 3178; x_wconf 90' lang='lat' dir='ltr'>et</span> <span class='ocrx_word' id='word_1_237' title='bbox 1957 3122 2206 3179; x_wconf 89' lang='lat' dir='ltr'>camelis.</span> 
     </span>
    </p>

    <p class='ocr_par' dir='ltr' id='par_1_18' title="bbox 278 3198 2212 3354">
     <span class='ocr_line' id='line_1_37' title="bbox 278 3198 2212 3274; baseline -0.007 -12"><span class='ocrx_word' id='word_1_238' title='bbox 278 3211 362 3262; x_wconf 85' lang='grc'>55.</span> <span class='ocrx_word' id='word_1_239' title='bbox 401 3205 627 3260; x_wconf 90' lang='lat' dir='ltr'>Insulae</span> <span class='ocrx_word' id='word_1_240' title='bbox 672 3202 997 3274; x_wconf 83' lang='lat' dir='ltr'>incognitae</span> <span class='ocrx_word' id='word_1_241' title='bbox 1041 3204 1103 3258; x_wconf 90' lang='lat' dir='ltr'>in</span> <span class='ocrx_word' id='word_1_242' title='bbox 1148 3203 1373 3260; x_wconf 88' lang='lat' dir='ltr'>Oceano</span> <span class='ocrx_word' id='word_1_243' title='bbox 1428 3202 1785 3258; x_wconf 83' lang='lat' dir='ltr'>meridionali</span> <span class='ocrx_word' id='word_1_244' title='bbox 1830 3203 1902 3258; x_wconf 90' lang='lat' dir='ltr'>ab</span> <span class='ocrx_word' id='word_1_245' title='bbox 1948 3198 2212 3259; x_wconf 71' lang='lat' dir='ltr'>Iambulo¹</span> 
     </span>
     <span class='ocr_line' id='line_1_38' title="bbox 456 3274 2209 3354; baseline -0.007 -13"><span class='ocrx_word' id='word_1_246' title='bbox 456 3283 789 3354; x_wconf 88' lang='lat' dir='ltr'>descriptae.</span> <span class='ocrx_word' id='word_1_247' title='bbox 845 3283 1133 3340; x_wconf 89' lang='lat' dir='ltr'>Iambulus</span> <span class='ocrx_word' id='word_1_248' title='bbox 1162 3282 1235 3338; x_wconf 89' lang='lat' dir='ltr'>ab</span> <span class='ocrx_word' id='word_1_249' title='bbox 1255 3281 1630 3351; x_wconf 88' lang='lat' dir='ltr'>Aethiopibus</span> <span class='ocrx_word' id='word_1_250' title='bbox 1660 3283 1860 3352; x_wconf 87' lang='lat' dir='ltr'>captus</span> <span class='ocrx_word' id='word_1_251' title='bbox 1887 3298 1989 3350; x_wconf 92' lang='lat' dir='ltr'>pro</span> <span class='ocrx_word' id='word_1_252' title='bbox 2016 3274 2209 3333; x_wconf 86' lang='lat' dir='ltr'>hostia</span> 
     </span>
    </p>

    <p class='ocr_par' dir='ltr' id='par_1_19' title="bbox 11 3284 1429 3445">
     <span class='ocr_line' id='line_1_39' title="bbox 11 3284 1429 3445; baseline -0.005 -21"><span class='ocrx_word' id='word_1_253' title='bbox 11 3284 20 3445; x_wconf 30' lang='grc' dir='ltr'><strong><em>ᾦ</em></strong></span> <span class='ocrx_word' id='word_1_254' title='bbox 456 3365 531 3422; x_wconf 88' lang='lat' dir='ltr'>ad</span> <span class='ocrx_word' id='word_1_255' title='bbox 565 3362 812 3419; x_wconf 89' lang='lat' dir='ltr'>insulam</span> <span class='ocrx_word' id='word_1_256' title='bbox 847 3365 1077 3420; x_wconf 88' lang='lat' dir='ltr'>beatam</span> <span class='ocrx_word' id='word_1_257' title='bbox 1114 3362 1429 3430; x_wconf 84' lang='lat' dir='ltr'>ablegatur.</span> 
     </span>
    </p>

    <p class='ocr_par' dir='ltr' id='par_1_20' title="bbox 277 3430 2208 3510">
     <span class='ocr_line' id='line_1_40' title="bbox 277 3430 2208 3510; baseline -0.007 -7"><span class='ocrx_word' id='word_1_258' title='bbox 277 3453 362 3503; x_wconf 83' lang='lat'>56.</span> <span class='ocrx_word' id='word_1_259' title='bbox 402 3446 722 3502; x_wconf 87' lang='lat' dir='ltr'>Incolarum</span> <span class='ocrx_word' id='word_1_260' title='bbox 756 3442 924 3499; x_wconf 90' lang='lat' dir='ltr'>huius</span> <span class='ocrx_word' id='word_1_261' title='bbox 969 3441 1188 3498; x_wconf 88' lang='lat' dir='ltr'>insulae</span> <span class='ocrx_word' id='word_1_262' title='bbox 1236 3442 1480 3510; x_wconf 87' lang='lat' dir='ltr'>statura,</span> <span class='ocrx_word' id='word_1_263' title='bbox 1528 3438 1778 3510; x_wconf 90' lang='lat' dir='ltr'>corporis</span> <span class='ocrx_word' id='word_1_264' title='bbox 1814 3430 2208 3506; x_wconf 70' lang='lat' dir='ltr'>proprietates,</span> 
     </span>
    </p>

    <p class='ocr_par' dir='ltr' id='par_1_21' title="bbox 453 3504 2208 3595">
     <span class='ocr_line' id='line_1_41' title="bbox 453 3504 2208 3595; baseline -0.006 -16"><span class='ocrx_word' id='word_1_265' title='bbox 453 3524 652 3595; x_wconf 87' lang='lat' dir='ltr'>lingua</span> <span class='ocrx_word' id='word_1_266' title='bbox 688 3523 929 3594; x_wconf 89' lang='lat' dir='ltr'>gemina.</span> <span class='ocrx_word' id='word_1_267' title='bbox 986 3522 1143 3578; x_wconf 87' lang='lat' dir='ltr'>Caeli</span> <span class='ocrx_word' id='word_1_268' title='bbox 1167 3520 1472 3589; x_wconf 90' lang='lat' dir='ltr'>temperies</span> <span class='ocrx_word' id='word_1_269' title='bbox 1500 3518 1675 3586; x_wconf 83' lang='lat' dir='ltr'>mitis,</span> <span class='ocrx_word' id='word_1_270' title='bbox 1703 3517 1965 3572; x_wconf 90' lang='lat' dir='ltr'>arborum</span> <span class='ocrx_word' id='word_1_271' title='bbox 1991 3504 2208 3563; x_wconf 65' lang='lat' dir='ltr'>fruo‘fflss</span> 
     </span>
    </p>
   </div>
   <div class='ocr_carea' id='block_1_3' title="bbox 11 3605 1887 3737">
    <p class='ocr_par' dir='ltr' id='par_1_22' title="bbox 11 3594 1887 3737">
     <span class='ocr_line' id='line_1_42' title="bbox 11 3605 1887 3737; baseline 0 -78"><span class='ocrx_word' id='word_1_272' title='bbox 11 3606 14 3737; x_wconf 50' lang='lat'>&gt;</span> <span class='ocrx_word' id='word_1_273' title='bbox 456 3622 560 3675; x_wconf 90' lang='lat' dir='ltr'>per</span> <span class='ocrx_word' id='word_1_274' title='bbox 594 3605 777 3658; x_wconf 78' lang='lat' dir='ltr'>totum</span> <span class='ocrx_word' id='word_1_275' title='bbox 816 3620 1039 3659; x_wconf 89' lang='lat' dir='ltr'>annum.</span> <span class='ocrx_word' id='word_1_276' title='bbox 1827 3637 1887 3724; x_wconf 38' lang='grc' dir='ltr'>Γ,</span> 
     </span>
    </p>
   </div>
  </div>
 </body>
</html>
