2569 4061
344 308 478 373 438
1013 305 1321 363 DIODORI
1358 305 1588 362 SICULI

344 470 815 553 θολογούμενα
868 467 981 534 καὶ
1026 471 1106 534 τὰ
1151 467 1304 556 περὶ
1347 477 1469 535 τοῦ
1515 466 1754 553 γένους
1797 479 1935 534 τῶν
1970 466 2280 555 Ἑσπερί-

345 580 502 643 δων.
548 577 713 641 κατὰ
756 577 885 662 γὰρ
931 577 1056 660 τὴν
1082 573 1460 661 Ἑσπερῖτιν
1506 572 2001 660 ὀνομαζομένην
2044 576 2281 661 χώραν

344 681 555 766 φασὶν
619 681 955 768 ἀδελφοὺς
1019 683 1144 747 δύο
1207 680 1526 765 γενέσθαι
1591 680 1752 767 δόξῃ
1817 682 2281 767 διωνομασμέ-

341 811 526 872 νους,
557 786 888 876 Ἕσπερον
931 787 1042 854 καὶ
1071 786 1413 853 Ἄτλαντα.
1478 789 1760 865 τούτους
1797 784 1872 853 δὲ
1907 794 2275 871 κεκτῆσθαι

341 898 643 983 πρόβατα
687 905 780 985 τῷ
826 892 949 980 μὲν
993 896 1219 960 κάλλει
1257 894 1573 981 διάφορα,
1611 903 1691 979 τῇ
1730 890 1803 959 δὲ
1847 897 2016 981 χρόα
2054 894 2278 974 ξανθὰ
2311 916 2342 956 5

341 1001 455 1069 καὶ
500 1004 889 1091 χρυσοειδῆ·
936 996 1054 1084 ἀφ’
1095 995 1176 1084 ἧς
1220 1002 1434 1077 αἰτίας
1477 1004 1635 1077 τοὺς
1680 1002 1956 1084 ποιητὰς
1992 1002 2073 1065 τὰ
2117 1005 2274 1087 πρό-

343 1112 514 1193 βατα
563 1114 737 1194 μῆλα
790 1111 1159 1183 καλοῦντας
1213 1106 1544 1192 ὀνομάσαι
1597 1116 1813 1192 χρυσᾶ
1866 1111 2060 1191 μῆλα.
2151 1109 2275 1173 τὸν

339 1212 464 1299 μὲν
523 1210 648 1280 οὖν
686 1213 1016 1298 ’Ἕσπερον
1071 1210 1415 1296 θυγατέρα
1469 1217 1886 1297 γεννήσαντα
1938 1214 2063 1298 τὴν
2117 1213 2270 1278 ὀνο-

340 1318 713 1404 μαζομένην
756 1316 1114 1404 Ἑσπερίδα
1179 1323 1559 1385 συνοικίσαι
1612 1319 1954 1408 τάδελφῷ,
2012 1317 2127 1404 ἀφ’
2190 1314 2271 1402 ἧς

339 1424 464 1507 τὴν
498 1423 724 1508 χώραν
750 1421 1125 1512 Ἑσπερῖτιν
1163 1424 1654 1509 ὀνομασθῆναι’
1696 1426 1815 1490 τὸν
1854 1423 1913 1490 δ’
1944 1423 2273 1490 ’Ἀτλαντα
2306 1449 2367 1488 ιο

341 1528 412 1595 ἐκ
469 1530 713 1613 ταύτης
775 1528 936 1595 ἑπτὰ
989 1540 1309 1615 γεννῆσαι
1362 1530 1770 1617 θυγατέρας,
1827 1530 1906 1608 ἃς
1961 1530 2088 1596 ἀπὸ
2145 1526 2270 1614 μὲν

338 1645 463 1701 τοῦ
508 1637 757 1722 πατρὸς
795 1634 1250 1721 Ἀτλαντίδας,
1300 1637 1428 1702 ἀπὸ
1476 1633 1551 1702 δὲ
1596 1647 1713 1722 τῆς
1758 1639 2005 1723 μητρὸς
2040 1634 2274 1703 Ἑσπε-

342 1744 536 1829 ρίδας
598 1743 1079 1827 ὀνομασθῆναι.
1170 1744 1430 1810 τούτων
1497 1739 1572 1809 δὲ
1635 1754 1771 1809 τῶν
1826 1741 2272 1809 Ἀτλαντίδων

341 1851 568 1915 κάλλει
613 1848 724 1915 καὶ
771 1850 1180 1936 σωφροσύνῃ
1226 1852 1731 1937 διαφερουσῶν,
1778 1848 2051 1932 λέγουσι
2095 1852 2269 1914 Βού-

341 1971 524 2044 σιριν
566 1957 688 2021 τὸν
731 1954 1006 2040 βασιλέα
1050 1966 1185 2021 τῶν
1230 1958 1623 2040 Αἰγυπτίων
1679 1956 2087 2042 ἐπιθυμῆσαι
2128 1965 2266 2020 τῶν
2299 1981 2359 2020 15

339 2061 703 2150 παρθένων
757 2062 1037 2148 ἐγκρατῆ
1093 2062 1443 2148 γενέσθαι·
1509 2065 1615 2130 διὸ
1670 2063 1782 2129 καὶ
1835 2066 2079 2150 λῃστὰς
2132 2061 2260 2145 [ἐπ’

341 2170 571 2250 αὐτὰς]
610 2170 776 2236 κατὰ
810 2171 1153 2236 θάλατταν
1188 2170 1669 2236 ἀποστείλαντα
1706 2171 2269 2236 διακελεύσασθαι

340 2277 458 2352 τὰς
519 2278 723 2362 κόρας
787 2275 1079 2362 αρπάσαι
1141 2275 1253 2342 καὶ
1313 2278 1695 2362 διακομίσαι
1768 2278 1936 2362 πρὸς
2009 2275 2269 2342 εαυτόν.

341 2383 508 2447 κατα
554 2379 630 2448 δὲ
673 2391 917 2448 τοῦτον
961 2385 1081 2448 τὸν
1125 2384 1362 2469 καιρὸν
1414 2385 1533 2449 τὸν
1569 2381 1899 2469 Ηρακλέα
1942 2387 2269 2448 τελοῦντα

339 2490 460 2553 τὸν
521 2457 811 2554 ὕστατον
875 2483 1095 2554 ἆθλον
1152 2487 1459 2556 Ἀνταῖον
1525 2485 1647 2574 μὲν
1712 2488 1974 2555 ἀνελεῖν
2049 2488 2123 2554 ἐν
2185 2497 2268 2574 τῇ
2294 2520 2354 2560 20

341 2594 564 2678 Λιβύῃ
609 2595 728 2659 τὸν
784 2596 1370 2678 συναναγκάζοντα
1423 2598 1581 2672 τοὺς
1636 2594 1865 2673 ξένους
1921 2597 2268 2661 διαπαλαί-

339 2721 462 2779 ειν,
510 2698 836 2782 Βούσιριν
882 2694 956 2764 δὲ
1002 2699 1167 2763 κατὰ
1211 2699 1338 2782 τὴν
1382 2705 1733 2783 Αἴγυπτον
1777 2709 1869 2789 τῷ
1915 2699 2037 2764 Διὶ
2084 2702 2266 2780 [καλ-

340 2806 612 2888 λιερεῖν]
662 2805 1113 2887 σφαγιάζοντα
1162 2808 1322 2883 τοὺς
1365 2808 1988 2893 παρεπιδημοῦντας
2034 2805 2268 2884 ξένους

339 2919 456 2995 τῆς
526 2911 993 2998 προσηκούσης
1064 2915 1381 3000 τιμωρίας
1411 2912 1857 2992 καταξιῶσαι.
1966 2915 2129 2998 μετὰ
2192 2907 2266 2977 δὲ

340 3027 546 3084 ταῦτα
602 3018 730 3084 ἀνὰ
782 3020 904 3084 τὸν
959 3022 1213 3085 Νεῖλον
1265 3019 1644 3085 πλεύσαντα
1699 3020 1795 3096 εἰς
1847 3020 1970 3104 τὴν
2025 3020 2263 3083 Αὐθιο-
2291 3052 2348 3094 25

338 3128 501 3190 πίαν
563 3127 681 3191 τὸν
745 3126 1187 3208 βασιλεύοντα
1254 3136 1390 3191 τῶν
1455 3126 1813 3190 Αἰθιόπων
1869 3121 2266 3208 Ἠμαθίωνα

336 3275 819 3415 ρίδοι213ἕσπωίῖἕ)2
823 3278 1229 3438 ειξσπεςὸιίιξξῃῖ
1235 3282 1424 3419 (139ῗέ
1452 3279 1753 3438 σῦηέῗαὸὁὶοξα
1790 3280 1897 3406 II16
1947 3278 2262 3436 ἐθπξῦοῖέπξς

336 3431 444 3470 om.
483 3417 530 3468 D
627 3424 758 3473 192
763 3420 831 3473 ὸν
862 3417 965 3485 Ἡρ
970 3421 1008 3490 .]
1041 3417 1155 3489 Ηρ.
1196 3420 1348 3488 vulg.
1447 3426 1520 3476 20
1556 3415 1792 3488 ὕστερον
1828 3423 1980 3492 vulg.
2056 3429 2191 3476 211
2162 3418 2261 3475 τὸν

335 3498 441 3536 om
460 3487 633 3566 vulg.
763 3496 830 3543 22
869 3490 971 3562 τῷ]
1013 3442 1140 3545 §ule
1143 3492 1220 3563 τῷ
1257 3439 1465 3544 Rgeiske
1587 3495 1876 3561 καλλιερεῖ
1848 3513 1905 3546 ιν
1942 3492 2052 3550 del.
2093 3491 2253 3546 Dind.

336 3554 405 3601 24
441 3546 682 3615 ἀξιῶσαι
716 3558 782 3609 Π.
