2569 4061
919 414 944 466 1
982 419 1065 468 71.
1105 418 1189 468 72.
1887 416 2011 478 123

89 578 214 661 τὴν
269 582 614 659 Αἴγυπτον
668 576 900 641 κοινὸν
955 574 1330 660 ἀνῃροῦντο
1388 575 1668 661 πένθος,
1733 575 1846 642 καὶ
1900 578 2017 653 τὰς

72 679 212 767 μὲν
258 681 543 766 ἐσθῆτας
587 684 1137 768 κατερρήττοντο,
1195 682 1275 746 τὰ
1323 678 1382 745 δ’
1441 682 1584 766 ἱερὰ
1629 682 2015 750 συνέκλειον

86 786 199 863 καὶ
254 790 369 865 τὰς
421 791 670 865 θυσίας
724 788 987 872 ἐπεῖχον
1040 784 1153 852 καὶ
1207 788 1324 863 τάς
1388 785 1618 872 ἑορτὰς
1673 790 1794 854 οὐκ
1844 786 2013 873 ἦγον

89 891 197 978 ἐφ’
244 891 489 978 ἡμέρας
536 892 990 978 ἑβδομήκοντα
1034 890 1146 957 καὶ
1194 893 1348 980 δύο·
1405 894 2013 978 καταπεπλασμένοι

32 1020 61 1062 5
91 996 166 1065 δὲ
220 1000 337 1077 τάς
392 1001 685 1085 κεφαλὰς
729 1003 916 1087 πηλῷ
971 995 1081 1064 καὶ
1135 996 1647 1084 περιεζωσμένοι
1703 1001 2017 1079 σινδόνας

85 1105 392 1171 ὑποκάτω
449 1117 586 1171 τῶν
632 1116 901 1191 μαστῶν
956 1104 1201 1188 ὁμοίως
1256 1106 1496 1191 ἄνδρες
1550 1102 1661 1170 καὶ
1707 1116 2017 1188 γυναῖκες

85 1221 409 1298 περιῇσαν
467 1209 953 1298 ἀθροισθέντες
1006 1212 1172 1275 κατὰ
1228 1211 1613 1289 διακοσίους
1665 1210 1707 1295 ἦ
1755 1234 2017 1298 τριακο-

83 1322 306 1401 σίους,
371 1316 483 1383 καὶ
536 1319 656 1383 τὸν
712 1315 835 1402 μὲν
889 1324 1156 1402 θρῆνον
1209 1315 1283 1381 ἐν
1340 1317 1579 1407 ῥυθμῷ
1640 1317 1778 1403 μετ’
1841 1313 2017 1408 ᾠδῆς

86 1427 480 1509 ποιούμενοι
538 1423 643 1501 δὶς
687 1433 803 1508 τῆς
846 1422 1093 1508 ἡμέρας
1139 1422 1380 1507 ἐτίμων
1425 1423 1799 1510 ἐγκωμίοις,
1857 1425 2015 1491 ἀνα-

4 1554 59 1593 10
84 1531 490 1614 καλούμενοι
534 1530 659 1612 τὴν
706 1529 948 1614 ἀρετὴν
984 1537 1105 1593 τοῦ
1149 1532 1706 1614 τετελευτηκότος,
1751 1533 2013 1617 τροφὴν

90 1636 150 1703 δ’
208 1637 360 1700 οὔτε
416 1635 540 1717 τὴν
596 1632 722 1697 ἀπὸ
783 1643 919 1697 τῶν
973 1632 1288 1718 ἐμψύχων
1335 1635 1487 1699 οὔτε
1540 1635 1664 1718 τὴν
1719 1637 1846 1702 ἀπὸ
1892 1651 2013 1705 τοῦ

89 1749 312 1824 πυροῦ
358 1736 876 1824 προσεφέροντο,
922 1748 1046 1803 τοῦ
1080 1762 1151 1804 τε
1190 1745 1385 1804 οἴνου
1420 1738 1530 1804 καὶ
1566 1741 1777 1824 πάσης
1813 1749 2015 1808 πολυ-

88 1847 343 1923 τελείας
387 1845 754 1929 ἀπείχοντο.
829 1842 1052 1921 οὐδεὶς
1090 1839 1151 1909 δ’
1200 1844 1286 1910 ἂν
1325 1846 1478 1911 οὔτε
1516 1850 1824 1930 λουτροῖς
1869 1849 2007 1913 οὔτ’
2055 1873 2083 1917 3

88 1954 486 2038 ἀλείμμασιν
532 1952 686 2017 οὕτε
731 1961 1106 2039 στρωμναῖς
1149 1954 1494 2038 προείλετο
1548 1959 1871 2039 χρῆσθαι,
1935 1955 2015 2018 οὐ

6 2081 57 2123 15
86 2063 220 2147 μὴν
268 2056 428 2125 οὐδὲ
473 2060 641 2143 πρὸς
693 2060 778 2123 τά
821 2058 1186 2145 ἀφροδίσια
1238 2064 1650 2145 προσελθεῖν
1705 2059 1791 2125 ἂν
1836 2058 2015 2126 ἐτόλ-

87 2183 316 2251 μησεν,
365 2165 533 2231 ἀλλὰ
578 2165 881 2250 καθάπερ
921 2164 1261 2249 ἀγαπητοῦ
1299 2163 1539 2232 τέκνου
1583 2169 2015 2251 τελευτήσαν-

88 2297 198 2351 τος
242 2273 516 2349 ἕκαστος
569 2270 985 2357 περιώδυνος
1038 2274 1392 2355 γινόμενος
1451 2270 1720 2337 ἐπένθει
1765 2274 1882 2349 τὰς
1928 2275 2015 2338 εἰ-

88 2378 375 2464 ρημένας
418 2375 681 2463 ἡμέρας.
776 2374 850 2443 ἐν
905 2371 980 2441 δὲ
1033 2377 1247 2464 τούτῳ
1294 2384 1386 2464 τῷ
1440 2379 1659 2465 χρόνῳ
1716 2380 1800 2442 τά
1851 2380 2015 2463 πρὸς
2053 2400 2081 2444 4

87 2486 309 2568 ταφὴν
355 2490 669 2569 λαμπρῶς
713 2479 1346 2568 παρεσκευασμένοι,
1393 2480 1504 2547 καὶ
1549 2491 1627 2568 τῇ
1673 2487 2013 2573 τελευταίᾳ

11 2613 65 2653 20
90 2599 225 2653 τῶν
268 2589 531 2675 ἡμερῶν
575 2587 812 2664 θέντες
856 2587 979 2670 τὴν
1025 2589 1099 2653 τὸ
1148 2598 1337 2673 σῶμα
1383 2591 1671 2677 ἔχουσαν
1717 2591 2013 2677 λάρνακα

88 2697 217 2781 πρὸ
263 2705 379 2778 τῆς
424 2697 517 2772 είς
564 2696 683 2760 τὸν
736 2693 955 2778 τάφον
1000 2695 1302 2777 εἰσόδου,
1355 2698 1803 2781 προετίθεσαν
1847 2702 2011 2764 κατὰ

85 2804 301 2886 νόμον
344 2809 436 2889 τῷ
490 2802 996 2884 τετελευτηκότι.
1034 2803 1379 2886 κριτήριον
1431 2813 1566 2867 τῶν
1621 2801 1694 2867 ἐν
1746 2812 1839 2892 τῷ
1886 2808 2009 2895 βίῳ

0 2938 53 2988 34
86 2906 544 2993 πραχθέντων.
637 2909 953 2993 δοθείσης
1009 2905 1071 2970 δ’
1133 2904 1434 2984 ἐξουσίας
1487 2916 1579 2997 τῷ
1625 2911 2011 2999 βουλομένῳ
2051 2932 2081 2976 5

86 3025 512 3101 κατηγορεῖν,
576 3014 647 3078 oc
694 3009 818 3097 μὲν
864 3013 1061 3099 ἱερεῖς
1107 3012 1546 3097 ἐνεκωμίαζον
1592 3013 1833 3080 ἕκαστα
1878 3027 2011 3081 τῶν

12 3171 61 3212 25
84 3126 300 3197 καλῶς
346 3120 525 3208 αὐτῷ
571 3118 1010 3206 πραχθέντων
1047 3119 1423 3203 διεξιόντες,
1471 3120 1546 3185 αἰ
1578 3116 1653 3186 δὲ
1689 3124 1855 3207 πρὸς
1890 3124 2011 3203 τὴν

87 3226 386 3313 ἐκφορὰν
441 3224 852 3310 συνηγμέναι
905 3226 1222 3311 μυριάδες
1274 3236 1412 3290 τῶν
1457 3228 1674 3309 ὄχλων
1729 3224 2011 3290 ἀκούου-

88 3350 197 3398 σαι
254 3334 847 3417 συνεπευφήμουν,
904 3334 967 3396 εί
1016 3332 1205 3415 τύχοι
1260 3337 1476 3409 καλῶς
1531 3330 1896 3415 βεβιωκώς,
1954 3332 2015 3392 εί

229 3532 264 3580 4
299 3520 805 3594 καταπεπασμένοι
844 3523 949 3580 OF
987 3525 1058 3594 (0.
1098 3527 1183 3589 91,
1226 3524 1278 3590 1)
1429 3526 1492 3574 12
1529 3516 1713 3586 πυρὸς
1747 3515 1795 3568 D
1828 3581 1840 3601 1
1945 3521 2009 3570 19

84 3591 301 3668 ταφὴν]
330 3594 433 3665 τὴν
464 3592 658 3682 ταφὴν
683 3594 839 3681 vulg.
948 3587 1499 3661 παρεσκευασμένοι]
1530 3586 1938 3656 ἡτοιμασμενοι
1960 3586 2015 3640 ΙΙ

85 3671 153 3721 22
191 3662 509 3738 κριτήριον]
547 3683 927 3736 ακροατηριον
964 3663 1033 3717 II.
