<?xml version="1.0" encoding="UTF-8"?>
<!DOCTYPE html PUBLIC "-//W3C//DTD XHTML 1.0 Transitional//EN"
    "http://www.w3.org/TR/xhtml1/DTD/xhtml1-transitional.dtd">
<html xmlns="http://www.w3.org/1999/xhtml" xml:lang="en" lang="en">
 <head>
  <title>
</title>
<meta http-equiv="Content-Type" content="text/html;charset=utf-8" />
  <meta name='ocr-system' content='tesseract 3.04.00' />
  <meta name='ocr-capabilities' content='ocr_page ocr_carea ocr_par ocr_line ocrx_word'/>
</head>
<body>
  <div class='ocr_page' id='page_1' title='image "./diodoribiblioth02dindgoog/diodoribiblioth02dindgoog_0031.png"; bbox 0 0 2569 4061; ppageno 0'>
   <div class='ocr_carea' id='block_1_1' title="bbox 0 0 2569 194">
    <p class='ocr_par' dir='ltr' id='par_1_1' title="bbox 0 0 2569 194">
     <span class='ocr_line' id='line_1_1' title="bbox 0 0 2569 194; baseline 0 3867"><span class='ocrx_word' id='word_1_1' title='bbox 0 0 2569 194; x_wconf 95' lang='lat' dir='ltr'><strong> </strong></span> 
     </span>
    </p>
   </div>
   <div class='ocr_carea' id='block_1_2' title="bbox 0 1709 15 2199">
    <p class='ocr_par' dir='ltr' id='par_1_2' title="bbox 0 1689 15 2199">
     <span class='ocr_line' id='line_1_2' title="bbox 0 1709 15 1798; baseline 0 0"><span class='ocrx_word' id='word_1_2' title='bbox 0 1709 15 1798; x_wconf 61' lang='lat' dir='ltr'>f</span> 
     </span>
     <span class='ocr_line' id='line_1_3' title="bbox 1 2146 4 2199; baseline 0 0"><span class='ocrx_word' id='word_1_3' title='bbox 1 2146 4 2199; x_wconf 46' lang='grc' dir='ltr'>ψ</span> 
     </span>
    </p>
   </div>
   <div class='ocr_carea' id='block_1_3' title="bbox 759 377 2159 447">
    <p class='ocr_par' dir='ltr' id='par_1_3' title="bbox 759 377 2159 447">
     <span class='ocr_line' id='line_1_4' title="bbox 759 377 2159 447; baseline 0.004 -8"><span class='ocrx_word' id='word_1_4' title='bbox 759 377 765 384; x_wconf 77' lang='lat'>&#39;</span> <span class='ocrx_word' id='word_1_5' title='bbox 877 385 976 440; x_wconf 88' lang='lat' dir='ltr'><strong>DE</strong></span> <span class='ocrx_word' id='word_1_6' title='bbox 1013 384 1505 443; x_wconf 86' lang='lat' dir='ltr'><strong>EDITIONIBUS.</strong></span> <span class='ocrx_word' id='word_1_7' title='bbox 1947 386 2159 447; x_wconf 86' lang='lat' dir='ltr'>XXVII</span> 
     </span>
    </p>
   </div>
   <div class='ocr_carea' id='block_1_4' title="bbox 207 553 2161 1797">
    <p class='ocr_par' dir='ltr' id='par_1_4' title="bbox 208 553 2161 1218">
     <span class='ocr_line' id='line_1_5' title="bbox 212 553 2161 632; baseline 0.003 -19"><span class='ocrx_word' id='word_1_8' title='bbox 212 553 386 613; x_wconf 90' lang='lat' dir='ltr'><strong>enim</strong></span> <span class='ocrx_word' id='word_1_9' title='bbox 430 554 661 632; x_wconf 86' lang='lat' dir='ltr'><strong>accidit,</strong></span> <span class='ocrx_word' id='word_1_10' title='bbox 707 557 778 615; x_wconf 90' lang='lat' dir='ltr'><strong>ut</strong></span> <span class='ocrx_word' id='word_1_11' title='bbox 815 572 887 614; x_wconf 81' lang='lat' dir='ltr'><strong>ex</strong></span> <span class='ocrx_word' id='word_1_12' title='bbox 922 553 1076 615; x_wconf 87' lang='lat' dir='ltr'><strong>vitio</strong></span> <span class='ocrx_word' id='word_1_13' title='bbox 1115 554 1347 616; x_wconf 86' lang='lat' dir='ltr'><strong>vetusti</strong></span> <span class='ocrx_word' id='word_1_14' title='bbox 1381 553 1599 617; x_wconf 87' lang='lat' dir='ltr'><strong>codicis</strong></span> <span class='ocrx_word' id='word_1_15' title='bbox 1635 554 1921 616; x_wconf 85' lang='lat' dir='ltr'><strong>librarius</strong></span> <span class='ocrx_word' id='word_1_16' title='bbox 1959 560 2161 632; x_wconf 89' lang='lat' dir='ltr'><strong>poste-</strong></span> 
     </span>
     <span class='ocr_line' id='line_1_6' title="bbox 212 650 2159 729; baseline 0.003 -19"><span class='ocrx_word' id='word_1_17' title='bbox 212 652 348 711; x_wconf 83' lang='lat' dir='ltr'><strong>rior</strong></span> <span class='ocrx_word' id='word_1_18' title='bbox 394 652 727 729; x_wconf 77' lang='lat' dir='ltr'><strong>speciosam</strong></span> <span class='ocrx_word' id='word_1_19' title='bbox 786 655 1192 713; x_wconf 88' lang='lat' dir='ltr'><strong>correcturam</strong></span> <span class='ocrx_word' id='word_1_20' title='bbox 1244 650 1508 726; x_wconf 85' lang='lat' dir='ltr'><strong>finxerit,</strong></span> <span class='ocrx_word' id='word_1_21' title='bbox 1568 656 1677 713; x_wconf 88' lang='lat' dir='ltr'><strong>aut</strong></span> <span class='ocrx_word' id='word_1_22' title='bbox 1732 655 1803 713; x_wconf 90' lang='lat' dir='ltr'><strong>ut</strong></span> <span class='ocrx_word' id='word_1_23' title='bbox 1847 652 2010 715; x_wconf 90' lang='lat' dir='ltr'><strong>idem</strong></span> <span class='ocrx_word' id='word_1_24' title='bbox 2056 656 2159 717; x_wconf 85' lang='lat' dir='ltr'><strong>vel</strong></span> 
     </span>
     <span class='ocr_line' id='line_1_7' title="bbox 211 748 2157 826; baseline 0.003 -19"><span class='ocrx_word' id='word_1_25' title='bbox 211 748 422 809; x_wconf 82' lang='lat' dir='ltr'><strong>simile</strong></span> <span class='ocrx_word' id='word_1_26' title='bbox 484 749 703 810; x_wconf 89' lang='lat' dir='ltr'><strong>vitium</strong></span> <span class='ocrx_word' id='word_1_27' title='bbox 754 749 904 811; x_wconf 90' lang='lat' dir='ltr'><strong>alibi</strong></span> <span class='ocrx_word' id='word_1_28' title='bbox 966 749 1160 810; x_wconf 89' lang='lat' dir='ltr'><strong>lateat</strong></span> <span class='ocrx_word' id='word_1_29' title='bbox 1221 748 1490 809; x_wconf 90' lang='lat' dir='ltr'><strong>nondum</strong></span> <span class='ocrx_word' id='word_1_30' title='bbox 1546 750 1825 826; x_wconf 80' lang='lat' dir='ltr'><strong>agnitum</strong></span> <span class='ocrx_word' id='word_1_31' title='bbox 1839 795 1855 825; x_wconf 87' lang='lat'>,</span> <span class='ocrx_word' id='word_1_32' title='bbox 1916 753 2026 811; x_wconf 89' lang='lat' dir='ltr'><strong>aut</strong></span> <span class='ocrx_word' id='word_1_33' title='bbox 2085 754 2157 812; x_wconf 92' lang='lat' dir='ltr'><strong>ut</strong></span> 
     </span>
     <span class='ocr_line' id='line_1_8' title="bbox 211 846 2160 923; baseline 0.002 -18"><span class='ocrx_word' id='word_1_34' title='bbox 211 846 495 922; x_wconf 86' lang='lat' dir='ltr'><strong>legentes</strong></span> <span class='ocrx_word' id='word_1_35' title='bbox 557 848 754 908; x_wconf 90' lang='lat' dir='ltr'><strong>vicino</strong></span> <span class='ocrx_word' id='word_1_36' title='bbox 819 847 969 909; x_wconf 87' lang='lat' dir='ltr'><strong>vitio</strong></span> <span class='ocrx_word' id='word_1_37' title='bbox 1033 865 1155 907; x_wconf 90' lang='lat' dir='ltr'><strong>non</strong></span> <span class='ocrx_word' id='word_1_38' title='bbox 1221 846 1463 923; x_wconf 78' lang='lat' dir='ltr'><strong>cognito</strong></span> <span class='ocrx_word' id='word_1_39' title='bbox 1535 848 1841 923; x_wconf 72' lang='lat' dir='ltr'><strong>proximae</strong></span> <span class='ocrx_word' id='word_1_40' title='bbox 1916 848 2160 911; x_wconf 87' lang='lat' dir='ltr'><strong>lectioni</strong></span> 
     </span>
     <span class='ocr_line' id='line_1_9' title="bbox 208 942 2159 1023; baseline 0.002 -21"><span class='ocrx_word' id='word_1_41' title='bbox 208 943 478 1005; x_wconf 87' lang='lat' dir='ltr'><strong>vitiosae</strong></span> <span class='ocrx_word' id='word_1_42' title='bbox 524 945 631 1006; x_wconf 89' lang='lat' dir='ltr'><strong>sed</strong></span> <span class='ocrx_word' id='word_1_43' title='bbox 676 947 981 1023; x_wconf 78' lang='lat' dir='ltr'><strong>captiosae</strong></span> <span class='ocrx_word' id='word_1_44' title='bbox 1037 944 1288 1005; x_wconf 80' lang='lat' dir='ltr'><strong>nimiam</strong></span> <span class='ocrx_word' id='word_1_45' title='bbox 1344 942 1626 1004; x_wconf 86' lang='lat' dir='ltr'><strong>fiduciam</strong></span> <span class='ocrx_word' id='word_1_46' title='bbox 1670 944 1951 1008; x_wconf 87' lang='lat' dir='ltr'><strong>habeant.</strong></span> <span class='ocrx_word' id='word_1_47' title='bbox 2042 945 2159 1017; x_wconf 86' lang='lat' dir='ltr'><strong>Qui</strong></span> 
     </span>
     <span class='ocr_line' id='line_1_10' title="bbox 210 1040 2157 1121; baseline 0.002 -21"><span class='ocrx_word' id='word_1_48' title='bbox 210 1058 458 1102; x_wconf 88' lang='lat' dir='ltr'><strong>errores</strong></span> <span class='ocrx_word' id='word_1_49' title='bbox 503 1043 866 1121; x_wconf 90' lang='lat' dir='ltr'><strong>ubicumque</strong></span> <span class='ocrx_word' id='word_1_50' title='bbox 911 1062 1032 1104; x_wconf 92' lang='lat' dir='ltr'><strong>non</strong></span> <span class='ocrx_word' id='word_1_51' title='bbox 1076 1042 1331 1104; x_wconf 90' lang='lat' dir='ltr'><strong>timendi</strong></span> <span class='ocrx_word' id='word_1_52' title='bbox 1390 1043 1590 1118; x_wconf 86' lang='lat' dir='ltr'><strong>erant,</strong></span> <span class='ocrx_word' id='word_1_53' title='bbox 1646 1040 1745 1101; x_wconf 85' lang='lat' dir='ltr'><strong>vel</strong></span> <span class='ocrx_word' id='word_1_54' title='bbox 1790 1042 2157 1117; x_wconf 87' lang='lat' dir='ltr'><strong>optimorum</strong></span> 
     </span>
     <span class='ocr_line' id='line_1_11' title="bbox 210 1137 1287 1218; baseline 0.006 -22"><span class='ocrx_word' id='word_1_55' title='bbox 210 1137 520 1199; x_wconf 85' lang='lat' dir='ltr'><strong>librorum</strong></span> <span class='ocrx_word' id='word_1_56' title='bbox 563 1142 934 1218; x_wconf 78' lang='lat' dir='ltr'><strong>corruptelas</strong></span> <span class='ocrx_word' id='word_1_57' title='bbox 982 1141 1287 1218; x_wconf 89' lang='lat' dir='ltr'><strong>praeterii.</strong></span> 
     </span>
    </p>

    <p class='ocr_par' dir='ltr' id='par_1_5' title="bbox 207 1236 2155 1797">
     <span class='ocr_line' id='line_1_12' title="bbox 404 1236 2155 1315; baseline 0.001 -19"><span class='ocrx_word' id='word_1_58' title='bbox 404 1236 526 1297; x_wconf 84' lang='lat' dir='ltr'><strong>Gur</strong></span> <span class='ocrx_word' id='word_1_59' title='bbox 577 1237 962 1315; x_wconf 89' lang='lat' dir='ltr'><strong>potissimum</strong></span> <span class='ocrx_word' id='word_1_60' title='bbox 1016 1238 1278 1300; x_wconf 83' lang='lat' dir='ltr'><strong>codicem</strong></span> <span class='ocrx_word' id='word_1_61' title='bbox 1323 1237 1378 1296; x_wconf 93' lang='lat' dir='ltr'><strong>D</strong></span> <span class='ocrx_word' id='word_1_62' title='bbox 1426 1236 1794 1313; x_wconf 84' lang='lat' dir='ltr'><strong>respexerim</strong></span> <span class='ocrx_word' id='word_1_63' title='bbox 1850 1239 2034 1314; x_wconf 89' lang='lat' dir='ltr'><strong>atque</strong></span> <span class='ocrx_word' id='word_1_64' title='bbox 2083 1255 2155 1297; x_wconf 82' lang='lat' dir='ltr'><strong>ex</strong></span> 
     </span>
     <span class='ocr_line' id='line_1_13' title="bbox 211 1332 2155 1412; baseline 0.001 -20"><span class='ocrx_word' id='word_1_65' title='bbox 211 1333 484 1394; x_wconf 86' lang='lat' dir='ltr'><strong>secunda</strong></span> <span class='ocrx_word' id='word_1_66' title='bbox 530 1335 720 1395; x_wconf 87' lang='lat' dir='ltr'><strong>classe</strong></span> <span class='ocrx_word' id='word_1_67' title='bbox 766 1337 1082 1412; x_wconf 77' lang='lat' dir='ltr'><strong>tamquam</strong></span> <span class='ocrx_word' id='word_1_68' title='bbox 1126 1336 1457 1412; x_wconf 81' lang='lat' dir='ltr'><strong>principem</strong></span> <span class='ocrx_word' id='word_1_69' title='bbox 1495 1332 1540 1394; x_wconf 88' lang='lat' dir='ltr'>C</span> <span class='ocrx_word' id='word_1_70' title='bbox 1579 1334 1883 1411; x_wconf 85' lang='lat' dir='ltr'><strong>elegerim,</strong></span> <span class='ocrx_word' id='word_1_71' title='bbox 1931 1352 2003 1393; x_wconf 84' lang='lat' dir='ltr'><strong>ex</strong></span> <span class='ocrx_word' id='word_1_72' title='bbox 2048 1335 2155 1409; x_wconf 79' lang='lat' dir='ltr'><strong>eie,</strong></span> 
     </span>
     <span class='ocr_line' id='line_1_14' title="bbox 210 1430 2153 1508; baseline 0.001 -19"><span class='ocrx_word' id='word_1_73' title='bbox 210 1449 375 1507; x_wconf 90' lang='lat' dir='ltr'><strong>quae</strong></span> <span class='ocrx_word' id='word_1_74' title='bbox 439 1449 622 1508; x_wconf 89' lang='lat' dir='ltr'><strong>supra</strong></span> <span class='ocrx_word' id='word_1_75' title='bbox 675 1433 747 1490; x_wconf 90' lang='lat' dir='ltr'><strong>de</strong></span> <span class='ocrx_word' id='word_1_76' title='bbox 810 1431 1113 1492; x_wconf 85' lang='lat' dir='ltr'><strong>codicibus</strong></span> <span class='ocrx_word' id='word_1_77' title='bbox 1180 1430 1573 1493; x_wconf 83' lang='lat' dir='ltr'><strong>aestimandis</strong></span> <span class='ocrx_word' id='word_1_78' title='bbox 1638 1430 1922 1508; x_wconf 84' lang='lat' dir='ltr'><strong>disserui,</strong></span> <span class='ocrx_word' id='word_1_79' title='bbox 1988 1431 2153 1491; x_wconf 89' lang='lat' dir='ltr'><strong>haud</strong></span> 
     </span>
     <span class='ocr_line' id='line_1_15' title="bbox 207 1520 2155 1606; baseline 0.001 -20"><span class='ocrx_word' id='word_1_80' title='bbox 207 1520 463 1588; x_wconf 88' lang='lat' dir='ltr'><strong>difficile</strong></span> <span class='ocrx_word' id='word_1_81' title='bbox 510 1531 604 1588; x_wconf 87' lang='lat' dir='ltr'><strong>est</strong></span> <span class='ocrx_word' id='word_1_82' title='bbox 647 1529 981 1589; x_wconf 88' lang='lat' dir='ltr'><strong>intellectu.</strong></span> <span class='ocrx_word' id='word_1_83' title='bbox 1066 1527 1152 1587; x_wconf 85' lang='lat' dir='ltr'><strong>At</strong></span> <span class='ocrx_word' id='word_1_84' title='bbox 1201 1546 1415 1588; x_wconf 89' lang='lat' dir='ltr'><strong>vereor</strong></span> <span class='ocrx_word' id='word_1_85' title='bbox 1458 1547 1533 1587; x_wconf 93' lang='lat' dir='ltr'><strong>ne</strong></span> <span class='ocrx_word' id='word_1_86' title='bbox 1578 1529 1713 1606; x_wconf 89' lang='lat' dir='ltr'><strong>quis</strong></span> <span class='ocrx_word' id='word_1_87' title='bbox 1759 1547 1857 1588; x_wconf 91' lang='lat' dir='ltr'><strong>me</strong></span> <span class='ocrx_word' id='word_1_88' title='bbox 1901 1532 2155 1606; x_wconf 91' lang='lat' dir='ltr'><strong>propter</strong></span> 
     </span>
     <span class='ocr_line' id='line_1_16' title="bbox 209 1625 2151 1703; baseline 0.001 -19"><span class='ocrx_word' id='word_1_89' title='bbox 209 1625 485 1685; x_wconf 88' lang='lat' dir='ltr'><strong>codicem</strong></span> <span class='ocrx_word' id='word_1_90' title='bbox 536 1626 585 1684; x_wconf 99' lang='lat' dir='ltr'><strong>F</strong></span> <span class='ocrx_word' id='word_1_91' title='bbox 640 1625 1009 1701; x_wconf 89' lang='lat' dir='ltr'><strong>interpellet.</strong></span> <span class='ocrx_word' id='word_1_92' title='bbox 1099 1625 1172 1683; x_wconf 90' lang='lat' dir='ltr'><strong>Id</strong></span> <span class='ocrx_word' id='word_1_93' title='bbox 1234 1625 1475 1701; x_wconf 90' lang='lat' dir='ltr'><strong>quidem</strong></span> <span class='ocrx_word' id='word_1_94' title='bbox 1530 1625 1645 1684; x_wconf 89' lang='lat' dir='ltr'><strong>sibi</strong></span> <span class='ocrx_word' id='word_1_95' title='bbox 1704 1626 1959 1703; x_wconf 86' lang='lat' dir='ltr'><strong>quisque</strong></span> <span class='ocrx_word' id='word_1_96' title='bbox 2015 1644 2151 1702; x_wconf 87' lang='lat' dir='ltr'><strong>per·</strong></span> 
     </span>
     <span class='ocr_line' id='line_1_17' title="bbox 209 1720 2154 1797; baseline 0.001 -16"><span class='ocrx_word' id='word_1_97' title='bbox 209 1721 502 1782; x_wconf 86' lang='lat' dir='ltr'><strong>suadebit</strong></span> <span class='ocrx_word' id='word_1_98' title='bbox 571 1722 649 1780; x_wconf 89' lang='lat' dir='ltr'><strong>ad</strong></span> <span class='ocrx_word' id='word_1_99' title='bbox 708 1720 1048 1797; x_wconf 81' lang='lat' dir='ltr'><strong>imaginem</strong></span> <span class='ocrx_word' id='word_1_100' title='bbox 1130 1721 1423 1781; x_wconf 88' lang='lat' dir='ltr'><strong>secundae</strong></span> <span class='ocrx_word' id='word_1_101' title='bbox 1496 1722 1707 1781; x_wconf 90' lang='lat' dir='ltr'><strong>classis</strong></span> <span class='ocrx_word' id='word_1_102' title='bbox 1780 1723 2154 1783; x_wconf 84' lang='lat' dir='ltr'><strong>efficiendam</strong></span> 
     </span>
    </p>
   </div>
   <div class='ocr_carea' id='block_1_5' title="bbox 206 1815 2154 1894">
    <p class='ocr_par' dir='ltr' id='par_1_6' title="bbox 206 1815 2154 1894">
     <span class='ocr_line' id='line_1_18' title="bbox 206 1815 2154 1894; baseline 0.001 -15"><span class='ocrx_word' id='word_1_103' title='bbox 206 1816 488 1879; x_wconf 87' lang='lat' dir='ltr'><strong>codicem</strong></span> <span class='ocrx_word' id='word_1_104' title='bbox 533 1815 579 1877; x_wconf 81' lang='lat' dir='ltr'>O</span> <span class='ocrx_word' id='word_1_105' title='bbox 624 1835 746 1877; x_wconf 91' lang='lat' dir='ltr'><strong>non</strong></span> <span class='ocrx_word' id='word_1_106' title='bbox 791 1817 1094 1894; x_wconf 82' lang='lat' dir='ltr'><strong>sufficere3</strong></span> <span class='ocrx_word' id='word_1_107' title='bbox 1141 1817 1246 1877; x_wconf 91' lang='lat' dir='ltr'><strong>sed</strong></span> <span class='ocrx_word' id='word_1_108' title='bbox 1293 1817 1423 1892; x_wconf 91' lang='lat' dir='ltr'><strong>ipse</strong></span> <span class='ocrx_word' id='word_1_109' title='bbox 1472 1836 1655 1893; x_wconf 89' lang='lat' dir='ltr'><strong>supra</strong></span> <span class='ocrx_word' id='word_1_110' title='bbox 1690 1818 1902 1878; x_wconf 86' lang='lat' dir='ltr'><strong>docere</strong></span> <span class='ocrx_word' id='word_1_111' title='bbox 1948 1821 2154 1880; x_wconf 88' lang='lat' dir='ltr'><strong>studui</strong></span> 
     </span>
    </p>
   </div>
   <div class='ocr_carea' id='block_1_6' title="bbox 210 1913 2153 3733">
    <p class='ocr_par' dir='ltr' id='par_1_7' title="bbox 210 1913 2153 3733">
     <span class='ocr_line' id='line_1_19' title="bbox 210 1913 2151 1990; baseline 0.001 -15"><span class='ocrx_word' id='word_1_112' title='bbox 210 1914 489 1976; x_wconf 68' lang='lat' dir='ltr'><strong>codicem</strong></span> <span class='ocrx_word' id='word_1_113' title='bbox 551 1915 600 1974; x_wconf 94' lang='lat' dir='ltr'><strong>F</strong></span> <span class='ocrx_word' id='word_1_114' title='bbox 665 1915 872 1975; x_wconf 83' lang='lat' dir='ltr'><strong>codici·</strong></span> <span class='ocrx_word' id='word_1_115' title='bbox 918 1913 963 1974; x_wconf 80' lang='lat' dir='ltr'>O</span> <span class='ocrx_word' id='word_1_116' title='bbox 1027 1934 1146 1975; x_wconf 92' lang='lat' dir='ltr'><strong>non</strong></span> <span class='ocrx_word' id='word_1_117' title='bbox 1211 1914 1388 1975; x_wconf 90' lang='lat' dir='ltr'><strong>modo</strong></span> <span class='ocrx_word' id='word_1_118' title='bbox 1452 1933 1572 1975; x_wconf 89' lang='lat' dir='ltr'><strong>non</strong></span> <span class='ocrx_word' id='word_1_119' title='bbox 1636 1932 1959 1990; x_wconf 88' lang='lat' dir='ltr'><strong>supparem</strong></span> <span class='ocrx_word' id='word_1_120' title='bbox 2023 1934 2151 1977; x_wconf 87' lang='lat' dir='ltr'><strong>esse</strong></span> 
     </span>
     <span class='ocr_line' id='line_1_20' title="bbox 212 2011 2151 2091; baseline 0.002 -18"><span class='ocrx_word' id='word_1_121' title='bbox 212 2015 441 2088; x_wconf 90' lang='lat' dir='ltr'><strong>aetate,</strong></span> <span class='ocrx_word' id='word_1_122' title='bbox 480 2012 587 2073; x_wconf 87' lang='lat' dir='ltr'><strong>sed</strong></span> <span class='ocrx_word' id='word_1_123' title='bbox 621 2013 686 2073; x_wconf 91' lang='lat' dir='ltr'><strong>in</strong></span> <span class='ocrx_word' id='word_1_124' title='bbox 722 2012 1152 2075; x_wconf 89' lang='lat' dir='ltr'><strong>recentissimis</strong></span> <span class='ocrx_word' id='word_1_125' title='bbox 1180 2012 1638 2074; x_wconf 87' lang='lat' dir='ltr'><strong>numerandum.</strong></span> <span class='ocrx_word' id='word_1_126' title='bbox 1699 2011 1911 2091; x_wconf 87' lang='lat' dir='ltr'><strong>Neque</strong></span> <span class='ocrx_word' id='word_1_127' title='bbox 1941 2013 2151 2076; x_wconf 89' lang='lat' dir='ltr'><strong>dubito</strong></span> 
     </span>
     <span class='ocr_line' id='line_1_21' title="bbox 214 2110 2153 2190; baseline 0.003 -20"><span class='ocrx_word' id='word_1_128' title='bbox 214 2110 522 2171; x_wconf 86' lang='lat' dir='ltr'><strong>affirmare</strong></span> <span class='ocrx_word' id='word_1_129' title='bbox 575 2111 749 2171; x_wconf 86' lang='lat' dir='ltr'><strong>illum</strong></span> <span class='ocrx_word' id='word_1_130' title='bbox 805 2110 1004 2173; x_wconf 90' lang='lat' dir='ltr'><strong>codice</strong></span> <span class='ocrx_word' id='word_1_131' title='bbox 1059 2113 1124 2172; x_wconf 87' lang='lat' dir='ltr'>M</span> <span class='ocrx_word' id='word_1_132' title='bbox 1176 2115 1360 2190; x_wconf 87' lang='lat' dir='ltr'><strong>atque</strong></span> <span class='ocrx_word' id='word_1_133' title='bbox 1415 2112 1466 2171; x_wconf 90' lang='lat' dir='ltr'>L</span> <span class='ocrx_word' id='word_1_134' title='bbox 1522 2115 1585 2173; x_wconf 91' lang='lat' dir='ltr'><strong>et</strong></span> <span class='ocrx_word' id='word_1_135' title='bbox 1637 2114 2033 2173; x_wconf 87' lang='lat' dir='ltr'><strong>recentiorem</strong></span> <span class='ocrx_word' id='word_1_136' title='bbox 2090 2118 2153 2175; x_wconf 89' lang='lat' dir='ltr'><strong>et</strong></span> 
     </span>
     <span class='ocr_line' id='line_1_22' title="bbox 214 2207 2150 2272; baseline 0.002 -5"><span class='ocrx_word' id='word_1_137' title='bbox 214 2208 575 2268; x_wconf 87' lang='lat' dir='ltr'><strong>deteriorem</strong></span> <span class='ocrx_word' id='word_1_138' title='bbox 614 2227 761 2269; x_wconf 87' lang='lat' dir='ltr'><strong>esse.</strong></span> <span class='ocrx_word' id='word_1_139' title='bbox 816 2209 1226 2270; x_wconf 85' lang='lat' dir='ltr'><strong>Nihilominus</strong></span> <span class='ocrx_word' id='word_1_140' title='bbox 1264 2207 1591 2270; x_wconf 89' lang='lat' dir='ltr'><strong>secundum</strong></span> <span class='ocrx_word' id='word_1_141' title='bbox 1629 2208 1675 2270; x_wconf 81' lang='lat' dir='ltr'>O</span> <span class='ocrx_word' id='word_1_142' title='bbox 1712 2210 2071 2272; x_wconf 89' lang='lat' dir='ltr'><strong>lectionibus</strong></span> <span class='ocrx_word' id='word_1_143' title='bbox 2100 2212 2150 2271; x_wconf 90' lang='lat' dir='ltr'><strong>F</strong></span> 
     </span>
     <span class='ocr_line' id='line_1_23' title="bbox 214 2304 2150 2382; baseline 0.002 -17"><span class='ocrx_word' id='word_1_144' title='bbox 214 2306 544 2380; x_wconf 87' lang='lat' dir='ltr'><strong>plurimum</strong></span> <span class='ocrx_word' id='word_1_145' title='bbox 592 2306 775 2382; x_wconf 89' lang='lat' dir='ltr'><strong>spatii</strong></span> <span class='ocrx_word' id='word_1_146' title='bbox 821 2305 1114 2366; x_wconf 80' lang='lat' dir='ltr'><strong>concessi:</strong></span> <span class='ocrx_word' id='word_1_147' title='bbox 1161 2323 1301 2366; x_wconf 88' lang='lat' dir='ltr'><strong>cum</strong></span> <span class='ocrx_word' id='word_1_148' title='bbox 1337 2306 1498 2382; x_wconf 88' lang='lat' dir='ltr'><strong>quod</strong></span> <span class='ocrx_word' id='word_1_149' title='bbox 1542 2304 1764 2382; x_wconf 89' lang='lat' dir='ltr'><strong>reliqui</strong></span> <span class='ocrx_word' id='word_1_150' title='bbox 1800 2306 1942 2365; x_wconf 89' lang='lat' dir='ltr'><strong>libri</strong></span> <span class='ocrx_word' id='word_1_151' title='bbox 1975 2308 2150 2369; x_wconf 89' lang='lat' dir='ltr'><strong>nobis</strong></span> 
     </span>
     <span class='ocr_line' id='line_1_24' title="bbox 214 2389 2151 2490; baseline 0.003 -29"><span class='ocrx_word' id='word_1_152' title='bbox 214 2402 410 2462; x_wconf 88' lang='lat' dir='ltr'><strong>multo</strong></span> <span class='ocrx_word' id='word_1_153' title='bbox 465 2403 663 2462; x_wconf 87' lang='lat' dir='ltr'><strong>minus</strong></span> <span class='ocrx_word' id='word_1_154' title='bbox 721 2405 863 2462; x_wconf 89' lang='lat' dir='ltr'><strong>sunt</strong></span> <span class='ocrx_word' id='word_1_155' title='bbox 925 2402 1084 2480; x_wconf 86' lang='lat' dir='ltr'><strong>noti,</strong></span> <span class='ocrx_word' id='word_1_156' title='bbox 1146 2406 1280 2462; x_wconf 88' lang='lat' dir='ltr'><strong>tum</strong></span> <span class='ocrx_word' id='word_1_157' title='bbox 1343 2402 1504 2490; x_wconf 79' lang='lat' dir='ltr'><strong>quod</strong></span> <span class='ocrx_word' id='word_1_158' title='bbox 1553 2389 1862 2461; x_wconf 49' lang='lat' dir='ltr'><strong>&#39;editiones</strong></span> <span class='ocrx_word' id='word_1_159' title='bbox 1915 2403 2058 2464; x_wconf 90' lang='lat' dir='ltr'><strong>inde</strong></span> <span class='ocrx_word' id='word_1_160' title='bbox 2114 2423 2151 2466; x_wconf 95' lang='lat' dir='ltr'><strong>a</strong></span> 
     </span>
     <span class='ocr_line' id='line_1_25' title="bbox 216 2497 2148 2576; baseline 0.003 -19"><span class='ocrx_word' id='word_1_161' title='bbox 216 2497 524 2575; x_wconf 79' lang='lat' dir='ltr'><strong>Stephano</strong></span> <span class='ocrx_word' id='word_1_162' title='bbox 577 2502 707 2558; x_wconf 88' lang='lat' dir='ltr'><strong>tam</strong></span> <span class='ocrx_word' id='word_1_163' title='bbox 763 2503 1055 2576; x_wconf 84' lang='lat' dir='ltr'><strong>cognatae</strong></span> <span class='ocrx_word' id='word_1_164' title='bbox 1104 2503 1246 2561; x_wconf 89' lang='lat' dir='ltr'><strong>sunt</strong></span> <span class='ocrx_word' id='word_1_165' title='bbox 1300 2500 1458 2560; x_wconf 91' lang='lat' dir='ltr'><strong>libro</strong></span> <span class='ocrx_word' id='word_1_166' title='bbox 1505 2499 1574 2576; x_wconf 88' lang='lat' dir='ltr'><strong>F,</strong></span> <span class='ocrx_word' id='word_1_167' title='bbox 1620 2502 1692 2559; x_wconf 89' lang='lat' dir='ltr'><strong>ut</strong></span> <span class='ocrx_word' id='word_1_168' title='bbox 1735 2499 1853 2559; x_wconf 89' lang='lat' dir='ltr'><strong>nisi</strong></span> <span class='ocrx_word' id='word_1_169' title='bbox 1898 2501 2011 2561; x_wconf 92' lang='lat' dir='ltr'><strong>hoc</strong></span> <span class='ocrx_word' id='word_1_170' title='bbox 2056 2520 2148 2563; x_wconf 88' lang='lat' dir='ltr'><strong>co-</strong></span> 
     </span>
     <span class='ocr_line' id='line_1_26' title="bbox 213 2596 1806 2675; baseline 0.001 -19"><span class='ocrx_word' id='word_1_171' title='bbox 213 2597 389 2675; x_wconf 84' lang='lat' dir='ltr'><strong>gnito</strong></span> <span class='ocrx_word' id='word_1_172' title='bbox 435 2597 644 2657; x_wconf 87' lang='lat' dir='ltr'><strong>multis</strong></span> <span class='ocrx_word' id='word_1_173' title='bbox 690 2597 838 2657; x_wconf 88' lang='lat' dir='ltr'><strong>locis</strong></span> <span class='ocrx_word' id='word_1_174' title='bbox 883 2598 1205 2675; x_wconf 84' lang='lat' dir='ltr'><strong>perplexae</strong></span> <span class='ocrx_word' id='word_1_175' title='bbox 1249 2596 1423 2658; x_wconf 89' lang='lat' dir='ltr'><strong>nobis</strong></span> <span class='ocrx_word' id='word_1_176' title='bbox 1469 2596 1806 2659; x_wconf 87' lang='lat' dir='ltr'><strong>videantur.</strong></span> 
     </span>
     <span class='ocr_line' id='line_1_27' title="bbox 399 2692 2150 2773; baseline 0.003 -20"><span class='ocrx_word' id='word_1_177' title='bbox 399 2692 776 2770; x_wconf 85' lang='lat' dir='ltr'><strong>Quamquam</strong></span> <span class='ocrx_word' id='word_1_178' title='bbox 821 2695 981 2754; x_wconf 92' lang='lat' dir='ltr'><strong>enim</strong></span> <span class='ocrx_word' id='word_1_179' title='bbox 1027 2695 1316 2773; x_wconf 88' lang='lat' dir='ltr'><strong>editores,</strong></span> <span class='ocrx_word' id='word_1_180' title='bbox 1377 2714 1494 2771; x_wconf 91' lang='lat' dir='ltr'><strong>quo</strong></span> <span class='ocrx_word' id='word_1_181' title='bbox 1550 2713 1622 2754; x_wconf 84' lang='lat' dir='ltr'><strong>ex</strong></span> <span class='ocrx_word' id='word_1_182' title='bbox 1676 2697 1946 2772; x_wconf 90' lang='lat' dir='ltr'><strong>tempore</strong></span> <span class='ocrx_word' id='word_1_183' title='bbox 1992 2698 2150 2757; x_wconf 90' lang='lat' dir='ltr'><strong>codi-</strong></span> 
     </span>
     <span class='ocr_line' id='line_1_28' title="bbox 215 2790 2148 2867; baseline 0.002 -16"><span class='ocrx_word' id='word_1_184' title='bbox 215 2810 349 2852; x_wconf 90' lang='lat' dir='ltr'><strong>cem</strong></span> <span class='ocrx_word' id='word_1_185' title='bbox 393 2790 449 2849; x_wconf 93' lang='lat' dir='ltr'>D</span> <span class='ocrx_word' id='word_1_186' title='bbox 497 2795 926 2867; x_wconf 81' lang='lat' dir='ltr'><strong>cognoverunt,</strong></span> <span class='ocrx_word' id='word_1_187' title='bbox 975 2792 1160 2852; x_wconf 89' lang='lat' dir='ltr'><strong>codici</strong></span> <span class='ocrx_word' id='word_1_188' title='bbox 1194 2791 1244 2850; x_wconf 89' lang='lat' dir='ltr'><strong>F</strong></span> <span class='ocrx_word' id='word_1_189' title='bbox 1292 2791 1517 2867; x_wconf 89' lang='lat' dir='ltr'><strong>primas</strong></span> <span class='ocrx_word' id='word_1_190' title='bbox 1563 2793 1768 2867; x_wconf 86' lang='lat' dir='ltr'><strong>partes</strong></span> <span class='ocrx_word' id='word_1_191' title='bbox 1815 2793 2148 2855; x_wconf 86' lang='lat' dir='ltr'><strong>attribuere</strong></span> 
     </span>
     <span class='ocr_line' id='line_1_29' title="bbox 215 2887 2148 2965; baseline 0.002 -17"><span class='ocrx_word' id='word_1_192' title='bbox 215 2888 552 2964; x_wconf 89' lang='lat' dir='ltr'><strong>desierunt,</strong></span> <span class='ocrx_word' id='word_1_193' title='bbox 611 2892 814 2948; x_wconf 89' lang='lat' dir='ltr'><strong>tamen</strong></span> <span class='ocrx_word' id='word_1_194' title='bbox 871 2889 999 2949; x_wconf 87' lang='lat' dir='ltr'><strong>eius</strong></span> <span class='ocrx_word' id='word_1_195' title='bbox 1057 2888 1387 2948; x_wconf 87' lang='lat' dir='ltr'><strong>auctoritas</strong></span> <span class='ocrx_word' id='word_1_196' title='bbox 1442 2889 1602 2965; x_wconf 90' lang='lat' dir='ltr'><strong>apud</strong></span> <span class='ocrx_word' id='word_1_197' title='bbox 1657 2887 2031 2965; x_wconf 83' lang='lat' dir='ltr'><strong>Stephanum</strong></span> <span class='ocrx_word' id='word_1_198' title='bbox 2086 2894 2148 2951; x_wconf 91' lang='lat' dir='ltr'><strong>et</strong></span> 
     </span>
     <span class='ocr_line' id='line_1_30' title="bbox 217 2984 2147 3064; baseline 0.003 -21"><span class='ocrx_word' id='word_1_199' title='bbox 217 2984 693 3064; x_wconf 86' lang='lat' dir='ltr'><strong>Wesselingium</strong></span> <span class='ocrx_word' id='word_1_200' title='bbox 737 2985 1086 3062; x_wconf 85' lang='lat' dir='ltr'><strong>praevalida</strong></span> <span class='ocrx_word' id='word_1_201' title='bbox 1141 2988 1270 3046; x_wconf 89' lang='lat' dir='ltr'><strong>tam</strong></span> <span class='ocrx_word' id='word_1_202' title='bbox 1322 2986 1601 3062; x_wconf 83' lang='lat' dir='ltr'><strong>pertinax</strong></span> <span class='ocrx_word' id='word_1_203' title='bbox 1647 2988 1766 3064; x_wconf 90' lang='lat' dir='ltr'><strong>est,</strong></span> <span class='ocrx_word' id='word_1_204' title='bbox 1820 2990 2011 3048; x_wconf 60' lang='lat' dir='ltr'><strong>ut³ne</strong></span> <span class='ocrx_word' id='word_1_205' title='bbox 2056 3007 2147 3049; x_wconf 88' lang='lat' dir='ltr'><strong>re-</strong></span> 
     </span>
     <span class='ocr_line' id='line_1_31' title="bbox 216 3082 2147 3163; baseline 0.002 -20"><span class='ocrx_word' id='word_1_206' title='bbox 216 3082 580 3143; x_wconf 88' lang='lat' dir='ltr'><strong>centissimis</strong></span> <span class='ocrx_word' id='word_1_207' title='bbox 638 3083 884 3159; x_wconf 88' lang='lat' dir='ltr'><strong>quidem</strong></span> <span class='ocrx_word' id='word_1_208' title='bbox 927 3083 992 3143; x_wconf 88' lang='lat' dir='ltr'><strong>in</strong></span> <span class='ocrx_word' id='word_1_209' title='bbox 1037 3082 1405 3144; x_wconf 87' lang='lat' dir='ltr'><strong>editionibus</strong></span> <span class='ocrx_word' id='word_1_210' title='bbox 1464 3083 1693 3144; x_wconf 90' lang='lat' dir='ltr'><strong>abolita</strong></span> <span class='ocrx_word' id='word_1_211' title='bbox 1748 3082 1846 3145; x_wconf 83' lang='lat' dir='ltr'><strong>sit.</strong></span> <span class='ocrx_word' id='word_1_212' title='bbox 1936 3085 2147 3163; x_wconf 87' lang='lat' dir='ltr'><strong>Neque</strong></span> 
     </span>
     <span class='ocr_line' id='line_1_32' title="bbox 217 3179 2146 3257; baseline 0.001 -18"><span class='ocrx_word' id='word_1_213' title='bbox 217 3199 255 3239; x_wconf 89' lang='lat' dir='ltr'><strong>a</strong></span> <span class='ocrx_word' id='word_1_214' title='bbox 299 3199 397 3240; x_wconf 89' lang='lat' dir='ltr'><strong>me</strong></span> <span class='ocrx_word' id='word_1_215' title='bbox 440 3180 574 3256; x_wconf 88' lang='lat' dir='ltr'><strong>ipso</strong></span> <span class='ocrx_word' id='word_1_216' title='bbox 621 3180 981 3241; x_wconf 82' lang='lat' dir='ltr'><strong>exstinctum</strong></span> <span class='ocrx_word' id='word_1_217' title='bbox 1035 3183 1157 3256; x_wconf 89' lang='lat' dir='ltr'><strong>est,</strong></span> <span class='ocrx_word' id='word_1_218' title='bbox 1213 3179 1504 3257; x_wconf 87' lang='lat' dir='ltr'><strong>quidquid</strong></span> <span class='ocrx_word' id='word_1_219' title='bbox 1558 3199 1630 3240; x_wconf 83' lang='lat' dir='ltr'><strong>ex</strong></span> <span class='ocrx_word' id='word_1_220' title='bbox 1681 3180 1787 3242; x_wconf 87' lang='lat' dir='ltr'><strong>illo</strong></span> <span class='ocrx_word' id='word_1_221' title='bbox 1842 3182 2146 3244; x_wconf 86' lang='lat' dir='ltr'><strong>immerito</strong></span> 
     </span>
     <span class='ocr_line' id='line_1_33' title="bbox 215 3276 2149 3356; baseline -0.001 -20"><span class='ocrx_word' id='word_1_222' title='bbox 215 3277 557 3354; x_wconf 86' lang='lat' dir='ltr'><strong>principatu</strong></span> <span class='ocrx_word' id='word_1_223' title='bbox 580 3276 818 3338; x_wconf 88' lang='lat' dir='ltr'><strong>-codicis</strong></span> <span class='ocrx_word' id='word_1_224' title='bbox 853 3278 901 3337; x_wconf 92' lang='lat' dir='ltr'><strong>F</strong></span> <span class='ocrx_word' id='word_1_225' title='bbox 938 3277 1247 3339; x_wconf 86' lang='lat' dir='ltr'><strong>residuum</strong></span> <span class='ocrx_word' id='word_1_226' title='bbox 1282 3276 1510 3356; x_wconf 83' lang='lat' dir='ltr'><strong>fuerat3</strong></span> <span class='ocrx_word' id='word_1_227' title='bbox 1554 3277 1737 3337; x_wconf 90' lang='lat' dir='ltr'><strong>immo</strong></span> <span class='ocrx_word' id='word_1_228' title='bbox 1775 3278 1968 3339; x_wconf 88' lang='lat' dir='ltr'><strong>multa</strong></span> <span class='ocrx_word' id='word_1_229' title='bbox 2012 3295 2149 3336; x_wconf 88' lang='lat' dir='ltr'><strong>con-</strong></span> 
     </span>
     <span class='ocr_line' id='line_1_34' title="bbox 217 3370 2146 3452; baseline -0.003 -17"><span class='ocrx_word' id='word_1_230' title='bbox 217 3374 458 3435; x_wconf 85' lang='lat' dir='ltr'><strong>servavi</strong></span> <span class='ocrx_word' id='word_1_231' title='bbox 477 3419 493 3452; x_wconf 89' lang='lat'>,</span> <span class='ocrx_word' id='word_1_232' title='bbox 557 3391 711 3451; x_wconf 89' lang='lat' dir='ltr'><strong>quae</strong></span> <span class='ocrx_word' id='word_1_233' title='bbox 775 3375 972 3437; x_wconf 89' lang='lat' dir='ltr'><strong>delere</strong></span> <span class='ocrx_word' id='word_1_234' title='bbox 1036 3378 1147 3436; x_wconf 89' lang='lat' dir='ltr'><strong>aut</strong></span> <span class='ocrx_word' id='word_1_235' title='bbox 1206 3391 1355 3452; x_wconf 88' lang='lat' dir='ltr'><strong>prae</strong></span> <span class='ocrx_word' id='word_1_236' title='bbox 1416 3374 1774 3435; x_wconf 90' lang='lat' dir='ltr'><strong>lectionibus</strong></span> <span class='ocrx_word' id='word_1_237' title='bbox 1828 3374 1884 3433; x_wconf 93' lang='lat' dir='ltr'>D</span> <span class='ocrx_word' id='word_1_238' title='bbox 1940 3373 2041 3432; x_wconf 91' lang='lat' dir='ltr'><strong>vel</strong></span> <span class='ocrx_word' id='word_1_239' title='bbox 2100 3370 2146 3430; x_wconf 84' lang='lat' dir='ltr'>C</span> 
     </span>
     <span class='ocr_line' id='line_1_35' title="bbox 216 3467 2147 3534; baseline -0.003 -2"><span class='ocrx_word' id='word_1_240' title='bbox 216 3474 596 3533; x_wconf 82' lang='lat' dir='ltr'><strong>contemnere</strong></span> <span class='ocrx_word' id='word_1_241' title='bbox 657 3471 846 3532; x_wconf 90' lang='lat' dir='ltr'><strong>malui</strong></span> <span class='ocrx_word' id='word_1_242' title='bbox 901 3475 964 3533; x_wconf 93' lang='lat' dir='ltr'><strong>et</strong></span> <span class='ocrx_word' id='word_1_243' title='bbox 1015 3471 1276 3534; x_wconf 86' lang='lat' dir='ltr'><strong>fortasse</strong></span> <span class='ocrx_word' id='word_1_244' title='bbox 1343 3471 1541 3533; x_wconf 87' lang='lat' dir='ltr'><strong>debui.</strong></span> <span class='ocrx_word' id='word_1_245' title='bbox 1632 3470 1721 3530; x_wconf 92' lang='lat' dir='ltr'><strong>At</strong></span> <span class='ocrx_word' id='word_1_246' title='bbox 1780 3487 1856 3528; x_wconf 91' lang='lat' dir='ltr'><strong>ne</strong></span> <span class='ocrx_word' id='word_1_247' title='bbox 1919 3467 2147 3527; x_wconf 90' lang='lat' dir='ltr'><strong>maiore</strong></span> 
     </span>
     <span class='ocr_line' id='line_1_36' title="bbox 215 3563 2145 3648; baseline -0.004 -21"><span class='ocrx_word' id='word_1_248' title='bbox 215 3567 463 3629; x_wconf 89' lang='lat' dir='ltr'><strong>licentia</strong></span> <span class='ocrx_word' id='word_1_249' title='bbox 513 3568 577 3629; x_wconf 92' lang='lat' dir='ltr'><strong>in</strong></span> <span class='ocrx_word' id='word_1_250' title='bbox 634 3568 747 3629; x_wconf 89' lang='lat' dir='ltr'><strong>has</strong></span> <span class='ocrx_word' id='word_1_251' title='bbox 811 3570 1080 3648; x_wconf 89' lang='lat' dir='ltr'><strong>aliasque</strong></span> <span class='ocrx_word' id='word_1_252' title='bbox 1148 3570 1521 3645; x_wconf 87' lang='lat' dir='ltr'><strong>corruptelas</strong></span> <span class='ocrx_word' id='word_1_253' title='bbox 1587 3563 2145 3632; x_wconf 85' lang='lat' dir='ltr'><strong>animadverterem,</strong></span> 
     </span>
     <span class='ocr_line' id='line_1_37' title="bbox 218 3653 2150 3733; baseline -0.007 -9"><span class='ocrx_word' id='word_1_254' title='bbox 218 3664 513 3726; x_wconf 85' lang='lat' dir='ltr'><strong>deterruit</strong></span> <span class='ocrx_word' id='word_1_255' title='bbox 557 3684 653 3726; x_wconf 87' lang='lat' dir='ltr'><strong>me</strong></span> <span class='ocrx_word' id='word_1_256' title='bbox 696 3685 815 3727; x_wconf 91' lang='lat' dir='ltr'><strong>non</strong></span> <span class='ocrx_word' id='word_1_257' title='bbox 861 3667 1036 3727; x_wconf 90' lang='lat' dir='ltr'><strong>modo</strong></span> <span class='ocrx_word' id='word_1_258' title='bbox 1084 3664 1412 3727; x_wconf 88' lang='lat' dir='ltr'><strong>auctoritas</strong></span> <span class='ocrx_word' id='word_1_259' title='bbox 1453 3656 1747 3733; x_wconf 80' lang='lat' dir='ltr'><strong>Stephani</strong></span> <span class='ocrx_word' id='word_1_260' title='bbox 1783 3653 2150 3728; x_wconf 85' lang='lat' dir='ltr'><strong>Wesselingi</strong></span> 
     </span>
    </p>
   </div>
  </div>
 </body>
</html>
