2569 4061
428 291 563 356 418
1111 287 1421 344 DIODORI
1458 285 1696 344 SICULI

428 464 571 530 τοῖς
650 450 928 538 βαρέσιν
1007 448 1453 538 ὑπερέχοντας
1534 446 1850 536 δυσχερὲς
1929 458 2368 533 κατανοῆσαι.

433 561 664 644 διόπερ
728 559 997 635 εἰκότως
1061 555 1323 641 ἐγένετο
1392 556 1782 641 τιμιώτατος
1847 554 2157 621 ἁπάντων
2220 568 2368 622 τῶν

432 665 715 748 ἀγώνων
761 658 979 749 οὗτος,
1024 664 1147 748 τὴν
1198 663 1410 749 ἀρχὴν
1456 657 1566 728 ἀπ’
1619 662 1886 745 ἀγαθοῦ
1931 663 2174 745 λαβών.

359 795 394 843 3
615 770 758 836 Οὐκ
811 770 999 850 ἄξιον
1054 765 1129 835 δὲ
1181 773 1582 855 παραλιπεῖν
1636 766 1798 834 οὐδὲ
1860 769 1975 845 τὰς
2027 768 2159 834 ὑπὸ
2219 779 2367 834 τῶν

431 884 616 944 θεῶν
661 877 840 966 αὐτῷ
889 879 1205 954 δοθείσας
1251 876 1504 961 δωρεὰς
1549 875 1661 940 διὰ
1705 876 1828 959 τὴν
1874 874 2133 960 ἀρετήν.
2224 873 2363 942 ἀπὸ
2394 894 2423 934 5

432 986 560 1072 γὰρ
605 994 741 1050 τῶν
775 980 1083 1067 πολέμων
1128 980 1491 1068 τραπέντος
1526 982 1737 1047 αὐτοῦ
1780 981 1947 1067 πρὸς
1993 978 2251 1058 ἀνέσεις
2284 1005 2362 1047 τε

431 1088 543 1157 καὶ
580 1089 1007 1173 πανηγύρεις,
1053 1089 1149 1153 ἔτι
1197 1082 1258 1152 δ’
1293 1086 1524 1172 ἑορτὰς
1558 1085 1669 1153 καὶ
1706 1087 1989 1170 ἀγῶνας,
2039 1086 2362 1172 ἐτίμησαν

434 1197 641 1262 αὐτὸν
697 1197 976 1280 δωρεαῖς
1021 1196 1295 1272 οἰκείαις
1349 1192 1623 1270 ἕκαστος
1664 1204 1800 1258 τῶν
1843 1199 2059 1277 θεῶν,
2099 1191 2360 1277 Ἀθηνᾶ

432 1297 556 1385 μὲν
600 1298 857 1388 πέπλῳ,
889 1298 1262 1385 Ἥφαιστος
1310 1296 1386 1366 δὲ
1432 1300 1699 1389 ροπάλφ
1744 1298 1856 1365 καὶ
1899 1300 2187 1386 θώρακι·
2242 1298 2361 1365 καὶ

432 1408 598 1491 πρὸς
625 1406 952 1489 ἀλλήλους
989 1405 1565 1492 ἐφιλοτιμήθησαν
1595 1407 1666 1472 οἰ
1694 1405 2164 1492 προειρημένοι
2199 1405 2360 1472 θεοὶ
2390 1419 2462 1463 10‘

431 1513 596 1578 κατὰ
632 1514 747 1589 τὰς
781 1511 1038 1597 τέχνας,
1078 1522 1194 1597 τῆς
1222 1504 1355 1598 ιμὲν
1392 1514 1558 1599 πρὸς
1594 1513 1936 1599 εἰρηνικὴν
1982 1511 2359 1578 ἀπόλαυσιν

433 1618 544 1686 καὶ
598 1618 862 1707 τέρψιν,
908 1629 1031 1684 τοῦ
1077 1616 1152 1684 δὲ
1204 1621 1373 1706 πρὸς
1425 1619 1549 1702 τὴν
1601 1630 1737 1685 τῶν
1789 1624 2166 1703 πολεμικῶν
2214 1643 2357 1684 κιν-

434 1727 663 1792 δύνων
723 1726 1110 1811 ἀσφάλειαν.
1209 1737 1346 1791 τῶν
1412 1723 1473 1789 δ’
1527 1727 1750 1792 ἄλλων
1814 1726 2169 1790 Ποσειδῶν
2231 1721 2356 1810 μὲν

432 1833 677 1909 ἵππους
731 1832 1143 1919 ἐδωρήσατο,
1191 1828 1434 1918 Ἑρμῆς
1489 1828 1564 1897 δὲ
1620 1830 1841 1916 ξίφος,
1884 1829 2221 1897 Ἀπόλλων
2279 1828 2356 1898 δὲ

430 1939 624 2019 τόξον
678 1961 748 2003 τε
796 1939 999 2003 ἔδωκε
1051 1936 1163 2003 καὶ
1215 1937 1515 2017 τοξεύειν
1570 1936 1859 2022 ἐδίδαξε,
1906 1940 2226 2022 Δημήτηρ
2276 1933 2358 2004 δὲ
2387 1954 2439 1994 1⁵

430 2047 597 2131 πρὸς
632 2047 752 2111 τὸν
786 2046 1138 2131 καθαρμὸν.
1172 2054 1297 2110 τοῦ
1334 2046 1742 2131 Κενταύρων
1779 2048 1999 2130 φόνου
2035 2046 2115 2110 τὰ
2152 2046 2358 2131 μικρὰ

432 2155 762 2238 μυστήρια
809 2153 1280 2236 συνεστήσατο,
1328 2152 1448 2218 τὸν
1483 2147 1811 2238 Ἡρακλέα
1856 2162 2127 2236 τιμῶσα.

358 2278 396 2327 4
594 2256 808 2324 ’Ίδιον
857 2257 937 2324 δέ
976 2281 1040 2324 τι
1087 2258 1335 2343 συνέβη
1381 2255 1493 2324 καὶ
1540 2260 1707 2323 κατὰ
1750 2259 1875 2342 τὴν
1920 2256 2185 2341 γένεσιν
2230 2267 2355 2323 τοῦ

430 2371 601 2431 θεοῦ
647 2366 891 2430 τούτου
937 2370 1480 2449 συντελεσθῆναι.
1570 2368 1739 2442 Ζεὺς
1782 2366 1910 2450 γὰρ
1956 2364 2185 2450 πρώτῃ
2231 2360 2357 2449 μὲν

432 2471 622 2555 ἐμίγη
670 2469 936 2555 γυναικὶ
988 2478 1208 2557 θνητῇ
1254 2474 1478 2556 Νιόβῃ
1533 2480 1613 2556 τῇ
1665 2469 2061 2557 Φορωνέως,
2110 2469 2352 2556 ἐσχάτῃ
2383 2486 2438 2527 2⁰

432 2574 494 2640 δ’
542 2571 899 2662 Ἀλκμήνῃ·
952 2578 1202 2660 ταύτην
1258 2574 1320 2641 δ’
1385 2577 1512 2641 ἀπὸ
1567 2579 1828 2661 Νιόβης
1881 2575 2356 2660 ἑκκαιδεκάτην

431 2680 503 2745 οἰ
534 2680 968 2764 μυθογράφοι
1004 2685 1549 2764 γενεαλογοῦσιν·
1596 2682 1765 2747 ὥστε
1800 2691 1922 2747 τοῦ
1958 2692 2206 2767 γεννᾶν
2242 2681 2355 2747 ἀν-

429 2787 749 2872 θρώπους
795 2785 868 2851 ἐκ
911 2782 1034 2870 μὲν
1078 2798 1214 2853 τῶν
1256 2788 1500 2873 ταύτης
1543 2791 1900 2875 προγόνων
1944 2789 2209 2875 ἤρξατο,
2257 2790 2357 2866 εἰς

431 2892 640 2977 αὐτὴν
680 2890 754 2959 δὲ
798 2893 1048 2977 ταύτην
1084 2894 1463 2979 κατέληξεν·
1508 2893 1583 2961 ἐν
1627 2896 1834 2982 ταύτῃ
1870 2897 1999 2982 γὰρ
2034 2896 2151 2972 τὰς
2184 2896 2356 2979 πρὸς

429 3002 693 3086 θνητὴν
748 3000 1007 3085 ὁμιλίας
1059 3000 1406 3085 κατέλυσε,
1466 3001 1577 3068 καὶ
1630 3003 1795 3067 κατὰ
1848 3005 2007 3078 τοὺς
2068 3002 2354 3086 ὕστερον
2383 3016 2437 3057 25

429 3110 716 3195 χρόνους
781 3105 1026 3173 οὐδένα
1086 3109 1346 3174 τούτων
1408 3110 1758 3192 γεννήσειν
1818 3107 2006 3186 ἄξιον
2071 3106 2355 3186 ἐλπίζων

431 3214 555 3278 οὐκ
601 3214 942 3297 ἐβουλήθη
988 3225 1129 3291 τοῖς
1172 3217 1543 3301 κρείττοσιν
1584 3213 1961 3298 ἐπεισάγειν
2006 3216 2086 3279 τὰ
2130 3217 2351 3299 χείρω.

324 3317 411 3380 15
606 3319 801 3383 Μετα
839 3316 914 3384 δὲ
948 3328 1155 3385 ταῦτα
1187 3331 1326 3385 τῶν
1359 3318 1512 3406 περὶ
1545 3320 1669 3404 τὴν
1697 3324 2068 3405 Παλλήνην
2101 3320 2332 3405 γιγάν-
2354 3338 2457 3388 261

481 3530 499 3551 ³
553 3475 601 3550 ⁶1
640 3473 1036 3541 καταπονῆσαι
1072 3474 1127 3527 II
1225 3480 1258 3528 3
1298 3470 1477 3543 ἀρχὴν
1539 3471 1824 3545 ὑπεροχὴν
1860 3476 1915 3529 II
2006 3482 2039 3531 5
2076 3478 2353 3540 δοθείσας

426 3552 578 3606 αυτφ
619 3542 769 3608 vulg.
915 3547 983 3595 22
1023 3538 1162 3598 ὥστε
1200 3545 1301 3599 τοῦ
1340 3543 1450 3597 Din
1492 3545 1592 3612 orf',
1634 3544 1714 3607 εἰς
1750 3544 1815 3601 δὲ
1853 3543 1918 3600 τὸ
1958 3547 2191 3602 codices.
