2569 4061
1120 299 1196 353 JV
1236 306 1322 355 24.
1354 307 1438 358 25.
2092 303 2225 368 435

295 459 500 544 μένας
559 465 806 538 θυσίας
865 465 1106 538 παῖδας
1166 461 1483 547 ἀφώνους
1543 438 1853 545 γίνεσθαι
1912 463 2023 530 καὶ
2081 477 2223 543 τοῖς

300 571 836 652 τετελευτηκόσιν
882 569 1175 654 ὁμοίους.
1269 566 1413 634 ἀλλ’
1469 562 1655 633 οὗτοι
1701 568 1853 655 μέν,
1903 573 2064 639 ὅταν
2109 575 2218 639 εὔ-

297 674 491 759 ξηταί
537 698 636 751 τις
691 675 1068 742 ἀποδώσειν
1113 676 1237 759 τὴν
1281 677 1537 740 θυσίαν
1582 673 1693 740 καὶ
1740 675 2057 764 ἐνέχυρον
2102 690 2218 765 τῆς

295 784 542 858 θυσίας
597 781 909 867 ἀναδείξῃ
957 790 1049 871 τῷ
1096 790 1268 871 θεῷ,
1323 790 1720 867 παραχρῆμα
1768 782 2215 853 ἀποκαθίστα-

241 902 268 943 5
297 889 469 952 σθαί
508 905 673 972 φασι
694 876 867 964 ’τοὺς
901 897 981 973 τῇ
1018 887 1466 974 προειρημένῃ
1501 891 1681 977 νόσω
1718 888 2214 973 κατεχομένους.

293 994 364 1058 οἰ
425 990 486 1058 δ’
559 988 686 1059 οὖν
750 993 1055 1078 ἐγχώριοι
1119 995 1380 1071 τούτοις
1453 994 1844 1072 ἀκολούθως
1906 997 2029 1079 τὴν
2093 995 2215 1081 μὲν
2253 1007 2284 1055 6

290 1102 533 1184 πύλην,
585 1101 752 1186 πρὸς
798 1091 839 1186 ᾖ
885 1102 1000 1178 τὰς
1046 1101 1441 1185 ἀπαντήσεις
1484 1100 1595 1167 καὶ
1639 1104 1888 1179 θυσίας
1933 1112 2023 1190 τῷ
2073 1110 2212 1192 θεῷ

290 1207 732 1293 παρέστησαν,
795 1207 1188 1293 Ἡρακλείαν
1242 1212 1815 1295 προσηγόρευσαν,
1863 1209 2090 1292 ἀγῶνα
2139 1208 2214 1277 δὲ

290 1312 618 1399 γυμνικὸν
652 1310 763 1379 καὶ
803 1313 1072 1379 ἱππικὸν
1111 1309 1268 1380 καθ’
1303 1313 1581 1381 ἕκαστον
1620 1318 1766 1393 ἔτος
1800 1319 1962 1401 μετὰ
1997 1319 2212 1402 πάσης

210 1438 263 1478 10
289 1422 670 1505 προθυμίας
733 1429 1021 1488 ποιοῦσι.
1129 1422 1485 1505 πανδήμου
1550 1418 1624 1486 δὲ
1689 1431 1804 1505 τῆς
1877 1423 2211 1509 ἀποδοχῆς

291 1525 672 1612 ἐλευθέρων
707 1551 776 1592 τε
813 1524 924 1592 καὶ
962 1527 1228 1591 δούλων
1265 1526 1643 1611 γινομένης,
1682 1526 2063 1607 κατέδειξαν
2099 1530 2212 1595 καὶ

289 1635 447 1709 τοὺς
507 1631 762 1710 οἰκέτας
823 1635 962 1719 ἰδίᾳ
1022 1644 1348 1717 τιμῶντας
1406 1635 1524 1698 τὸν
1582 1635 1751 1698 θεὸν
1796 1635 2083 1712 θιάσους
2141 1660 2210 1701 τε

291 1739 611 1821 συνάγειν
665 1738 776 1805 καὶ
831 1741 1189 1816 συνιόντας
1234 1739 1514 1823 εὐωχίας
1555 1763 1626 1803 τε
1672 1737 1781 1804 καὶ
1827 1742 2075 1817 θυσίας
2119 1751 2209 1829 τῷ

286 1849 428 1932 θεῷ
478 1851 838 1910 συντελεῖν.

207 1967 260 2008 15
457 1948 528 2015 Ὁ
575 1949 634 2015 δ’
681 1949 1010 2038 “Ηρακλῆς
1055 1953 1216 2037 μετὰ
1262 1963 1397 2018 τῶν
1442 1955 1625 2036 βοῶν
1670 1950 2068 2039 περαιωθεὶς
2115 1955 2209 2030 εἰς
2248 1977 2278 2024 7

285 2059 409 2142 τὴν
440 2054 725 2124 Ἰταλίαν
763 2067 1009 2146 προῆγε
1049 2061 1162 2124 διὰ
1197 2067 1313 2142 τῆς
1349 2064 1694 2146 παραλίας,
1732 2058 1842 2125 καὶ
1878 2063 2209 2125 Λακίνιον

287 2161 409 2249 μὲν
454 2162 819 2230 κλέπτοντα
864 2177 998 2231 τῶν
1035 2170 1218 2250 βοῶν
1257 2165 1501 2249 ἀνεῖλε,
1536 2168 1860 2251 Κρότωνα
1900 2162 1973 2230 δὲ
2011 2166 2209 2231 ἀκου-

287 2274 446 2348 σίως
510 2271 900 2350 ἀποκτείνας
964 2275 1176 2351 ἔθαψε
1241 2277 1753 2357 μεγαλοπρεπῶς
1814 2269 1925 2336 καὶ
1988 2274 2209 2357 τάφον

287 2376 493 2443 αὐτοῦ
547 2379 1011 2444 κατεσκεύασε·
1067 2389 1339 2463 προεῖπε
1397 2374 1470 2444 δὲ
1525 2377 1635 2443 καὶ
1680 2388 1819 2455 τοῖς
1865 2377 2210 2464 ἐγχωρίοις

208 2500 261 2539 20
288 2483 389 2547 ὅτι
447 2483 608 2566 [καὶ]
664 2487 830 2550 κατὰ
883 2487 1041 2562 τοὺς
1095 2485 1380 2571 ὕστερον
1434 2488 1720 2571 χρόνους
1775 2487 1957 2549 ἔσται
2014 2487 2207 2562 πόλις

287 2587 602 2675 ἐπίσημος
630 2590 982 2676 ὁμώνυμος
1008 2601 1103 2681 τῷ
1129 2594 1634 2675 τετελευτηκότι.
1692 2591 1891 2669 αὐτὸς
1920 2586 1981 2656 δ’
2017 2590 2205 2674 έγκυ-
2226 2592 2313 2657 25

178 2693 572 2774 271κλωθεὶς
624 2698 743 2762 τὸν
783 2693 1050 2784 Ἀδρίαν
1097 2697 1206 2763 καὶ
1251 2701 1409 2782 πεζῇ
1455 2700 1832 2783 περιελθὼν
1878 2700 1998 2763 τὸν
2044 2719 2205 2783 προ-

285 2801 640 2887 ειρημένον
684 2807 939 2871 κόλπον
983 2807 1391 2889 κατήντησεν
1437 2806 1532 2882 εἰς
1576 2805 1700 2888 τὴν
1729 2804 2079 2892 ’Ήπειρον,
2137 2805 2203 2883 ἐξ

282 2903 361 2991 ἧς
404 2910 764 2995 πορευθεὶς
809 2913 904 2987 εἰς
949 2912 1072 2995 τὴν
1112 2913 1661 2995 Πελοπόννησον,
1708 2910 1819 2976 καὶ
1855 2914 2203 2987 τετελεκὼς

203 3030 256 3070 25
282 3015 403 3079 τὸν
459 3015 738 3083 δέκατον
793 3012 1034 3101 ἆθλον,
1091 3019 1283 3101 ἔλαβε
1338 3020 1728 3103 πρόσταγμα
1774 3014 1927 3100 παρ’
1981 3017 2202 3100 Εὐρυ-

284 3118 503 3197 σθέως
547 3123 666 3188 τὸν
713 3123 779 3204 ἐξ
825 3121 997 3211 ᾅδου
1035 3121 1380 3208 Κέρβερον
1416 3126 1581 3207 πρὸς
1616 3125 1691 3187 τὸ
1730 3132 1873 3206 φῶς
1910 3122 2200 3204 ἀγαγεῖν.

280 3226 446 3310 πρὸς
510 3222 585 3291 δὲ
647 3236 890 3292 τοῦτον
953 3230 1071 3293 τὸν
1137 3222 1355 3293 ἆθλον
1425 3227 1785 3310 ὑπολαβὼν
1858 3229 2201 3291 συνοίσειν

280 3331 490 3422 αὐτῷ,
546 3339 895 3419 παρῆλθεν
950 3337 1046 3411 εἰς
1099 3336 1215 3412 τὰς
1262 3333 1551 3417 Ἀθήνας
1597 3332 1708 3397 καὶ
1755 3329 2020 3417 μετέσχε
2067 3342 2202 3397 τῶν

462 3495 493 3545 5
533 3508 675 3559 φασι
713 3508 820 3547 om.
858 3490 910 3544 II
1034 3496 1099 3547 19
1139 3488 1204 3546 δὲ
1243 3492 1369 3562 καὶ]
1408 3488 1473 3545 δὲ
1511 3490 1664 3560 vulg.
1776 3496 1846 3545 20
1882 3489 1978 3545 καὶ
2017 3490 2202 3545 delevi

278 3564 345 3614 21
387 3559 450 3615 δὲ
490 3562 807 3624 κυκλωθεὶς
843 3562 995 3631 vulg.
1106 3569 1175 3617 23
1215 3558 1275 3628 ἐξ
1311 3558 1403 3633 ἧς]
1445 3556 1574 3631 ἑξῆς
1610 3559 1673 3615 δὲ
1714 3562 1780 3617 D.

1773 3652 1882 3704 28*
