2569 4061
0 0 2569 196 —

652 375 767 456 ,DE
805 374 1157 432 ssRMoNa
1195 375 1592 435 DIODOREO.
1871 362 2110 433 xxxm

171 546 280 621 14,
320 546 426 619 31,
466 547 532 622 13
577 539 944 623 πεντήκονθ’
996 541 1227 604 ἱππέων
1267 549 1369 625 19,
1418 549 1522 624 55,
1569 549 1635 625 53
1682 540 2103 623 τετταράκονθ’

165 638 424 723 ἡμέραις
473 646 530 720 1,
570 645 674 719 85,
714 647 779 722 33
825 636 1136 723 τριάκονθ’
1187 638 1435 723 ἡμέραις
1482 647 1585 725 17,
1626 647 1727 721 78,
1765 638 1903 725 4.*)

353 739 454 799 Ad
535 740 760 802 formas
833 762 977 803 vero
1050 741 1376 803 verborum
1451 742 1826 820 singulorum
1896 742 2106 803 multis

163 838 371 898 modis
418 839 777 916 depravatas
823 841 1175 919 priusquam
1213 839 1512 918 accedam,
1557 840 1851 918 quaedam
1894 841 1968 900 de
2005 840 2104 901 de-

161 935 497 997 clinatione
551 940 616 997 et
664 938 1083 1015 coniugatione
1138 937 1574 1001 vocabulorum
1629 940 1771 997 sunt
1826 938 2107 1014 praemit·

161 1032 376 1094 tenda.
465 1034 625 1095 Nam
685 1039 943 1113 utraque
1006 1035 1169 1112 apud
1220 1035 1556 1097 Diodorum
1616 1053 1740 1096 non
1793 1035 1989 1095 minus
2043 1035 2107 1095 in

159 1131 399 1191 multis
432 1135 526 1193 est
569 1136 850 1210 corrupta
895 1151 1078 1210 quam
1124 1134 1284 1210 apud
1330 1137 1587 1197 veteres.

352 1229 435 1289 Et
505 1231 570 1289 in
651 1231 1146 1293 declinatione
1231 1233 1472 1309 quidem
1543 1230 1780 1292 librarii
1850 1230 2107 1289 maxime

158 1331 497 1404 peccarunt
559 1329 623 1388 in
690 1328 1051 1390 accusativis
1112 1329 1501 1409 quibusdam,
1556 1329 1925 1407 antiquiores
1978 1329 2107 1404 ple·

158 1444 428 1502 rumque
473 1425 699 1486 formas
743 1426 809 1486 in
842 1426 1110 1487 novicias
1148 1430 1471 1488 mutantes.
1544 1425 1946 1497 Quamobrem
1993 1444 2105 1504 ego

158 1522 545 1584 accusativos
591 1523 657 1582 in
700 1545 738 1582 ν
782 1522 960 1583 modo
1006 1526 1170 1584 recte
1214 1525 1393 1584 modo
1439 1524 1598 1584 male
1640 1525 1997 1585 terminatos
2040 1523 2105 1583 in

155 1621 474 1682 nonnullis
514 1623 678 1680 certe
717 1621 796 1680 ad
830 1638 965 1678 eam
1001 1622 1281 1681 revocavi
1315 1620 1574 1681 formam
1610 1612 1764 1698 qu'ae
1808 1640 1932 1681 una
1967 1638 2102 1683 con-

0 1718 7 1738 '
159 1716 412 1779 veniret
454 1714 741 1774 Diodoro.
808 1713 1054 1789 &Scripsi
1110 1717 1269 1776 enim
1313 1715 1631 1795 Δήμητρα,
1684 1718 1843 1792 quod
1897 1736 2104 1779 omnes

156 1813 429 1876 servant
475 1813 577 1884 14,
616 1813 720 1888 77,
758 1811 817 1887 5,
862 1810 1011 1870 alibi
1053 1813 1215 1874 inter
1252 1814 1366 1874 hoc
1404 1816 1468 1872 et
1515 1811 1884 1892 Δήμητραν*
1899 1810 1967 1894 *)
2004 1835 2104 1877 va-

155 1911 426 1982 rianteS,
506 1908 570 1967 in
633 1908 934 1969 nonnullis
990 1913 1085 1971 est
1146 1911 1245 1971 vel
1299 1908 1589 1995 Δημήτερα
1653 1914 1715 1971 et
1769 1911 2104 1989 Δημήτρας.

159 2011 367 2083 Quam
412 2008 672 2069 formam
717 2007 876 2087 quod
934 2009 1012 2070 ad
1059 2009 1434 2087 Stephanum
1490 2012 1683 2070 metro
1728 2027 1941 2071 versus
1987 2012 2104 2071 sta

161 2107 336 2169 biliri
382 2106 505 2167 dixi
550 2107 712 2184 apud
755 2107 1014 2168 Pausan.
1063 2104 1119 2185 l',
1169 2111 1273 2188 37,
1321 2111 1394 2170 2:
1427 2104 1701 2187 ’Σεμνήν
1755 2106 2102 2188 Δήμητραν,

164 2204 262 2266 ὅτε
317 2212 554 2282 πρῶτον
607 2199 846 2284 ὀπώρας
908 2202 1140 2284 καρπὸν
1194 2202 1452 2283 ἔφηνεν,
1516 2206 1574 2265 ei
1624 2207 1747 2265 iam
1801 2207 2101 2266 substituo

349 2477 400 2548 *)
436 2480 520 2535 De
579 2479 814 2535 elisione
869 2478 1043 2535 etiam
1089 2478 1266 2534 fusius
1323 2478 1444 2550 egit
1487 2473 1736 2535 Kaelker
1777 2498 1833 2549 p.
1870 2484 1994 2534 314.
2037 2510 2097 2521 —

166 2560 435 2616 Ceterum
480 2560 628 2615 hanc
671 2575 793 2614 rem
837 2559 1046 2613 multas
1093 2559 1385 2615 cautiones
1430 2559 1638 2616 habere
1683 2562 1838 2616 recte
1883 2560 2104 2616 monuit

164 2638 416 2694 Dindorf
470 2638 625 2709 (edit.
659 2638 877 2713 Jl‘eubn.
916 2637 1009 2694 IV.
1048 2656 1103 2707 p.
1133 2639 1282 2707 XV)x
1345 2639 1551 2694 ‘Multa
1606 2640 1678 2695 de
1733 2639 1842 2695 hoc
1896 2655 2100 2710 genere

166 2718 324 2790 apud
363 2720 673 2775 Diodorum
711 2720 1023 2789 depravata
1056 2718 1241 2774 videri
1266 2717 1405 2787 dixi,
1441 2717 1552 2774 etsi
1580 2717 1845 2788 pleraque
1884 2717 2101 2775 intacta

164 2799 401 2868 reliqui,
440 2816 569 2854 cum
603 2799 695 2854 vel
735 2796 1139 2867 antiquissimis
1175 2798 1236 2851 in
1272 2795 1436 2852 libris
1472 2813 1542 2853 ea
1580 2797 1893 2868 reperiatur
1930 2801 2102 2870 scrip·

0 2914 11 3293 b
166 2882 333 2935 turae
368 2878 748 2935 inconstantia
782 2880 848 2932 ut
893 2878 954 2932 in
989 2875 1310 2931 Philodemi
1343 2877 1554 2933 libellis
1581 2893 1651 2932 ex
1686 2877 1917 2947 papyris
1962 2878 2101 2934 Her-

166 2958 563 3014 culanensibus
584 2958 751 3014 editis
771 2958 970 3012 eadem
997 2956 1058 3011 in
1084 2956 1296 3027 pagina
1313 2957 1593 3013 scribatur
1609 2954 1754 3012 κάπὶ
1781 2959 1839 3013 et
1866 2957 1965 3012 καὶ
1986 2954 2097 3027 ἐπί,

168 3036 282 3095 κᾶν
312 3043 372 3094 et
399 3038 499 3093 καὶ
526 3034 619 3108 ἄν,
646 3033 750 3108 τὴν
772 3032 1080 3108 ὁμοιότητα
1096 3031 1377 3106 ὑπάρχειν
1405 3039 1464 3092 et
1489 3034 1592 3106 τὴν
1614 3029 1895 3108 ομοιὸτητ’
1931 3035 2098 3107 εἶναι,

171 3124 230 3176 et
253 3120 473 3175 multae
501 3120 815 3189 appareant
848 3116 1240 3173 insolentiores
1270 3116 1549 3184 elisiones,
1575 3116 1732 3173 velut
1759 3117 2101 3188 diphthongi

170 3220 249 3271 αι,
290 3199 391 3271 sed
425 3214 617 3254 rursus
660 3194 853 3252 πάντα
899 3200 959 3253 et
1003 3193 1145 3252 ἀλλὰ
1181 3212 1294 3251 non
1330 3195 1611 3250 elidantur
1656 3197 1789 3252 ante
1825 3200 2097 3263 vocalem,

171 3283 230 3336 et
266 3279 383 3334 alia
420 3278 712 3334 solvantur
748 3294 893 3347 qnae
921 3276 1063 3332 alibi
1099 3276 1512 3346 coniunguntur
1538 3292 1639 3346 per
1667 3276 1870 3347 crasin,
1892 3280 1960 3333 ut
1985 3276 2098 3330 nisi

169 3358 282 3430 ipsi
321 3358 431 3413 sibi
456 3357 518 3412 in
543 3357 755 3413 talibus
781 3373 895 3413 non
922 3356 1149 3413 omnino
1180 3356 1553 3412 constiterunt
1589 3355 1907 3426 scriptores,
1947 3356 2097 3411 certe

171 3436 597 3507 antiquissimos
632 3435 751 3492 iam
795 3436 1054 3492 librarios
1101 3435 1211 3491 sibi
1253 3451 1368 3491 non
1414 3434 1733 3491 constitisse
1779 3431 2095 3504 appareat.’

174 3546 240 3557 -
278 3515 614 3577 Accuratior
646 3516 738 3571 his
773 3534 995 3586 quoque
1032 3516 1092 3570 in
1128 3516 1293 3571 rebus
1331 3517 1419 3569 est
1455 3515 1634 3570 codex
1668 3514 1745 3580 D,
1799 3526 1908 3577 quo
1944 3510 2098 3563 nisus

172 3596 434 3652 elisiones
461 3596 788 3668 saepissime
817 3596 1137 3668 <trecenties
1164 3595 1281 3648 fere
1310 3589 1363 3646 δ’
1394 3612 1496 3663 pro
1527 3592 1616 3661 δὲ)
1653 3589 1831 3644 tacite
1858 3585 2100 3641 restitui.

316 3675 409 3744 **)
446 3675 593 3731 hanc
618 3675 859 3732 formam
894 3675 1101 3746 probat
1138 3674 1333 3740 Cobet,
1369 3669 1650 3739 repugnat
1686 3663 1948 3717 Schenkl-

280 3774 536 3817 onnontrs
561 3774 601 3815 1.
794 3829 819 3843 x
1737 3760 1781 3796 ·0
