2569 4061
374 221 473 276 LX
1119 221 1554 279 PRAEFATIO.

376 389 660 450 videntur
703 390 953 466 genitivi
1002 381 1077 451 οὗ
1113 391 1212 450 vel
1250 387 1407 451 ὅτου.
1462 390 1554 451 De
1591 390 1807 466 quibus
1847 390 1932 449 sic
1969 388 2188 449 additis
2226 392 2307 449 ab

374 486 642 547 librariis
680 488 804 546 dixi
841 486 917 547 ad
955 487 1131 548 Thes.
1172 487 1467 564 Stephani
1502 488 1567 547 in
1594 482 1784 566 Ἄχρι,
1821 482 2021 565 Μέχρι
2049 481 2306 563 013Ἔως,

378 582 494 642 etsi
533 583 606 643 de
642 585 1076 646 recentioribus
1115 585 1359 662 quidem
1396 602 1611 660 anceps
1651 602 1829 659 saepe
1866 586 1963 643 est
1996 583 2306 661 iudicium,

380 701 525 758 quos
583 681 802 744 dixisse
858 684 1123 744 alienum
1176 702 1214 742 a
1268 681 1578 743 veteribus
1634 676 1768 760 ἄχρι
1824 672 1898 741 οὗ
1944 677 2021 739 ἂν
2076 682 2175 742 vel
2229 703 2308 740 κα

377 779 558 840 certis
587 783 826 842 constat
859 780 1320 857 inscriptionum
1348 779 1729 854 testimonii8‚
1766 782 1836 839 ut
1871 779 2023 838 illud
2064 781 2307 838 tantum

377 880 609 938 certum
666 878 747 939 sit
796 879 1098 938 neminem
1152 878 1373 937 dixisse
1434 879 1545 936 aut
1597 876 1866 952 potuisse
1922 877 2116 936 dicere
2173 871 2307 954 ἄχρι

379 978 486 1035 aut
530 973 695 1057 μέχρι
739 972 816 1035 ἂν
862 966 953 1035 οὗ.
1021 974 1378 1051 Quanquam
1413 976 1526 1035 hoc
1567 975 1701 1051 ipso
1746 976 1940 1035 multo
1977 975 2162 1034 etiam
2198 972 2306 1032 mi-

379 1073 630 1133 rabilius
671 1075 765 1131 est
803 1071 952 1130 illud
989 1068 1184 1150 μέχρις
1220 1063 1296 1131 οὗ
1332 1072 1432 1132 vel
1469 1069 1634 1150 ὅτου,
1670 1074 1828 1148 quod
1864 1091 2000 1132 cum
2036 1072 2306 1148 genitivo

378 1170 760 1230 coniunctum
799 1169 961 1244 apud
988 1168 1360 1228 Herodotum
1390 1188 1595 1229 omnes
1631 1169 1769 1228 inde
1805 1169 1882 1227 ab
1910 1169 1986 1227 H.
1999 1168 2306 1245 Stephano

376 1267 439 1325 in
487 1265 664 1325 Thes
712 1285 767 1326 v.
815 1261 1009 1346 μέχρι,
1063 1285 1120 1342 p.
1152 1268 1300 1343 952,
1338 1264 1500 1344 B,C,
1559 1266 1635 1325 ad
1689 1267 1847 1325 hunc
1900 1284 2092 1341 usque
2146 1267 2306 1325 diem

375 1362 539 1423 illius
586 1364 788 1440 potius
837 1383 1016 1441 quam
1060 1362 1445 1423 librariorum
1494 1381 1626 1423 esse
1666 1362 2064 1423 crediderunt.
2131 1361 2305 1432 Quo-d

376 1478 664 1538 graecum
710 1479 842 1521 esse
901 1461 1142 1521 credam
1185 1463 1320 1521 tum
1368 1480 1554 1538 quum
1606 1460 1874 1521 melioris
1929 1479 2109 1538 quam
2165 1464 2307 1521 sunt

375 1557 519 1617 libri
554 1558 867 1634 Herodoti,
916 1559 1078 1620 omni
1121 1559 1408 1620 vitiorum
1443 1578 1666 1636 genere
1710 1558 2120 1637 contaminati,
2164 1557 2306 1619 fidei

376 1656 551 1717 testis
589 1656 1005 1718 confirmatum
1040 1656 1247 1717 videro
1283 1655 1632 1714 testimonio
1669 1656 1782 1715 hoc
1819 1656 2015 1717 omnis
2052 1656 2306 1716 rationis

378 1773 587 1831 expers
633 1773 823 1831 genus
869 1752 1171 1829 loquendi.
1182 1743 1248 1831 ²¹⁸)

554 1849 865 1929 Μίγνυμι,
918 1867 1104 1925 quum
1151 1846 1443 1906 aoristum
1498 1849 1827 1907 seeundum
1882 1848 2111 1924 passivi
2158 1849 2305 1909 alibi

379 1965 451 2013 ex
494 1946 668 2005 libris
714 1945 1037 2022 receperit,
1090 1945 1348 2005 fortasse
1395 1945 1578 2004 etiam
1617 1947 1677 2019 4,
1705 1946 1807 2020 37,
1838 1942 1900 2023 2,
1943 1944 2048 2004 ubi
2092 1941 2308 2023 ἀναμι-

380 2039 651 2123 χθέντες,
706 2047 769 2105 et
827 2046 884 2122 5,
915 2046 1018 2121 33,
1050 2047 1116 2122 1,
1170 2043 1275 2102 ubi
1330 2039 1693 2123 μιχθέντων,
1748 2047 1811 2104 et
1868 2046 1925 2121 5,
1957 2046 2060 2121 55,
2087 2047 2149 2123 4,
2201 2046 2309 2105 ubi

377 2138 663 2222 μιχθέντα
699 2144 988 2220 sequente
1024 2162 1162 2203 mox
1199 2143 1393 2202 altera
1435 2142 1647 2221 forma,
1695 2161 1849 2220 quae
1893 2146 1988 2203 tot
2033 2143 2167 2203 aliis
2215 2147 2311 2204 est

376 2240 552 2318 locis,
610 2242 672 2301 et
720 2242 778 2318 5,
809 2241 977 2317 80,1
996 2286 1011 2315 ,
1067 2240 1171 2299 ubi
1219 2236 1680 2318 ἐπιμιχθέντων,
1733 2240 1874 2300 libri
1933 2241 2182 2318 fallunt,
2237 2244 2309 2300 ut

377 2332 771 2415 έκδαρθέντος
814 2337 914 2396 vel
960 2335 1174 2411 optimi
1213 2328 1328 2417 (D)
1374 2355 1483 2410 pro
1531 2333 1877 2415 ἐκδαρέντος
1915 2339 1974 2413 4,
2004 2339 2109 2413 47,
2140 2339 2197 2415 5,
2245 2340 2308 2397 et

375 2452 530 2493 unus
577 2425 691 2514 (A)
740 2428 1113 2511 ἆρπαχθεῖσα
1156 2452 1265 2508 pro
1314 2428 1645 2513 ἁρπαγεῖσα
1681 2436 1740 2510 4,
1773 2436 1872 2505 72,
1908 2435 1964 2509 2,
2025 2433 2140 2492 etsi
2186 2452 2307 2492 non

377 2534 471 2591 est
516 2549 621 2590 cur
665 2529 730 2589 in
774 2530 886 2590 hoc
931 2529 1171 2605 quidem
1216 2530 1402 2590 verbo
1448 2548 1572 2590 non
1607 2529 1830 2606 duplex
1864 2527 2127 2588 Diodoro
2167 2547 2306 2590 con-

374 2627 621 2688 cedatur
664 2628 862 2688 forma
906 2645 1094 2704 aeque
1137 2627 1382 2688 usitata.

554 2723 795 2803 Μικρὸς
821 2726 1078 2804 tantum,
1105 2745 1224 2786 non
1253 2721 1496 2805 σμικρὸς
1524 2743 1713 2801 quum
1742 2722 1963 2783 dixerit
1989 2723 2308 2805 DiodoruS,

377 2821 792 2903 σμικρολογίαν
831 2822 934 2901 30,
966 2824 1068 2901 21,
1099 2825 1136 2883 3
1185 2822 1603 2902 corrigendum
1648 2820 1906 2883 videtur.

557 2919 779 2992 Μίνως
811 2921 1143 2981 Diodorum
1179 2921 1417 2982 flexisse
1452 2920 1661 2999 Μίνω,
1697 2919 1907 3005 Μίνῳ,
1943 2919 2151 2997 Μίνω,
2186 2938 2307 2979 11011

375 3023 448 3081 ut
494 3037 673 3096 saepe
718 3016 789 3078 fit
834 3018 899 3078 in
946 3018 1118 3077 libris
1157 3016 1437 3096 Μίνωος,
1482 3017 1715 3094 Μίνωι,
1760 3016 2009 3093 Μίνωα,
2053 3034 2175 3075 11011
2212 3019 2307 3075 est

377 3115 795 3192 dubitandum,
842 3115 960 3176 etsi
1004 3115 1147 3175 libri
1189 3115 1281 3175 ita
1324 3118 1392 3175 in
1435 3118 1696 3194 utraque
1732 3115 1928 3174 forma
1971 3112 2191 3172 ludunt
2233 3114 2308 3171 ut

374 3215 441 3275 in
474 3214 684 3274 formis
715 3205 980 3272 Ἀπόλλω
1018 3215 1080 3271 et
1108 3204 1473 3290 Ἀπόλλωνα,
1516 3213 1621 3273 sed
1659 3211 1897 3288 saepius
1926 3211 2308 3271 consentiunt

523 3424 575 3492 ⁸¹³)
615 3423 773 3493 μέχρι
806 3426 938 3478 ante
967 3423 1211 3494 vocaleS,
1249 3423 1413 3495 μέχρι
1450 3418 1586 3479 ὅτου
1617 3425 1750 3479 ante
1779 3424 2151 3479 consonantes
2177 3423 2307 3478 Dio-

379 3501 581 3556 dorum
614 3501 956 3571 praetulisse
992 3502 1306 3560 arbitratur
1340 3503 1589 3561 Kaelker
1621 3522 1677 3574 p.
1709 3510 1830 3559 310.
