2569 4061
14 18 2554 94 —

23 267 32 394 ζ
1078 297 1104 350 1
1142 304 1227 353 96.
1267 303 1353 353 97.
2064 297 2190 363 153

265 458 607 546 γουμένην
655 467 917 545 οἴκησιν
952 470 1087 525 τῶν
1123 463 1645 544 μετηλλαχότων,
1691 464 1809 528 τὸν
1844 461 2024 546 παρὰ
2068 462 2191 544 τὴν

265 570 512 653 λίμνην
584 569 791 632 τόπον
863 567 985 649 τὴν
1056 564 1480 649 καλουμένην
1551 563 1674 649 μὲν
1739 565 2190 653 Ἀχερουσίαν,

265 676 553 768 πλησίον
600 670 674 739 δὲ
721 667 934 739 οὖσαν
978 680 1095 755 τῆς
1130 670 1493 756 Μέμφεως,
1541 673 1757 737 ὄντων
1791 671 1942 756 περὶ
1979 673 2190 755 αὐτὴν

268 781 613 864 λειμώνων
663 784 1065 861 καλλίστων,
1130 778 1323 854 ἕλους
1380 775 1493 843 καὶ
1553 782 1772 843 λωτοῦ
1825 775 1936 842 καὶ
1993 779 2189 842 καλά-

211 902 239 941 5
271 908 420 969 μου.
502 885 889 962 ἀκολούθως
928 879 989 950 δ’
1033 886 1345 969 εἰρῆσθαι
1390 883 1503 949 καὶ
1546 884 1621 947 τὸ
1668 893 2001 948 κατοικεῖν
2035 886 2192 959 τοὺς

270 994 781 1076 τελευτήσαντας
816 991 892 1057 ἐν
926 991 1190 1067 τούτοις
1224 1000 1365 1066 τοῖς
1401 992 1628 1065 τόποις
1666 989 1778 1054 διὰ
1804 988 1879 1051 τὸ
1906 988 2022 1064 τὰς
2057 998 2192 1053 τῶν

269 1099 657 1179 Αἰγυπτίων
683 1098 898 1181 ταφὰς
933 1097 1049 1171 τὰς
1074 1097 1384 1171 πλείστας
1410 1092 1521 1159 καὶ
1549 1097 1859 1179 μεγίστας
1895 1092 2193 1158 ἐνταῦθα

265 1207 609 1287 γίνεσθαι,
666 1198 1350 1288 διαπορθμευομένων
1404 1196 1525 1283 μὲν
1577 1211 1712 1265 τῶν
1766 1210 2023 1285 νεκρῶν
2080 1200 2193 1265 διά

266 1332 335 1375 τε
380 1319 502 1375 τοῦ
548 1317 849 1392 ποταμοῦ
894 1304 1005 1374 καὶ
1050 1315 1165 1389 τῆς
1212 1304 1634 1391 Ἀχερουσίας
1686 1309 1952 1391 λίμνης,
2010 1312 2191 1371 τιθε-

186 1429 239 1468 10
267 1415 489 1499 μένων
543 1412 620 1481 δὲ
674 1424 809 1480 τῶν
853 1413 1179 1496 σωμάτων
1226 1412 1320 1487 είς
1376 1413 1492 1487 τὰς
1546 1411 1843 1478 ἐνταῦθα
1884 1412 2191 1498 κειμένας

264 1525 501 1604 θήκας.
580 1528 972 1603 συμφωνεῖν
1010 1514 1084 1583 δὲ
1127 1515 1239 1581 καὶ
1281 1518 1490 1582 τᾶλλα
1524 1520 1604 1582 τὰ
1647 1520 1827 1603 παρὰ
1870 1530 2010 1596 τοῖς
2038 1516 2186 1585 ’Ἑλ-
2225 1538 2258 1588 8

267 1631 425 1708 λησι
468 1619 628 1690 καθ’
680 1622 852 1711 ᾅδου
897 1623 1456 1707 μυθολογούμενα
1510 1634 1650 1699 τοῖς
1695 1626 1790 1687 ἔτι
1833 1632 1962 1689 νῦν
2007 1649 2189 1707 γινο-

268 1729 497 1814 μένοις
548 1723 691 1795 κατ’
752 1735 1121 1811 Αἴγυπτον·
1178 1730 1254 1793 τὸ
1311 1724 1433 1812 μὲν
1488 1728 1617 1812 γὰρ
1674 1729 2056 1811 διακομίζον
2111 1732 2192 1794 τὰ

266 1835 539 1919 σώματα
590 1840 828 1901 πλοῖον
880 1838 1080 1921 βᾶριν
1131 1839 1518 1917 καλεῖσθαι,
1573 1835 1648 1899 τὸ
1705 1830 1766 1897 δ’
1821 1832 2193 1918 ἐπίβαθρον

163 1956 235 1995 ·15
266 1944 584 2027 [νόμισμα
629 1943 749 2008 τὸν
786 1941 1055 2023 ὀβολὸν]
1094 1948 1186 2029 τῷ
1232 1946 1530 2024 πορθμεῖ
1564 1941 1904 2022 δίδοσθαι,
1950 1944 2191 2005 καλου-

266 2047 441 2136 μένῳ
494 2046 661 2113 κατὰ
705 2048 828 2131 τὴν
879 2047 1202 2132 ἐγχώριον
1258 2047 1608 2113 διάλεκτον
1661 2048 1930 2132 χάρωνι.
2015 2042 2187 2112 εἶναι
2227 2068 2259 2117 9

266 2151 339 2218 δὲ
384 2153 655 2236 λέγουσι
698 2155 986 2237 πλησίον
1029 2163 1165 2217 τῶν
1211 2155 1435 2218 τόπων
1472 2154 1729 2218 τούτων
1765 2152 1876 2218 καὶ
1924 2156 2189 2230 σκοτίας

254 2256 528 2343 Ἑκάτης
572 2260 756 2345 ἱερὸν
799 2255 910 2323 καὶ
955 2258 1169 2334 πύλας
1213 2260 1542 2323 Κωκυτοῦ
1586 2256 1697 2322 καὶ
1741 2260 1982 2342 Λήθης
2026 2260 2188 2326 διει-

264 2365 595 2450 λημμένας
652 2369 919 2449 χαλκοῖς
965 2365 1249 2448 ὀχεῦσιν.
1340 2363 1664 2449 ὑπάρχειν
1710 2361 1784 2428 δὲ
1827 2363 1938 2430 καὶ
1984 2365 2189 2442 ἄλλας

184 2476 239 2516 2⁰
264 2472 476 2548 πύλας
513 2469 884 2556 Ἀληθείας,
928 2469 1040 2536 καὶ
1085 2473 1372 2553 πλησίον
1407 2470 1666 2535 τούτων
1711 2471 1993 2536 εἴδωλον
2039 2470 2184 2538 ἀκέ-

266 2581 485 2660 φαλον
540 2575 807 2643 ἑστάναι
862 2579 1092 2661 Δίκης.
1182 2578 1399 2641 πολλὰ
1465 2573 1539 2642 δὲ
1597 2575 1709 2642 καὶ
1770 2587 1905 2643 τῶν
1959 2579 2182 2644 ἄλλων
2202 2580 2286 2645 97

261 2693 396 2748 τῶν
450 2680 1093 2768 μεμυθοποιημένων
1153 2682 1493 2766 διαμένειν
1556 2681 1710 2769 παρ’
1763 2686 2180 2770 Αἰγυπτίοις,

261 2788 785 2876 διατηρουμένης
837 2791 933 2854 ἔτι
985 2796 1101 2871 τῆς
1158 2789 1610 2874 προσηγορίας
1653 2787 1763 2853 καὶ
1808 2798 1923 2873 τῆς
1968 2791 2042 2856 ἐν
2087 2798 2178 2879 τῷ

259 2897 570 2981 πράττειν
634 2895 981 2982 ἐνεργείας.
1073 2893 1147 2959 ἐν
1201 2890 1325 2977 μὲν
1379 2895 1506 2980 γὰρ
1567 2891 1914 2961 Ἀκανθῶν
1966 2900 2177 2980 πόλει,
2215 2916 2249 2963 2

183 3006 233 3046 2⁵
258 3001 468 3088 πέραν
521 3011 641 3068 τοῦ
688 3005 945 3066 Νείλου
998 3002 1163 3067 κατὰ
1215 3001 1338 3083 τὴν
1382 3001 1649 3084 Λιβύην
1705 3000 1832 3065 ἀπὸ
1888 3003 2179 3067 σταδίων

161 3117 256 3165 109
277 3106 511 3174 ἑκατὸν
546 3106 658 3173 καὶ
694 3113 902 3172 εἴκοσι
943 3115 1058 3189 τῆς
1092 3104 1453 3190 Μέμφεως,
1499 3107 1710 3171 πίθον
1746 3101 1918 3171 εἶναι
1954 3126 2176 3187 τετρη-

259 3213 484 3297 μένον,
531 3214 627 3289 εἰς
674 3212 754 3277 ὃν
799 3224 933 3277 τῶν
971 3210 1202 3297 ἱερέων
1244 3210 1559 3294 ἑξήκοντα
1603 3209 1713 3276 καὶ
1758 3210 2177 3293 τριακοσίους

399 3411 435 3459 4
475 3399 616 3460 ἰλῶν
653 3403 708 3457 II
835 3408 900 3457 15
939 3400 1185 3472 νόμισμα
1222 3398 1323 3456 τὸν
1363 3397 1568 3474 ὀβολὸν
1607 3400 1713 3455 del.
1746 3395 1978 3454 Schfifer
2105 3400 2171 3447 21

256 3476 368 3530 τῶν
405 3470 613 3546 ἄλλων]
652 3470 794 3529 ἄλλα
830 3473 883 3527 ΙΙ
999 3480 1066 3529 22
1107 3471 1662 3542 μεμυθολογημένων
1699 3470 1750 3524 II
1873 3470 1940 3519 23
1977 3483 2174 3533 τηρου-

258 3545 430 3615 μένης
459 3545 566 3600 OF
705 3549 775 3600 24
814 3540 1109 3614 ἐναργείας
1143 3542 1367 3595 Reiske.
1750 3622 1856 3674 11*
