2569 4061
393 271 524 336 236
1059 268 1368 324 DIODORI
1407 268 1641 325 SICULI

391 443 604 501 τεῦον.
670 429 1172 517 ἀλειτούργητοι
1206 433 1337 517 γὰρ
1375 433 1562 508 ὄντες
1599 431 1670 497 oc
1701 433 2067 516 φιλόσοφοι
2103 430 2322 514 πάσης

396 539 764 624 ὑπουργίας
800 532 957 603 οὔθ’
992 537 1236 624 ἑτέρων
1261 539 1694 623 κυριεύουσιν
1732 531 1890 602 οὔθ’
1922 531 2040 621 ὑφ’
2076 534 2321 620 ἑτέρων

324 668 358 716 2
400 646 844 722 δεσπόζονται.
907 643 1541 730 παραλαμβάνονται
1572 640 1633 708 δ’
1660 643 1790 709 ὑπὸ
1819 639 1941 727 μὲν
1976 653 2111 707 τῶν
2141 643 2322 709 ἰδιω-

392 761 528 815 τῶν
573 756 669 828 εἴς
712 774 782 816 τε
826 752 944 829 τὰς
1000 750 1074 816 έν
1118 758 1210 838 τῷ
1257 752 1383 839 βίω
1437 752 1686 827 θυσίας
1729 748 1839 815 καὶ
1885 751 1981 826 εἰς
2024 750 2143 826 τὰς
2185 760 2322 815 τῶν

393 861 951 942 τετελευτηκότων
978 856 1371 942 ἐπιμελείας,
1400 857 1490 933 ὡς
1515 862 1707 933 θεοῖς
1733 858 2080 939 γεγονότες
2115 872 2321 942 προσ·
2348 871 2377 911 5

395 962 780 1047 φιλέστατοι
824 960 937 1027 καὶ
981 959 1134 1046 περὶ
1178 972 1315 1027 τῶν
1362 960 1435 1026 έν
1481 959 1656 1048 ᾅδου
1701 959 1962 1046 μάλιστ’
1998 960 2322 1047 ἐμπείρως

395 1072 678 1153 ἔχοντες,
713 1069 957 1151 ταύτης
991 1090 1061 1132 τε
1097 1075 1214 1149 τῆς
1250 1067 1622 1153 ὑπουργίας
1659 1068 1843 1153 δῶρά
1878 1090 1948 1132 τε
1984 1066 2097 1132 καὶ
2129 1070 2323 1153 τιμὰς

396 1176 856 1260 λαμβάνουσιν
911 1172 1326 1256 ἀξιολόγους·
1381 1182 1473 1262 τῷ
1529 1170 1605 1238 δὲ
1658 1180 1863 1261 κοινῷ
1913 1184 2050 1239 τῶν
2090 1169 2322 1240 Ἰνδῶν

394 1280 680 1365 μεγάλας
734 1278 1133 1365 παρέχονται
1187 1282 1412 1365 χρείας
1469 1282 2140 1366 παραλαμβανόμενοι
2198 1276 2321 1364 μὲν

394 1386 559 1452 κατὰ
605 1386 681 1450 τὸ
728 1385 886 1451 νέον
932 1387 1078 1463 ἔτος
1132 1384 1240 1451 ἐπὶ
1283 1387 1408 1470 τὴν
1453 1387 1747 1471 μεγάλην
1793 1386 2118 1470 σύνοδον,
2162 1406 2319 1472 προ·
2348 1405 2405 1444 10

394 1490 700 1576 λέγοντες
755 1489 830 1558 δὲ
882 1504 1024 1570 τοῖς
1077 1496 1367 1577 πλήθεσι
1420 1491 1574 1578 περὶ
1628 1493 1899 1577 αὐχμῶν
1952 1489 2064 1557 καὶ
2126 1491 2320 1577 ἐπομ-

393 1602 617 1685 βρίας,
664 1602 760 1666 ἔτι
808 1596 871 1665 δ’
925 1598 1188 1685 ἀνέμων
1243 1601 1560 1676 εὐπνοίας
1602 1597 1714 1664 καὶ
1763 1601 1986 1664 νόσων
2031 1598 2143 1664 καὶ
2186 1609 2321 1665 τῶν

394 1707 617 1772 ἄλλων
669 1717 805 1772 τῶν
863 1706 1260 1791 δυναμένων
1319 1708 1476 1782 τοὺς
1531 1704 1900 1782 ἀκούοντας
1962 1704 2319 1789 ὠφελῆσαι.

393 1815 475 1878 τὰ
520 1811 845 1898 μέλλοντα
888 1814 1017 1898 γὰρ
1063 1813 1601 1897 προακούσαντες
1637 1812 1709 1876 οἳ
1747 1835 1818 1875 τε
1853 1810 2091 1877 πολλοὶ
2135 1810 2245 1878 καὶ
2284 1812 2320 1878 ὁ

394 1922 707 2005 βασιλεὺς
762 1918 1209 2003 ἐκπληροῦσιν
1264 1915 1368 1982 ἀεὶ
1413 1918 1489 1982 τὸ
1545 1916 1789 2002 μέλλον
1835 1915 2160 1984 ἐκλείπειν
2209 1917 2320 1984 καὶ
2348 1935 2400 1976 15

394 2025 1129 2113 προκατασκευάζουσιν
1166 2023 1277 2090 ἀεί
1306 2048 1371 2089 τι
1405 2035 1542 2090 τῶν
1576 2027 1937 2111 χρησίμων.
1996 2024 2032 2091 ὁ
2073 2022 2133 2090 δ’
2161 2023 2324 2091 ἀπο-

393 2133 615 2218 τυχὼν
667 2143 803 2198 τῶν
848 2134 1245 2216 φιλοσόφων
1304 2130 1377 2197 ἐν
1421 2142 1566 2208 ταῖς
1617 2134 2068 2218 προρρήσεσιν
2111 2133 2324 2217 ἄλλην

395 2236 518 2324 μὲν
573 2239 895 2324 οὐδεμίαν
949 2237 1338 2323 ἀναδέχεται
1390 2241 1716 2324 τιμωρίαν
1768 2237 1810 2322 ἢ
1869 2241 2322 2324 βλασφημίαν,

324 2368 360 2416 4
396 2348 670 2431 ἄφωνος
717 2343 790 2412 δὲ
838 2348 1130 2412 διατελεῖ
1177 2347 1299 2410 τὸν
1343 2347 1582 2410 λοιπὸν
1627 2347 1796 2428 βίον.
1890 2346 2207 2430 δεύτερον
2253 2343 2316 2408 δ’

397 2451 537 2518 ἐστὶ
573 2452 773 2538 μέρος
816 2453 892 2519 τὸ
937 2462 1073 2516 τῶν
1107 2462 1448 2536 γεωργῶν,
1498 2454 1569 2515 οἳ
1607 2460 1699 2539 τῷ
1745 2453 1992 2535 πλήθει
2037 2463 2172 2516 τῶν
2209 2453 2323 2516 ἄλ-
2351 2470 2406 2509 20

395 2563 535 2624 λων
597 2560 771 2622 πολὺ
829 2556 1138 2642 προέχειν
1201 2557 1540 2622 δοκοῦσιν.
1633 2552 1822 2623 οὗτοι
1883 2553 1957 2622 δὲ
2015 2557 2324 2643 πολέμων

393 2661 506 2728 καὶ
542 2671 657 2744 τῆς
702 2663 905 2746 ἄλλης
941 2665 1358 2748 λειτουργίας
1395 2662 1742 2748 ἀφειμένοι
1779 2662 1931 2750 περὶ
1967 2666 2083 2742 τὰς
2116 2688 2323 2750 γεωρ-

393 2771 542 2852 γίας
570 2768 1038 2853 ἀσχολοῦνται·
1075 2768 1187 2834 καὶ
1219 2768 1442 2847 οὐδεὶς
1479 2768 1565 2836 ἀν
1600 2770 1914 2856 πολέμιος
1949 2773 2323 2857 περιτυχὼν

392 2883 665 2963 γεωργῷ
724 2876 890 2941 κατὰ
946 2877 1070 2959 τὴν
1132 2877 1359 2963 χώραν
1419 2876 1796 2961 ἀδικήσειεν
1855 2879 1971 2961 ἄν,
2033 2873 2177 2944 ἀλλ’
2231 2878 2321 2954 ὡς

393 2985 664 3060 κοινοὺς
710 2980 1057 3068 εὐεργέτας
1101 2983 1465 3068 ἡγούμενοι
1500 2985 1715 3066 πάσης
1750 2983 2010 3061 ἀδικίας
2046 2982 2322 3069 ἀπέχον-
2351 3001 2404 3043 86

324 3110 356 3160 5
395 3113 521 3155 ται.
615 3091 846 3174 διόπερ
907 3089 1332 3176 ἀδιάφθορος
1389 3090 1431 3173 ἡ
1491 3091 1676 3176 χώρα
1740 3089 2147 3175 διαμένουσα
2211 3088 2322 3156 καὶ

393 3206 673 3281 καρποῖς
707 3198 1046 3281 βρίθουσα
1080 3197 1338 3279 πολλὴν
1384 3196 1757 3261 ἀπόλαυσιν
1792 3195 2142 3282 παρέχεται
2187 3207 2323 3261 τῶν

396 3299 788 3384 ἐπιτηδείων
814 3312 954 3378 τοῖς
982 3302 1385 3388 ἀνθρώποις.
1449 3306 1674 3384 βιοῦσι
1712 3301 1775 3366 δ’
1810 3300 1918 3367 ἐπὶ
1953 3312 2069 3387 τῆς
2105 3303 2322 3388 χώρας

490 3518 503 3534 .
537 3460 570 3508 3
610 3453 773 3510 ἰδίων
809 3455 963 3526 vulg.
1072 3463 1107 3511 4
1143 3476 1203 3512 τε
1244 3474 1352 3512 om.
1393 3457 1440 3509 D
1550 3456 1673 3527 καὶ]
1710 3476 1771 3512 τε
1809 3456 1909 3512 καὶ
1944 3458 1999 3512 II
2102 3464 2164 3512 11
2203 3463 2323 3521 τοῖς

394 3523 642 3585 πληθεσι
681 3542 792 3580 om.
832 3525 885 3578 11
1028 3525 1151 3598 καὶ]
1190 3527 1290 3582 καὶ
1326 3528 1424 3594 τῆς
1459 3525 1509 3579 D
1656 3533 1727 3581 24
1764 3524 1835 3581 ἂν
1876 3544 1985 3583 om.
2021 3528 2174 3598 vulg.
