2569 4061
460 189 594 245 XIV
1213 185 1642 242 PRAEFATIO.

394 355 445 417 O
650 355 846 416 Simili
890 354 1066 414 modo
1111 353 1299 414 codex
1325 353 1662 413 Vaticanus
1699 353 1946 430 quidam
1983 353 2207 413 saeculi
2243 353 2397 413 XIII

466 447 637 535 (edit.
666 452 858 514 Wess,
885 452 918 512 I
952 445 1199 532 praefi),
1263 451 1436 511 cuius
1480 450 1844 528 principium
1889 453 1951 511 et
2003 450 2185 511 finem
2224 450 2396 512 Wes-

467 551 756 630 selingius
799 550 995 610 Roma
1052 550 1286 627 accepit
1333 545 1442 629 (ib.
1478 550 1510 608 I
1544 569 1605 626 p.
1635 539 1828 628 399),
1881 548 2040 608 liber
2083 552 2398 626 tamquam

463 649 707 709 hibrida
750 648 935 708 fuisse
980 647 1246 724 videtur,
1308 647 1531 723 quippe
1578 645 1684 723 qui
1727 646 1792 706 in
1835 646 2051 723 primis
2097 647 2398 724 capitibus

467 746 762 807 secundae
819 746 997 806 classi
1060 744 1436 821 propinquus
1497 743 1806 821 praecisus
1862 744 1945 803 sit
1995 746 2138 819 post
2189 761 2398 804 vocem

464 838 722 922 κατέσχε,
766 844 840 903 ut
883 843 939 901 D
987 843 1233 918 eiusque
1278 841 1617 920 progenies.

644 940 914 1000 Venetus
969 939 1158 999 codex
1216 940 1347 1000 374
1404 940 1757 999 chartaceus
1826 938 2050 998 saeculi
2102 937 2228 997 fere
2281 936 2396 996 XV

465 1038 750 1097 foliorum
788 1038 914 1096 242
967 1030 1060 1117 (in
1096 1028 1192 1117 8⁰)
1239 1054 1313 1094 ex
1357 1036 1530 1096 libris
1565 1035 1940 1096 Bessarionis
1977 1034 2296 1095 cardinalis
2333 1035 2400 1093 in

370 1202 382 1212 ,
467 1134 836 1195 bibliotheca
878 1133 1208 1192 Marciana:
1257 1133 1598 1211 descriptus
1646 1136 1742 1193 est
1786 1151 1823 1192 a
1860 1132 2117 1210 Georgio
2155 1131 2399 1191 Schnei-

469 1232 575 1291 der
621 1225 848 1311 (progr.
894 1229 1093 1290 Berol.
1150 1230 1324 1290 1884
1369 1250 1427 1307 p.
1460 1225 1556 1312 8),
1611 1230 1717 1306 qui
1763 1230 2063 1308 congestis
2109 1229 2400 1305 exemplis

469 1329 618 1388 satis
639 1328 850 1388 multis
876 1329 1037 1388 hunc
1063 1328 1289 1387 librum
1305 1328 1494 1404 priori
1523 1328 1701 1388 classi
1728 1327 2090 1387 familiarem
2116 1331 2180 1387 et
2207 1326 2401 1387 codici

468 1424 527 1484 A
574 1425 948 1486 simillimum
993 1443 1123 1485 esse
1170 1424 1389 1484 docuit.

899 1600 1201 1658 CODICES
1240 1601 1629 1657 SECUNDAE
1670 1601 1977 1657 CLASSIS.
2101 1626 2108 1637 «

410 1714 455 1776 O
654 1717 988 1779 Vaticanus
1034 1710 1220 1777 codek
1267 1719 1396 1776 130
1441 1717 1507 1774 in
1551 1717 1761 1774 charta
1796 1715 2167 1792 Pergamena
2213 1715 2401 1792 scrip-

470 1817 569 1874 tus
627 1815 864 1874 saeculo
902 1813 1048 1872 XII:
1116 1811 1221 1888 qui
1281 1811 1555 1886 quamvis
1620 1811 1833 1869 multis
1886 1811 2118 1870 lacunis
2172 1812 2400 1889 glosse-

386 1978 401 1983 ,
469 1910 649 1970 matis
696 1910 940 1971 scholiis
986 1910 1243 1982 scateat,
1301 1908 1569 1968 omnium
1611 1909 1817 1967 tamen
1873 1907 2262 1985 dignissimus
2307 1909 2402 1970 vi—

469 2007 667 2086 detur,
710 2007 816 2085 qui
860 2007 1082 2067 iterum
1127 2004 1480 2085 diligentius
1524 2005 1925 2084 perquiratur.
2001 2004 2232 2075 Quibus
2268 2027 2403 2069 ver-

469 2106 564 2167 bis
623 2106 1004 2167 collationem
1060 2104 1126 2164 in
1181 2104 1444 2164 editione
1491 2102 1974 2182 Wesselingiana
2025 2105 2401 2180 propositam

469 2203 892 2282 neglegentiae
917 2219 1297 2279 nequaquam
1322 2202 1670 2262 insimulare
1699 2202 1931 2277 studeo,
1966 2202 2149 2261 immo
2189 2206 2403 2262 auctor

473 2300 603 2359 eius
659 2299 921 2376 gratiam
971 2301 1244 2357 nostram
1303 2301 1486 2374 atque
1540 2297 1726 2357 etiam
1790 2299 2030 2357 laudem
2086 2299 2203 2358 sibi
2258 2319 2397 2359 con-

473 2395 721 2469 ciliavit,
760 2395 865 2454 sed
903 2395 998 2453 est
1032 2411 1139 2453 cur
1176 2412 1249 2453 ex
1282 2394 1397 2454 hoc
1432 2394 1589 2454 libro
1631 2395 1885 2454 alterius
1922 2395 2131 2455 classis
2168 2397 2399 2473 optimo

471 2495 610 2569 post
646 2494 889 2551 centum
913 2490 1041 2550 fere
1068 2490 1508 2568 quinquaginta
1535 2510 1720 2551 annos
1758 2477 1950 2552 denuo
1979 2493 2197 2553 collato
2226 2493 2401 2571 spici-

472 2590 703 2667 legium
747 2589 908 2648 haud
954 2589 1356 2664 spernendum
1400 2589 1671 2666 conquiri
1715 2606 1891 2665 posse
1938 2589 2320 2650 arbitremur.

401 2690 454 2749 L
651 2686 1092 2747 Laurentianus
1131 2686 1318 2747 codex
1359 2689 1440 2746 16
1478 2686 1673 2764 plutei
1708 2684 1871 2745 LXX
1907 2688 2399 2749 membranaceus

473 2787 538 2845 in
574 2777 646 2845 4⁰
681 2783 913 2843 minore
951 2801 1102 2845 saec.
1140 2782 1252 2842 XV
1296 2784 1699 2844 nitidissimus
1739 2785 2080 2863 optimeque
2119 2790 2399 2847 servatus

476 2884 715 2945 constat
757 2881 919 2941 foliis
971 2883 1094 2941 167
1144 2873 1459 2960 (Blandini
1494 2882 1671 2942 catal.
1710 2881 1835 2942 cod.
1876 2882 2080 2944 Graec.
2109 2883 2172 2943 H
2211 2878 2397 2965 676):

476 2981 647 3042 cuius
692 2979 835 3039 libri
867 2980 1243 3040 luculentum
1280 2979 1583 3054 specimen
1609 2978 2011 3059 Wesselingio
2047 2980 2296 3041 miserat
2322 2981 2397 3043 A.

478 3077 795 3150 Cocchius,
841 3095 978 3154 qu0,
1027 3075 1172 3153 quia
1216 3076 1479 3152 spissum
1523 3079 1586 3136 et
1627 3076 1994 3154 bibliopolae
2043 3078 2399 3139 damnosum

475 3176 795 3236 videbatur
846 3173 1187 3251 negotium,
1248 3173 1374 3232 frui
1418 3173 1817 3252 Wesselingio
1875 3193 1997 3234 non
2047 3175 2235 3235 licuit.
2325 3177 2400 3235 Id

476 3278 682 3333 tamen
745 3271 895 3333 satis
959 3271 1411 3332 animadvertit·
1449 3272 1514 3331 in
1574 3270 1879 3347 plerisque
1951 3271 2110 3331 hunc
2172 3271 2400 3333 librum

478 3387 614 3429 cum
660 3369 1138 3430 claromontanis
1195 3361 1272 3450 (F
1311 3371 1374 3429 et
1409 3361 1490 3449 G)
1548 3369 1735 3428 amice
1794 3368 2130 3427 consentire
2175 3362 2399 3449 (Wess,

479 3466 571 3524 ed.
609 3465 641 3523 I
684 3458 924 3546 praefi).
968 3497 1057 3509 —
1104 3463 1437 3526 collatione
1481 3465 1715 3545 indiget
1759 3484 1829 3526 ac
1875 3463 2094 3542 dignus
2142 3469 2250 3526 est.
