2569 4061
407 171 614 228 LXXX
970 169 1498 228 ARGUMENTUM
1535 168 1669 229 LIB.
1711 171 1780 226 II.

398 288 523 405 331)
538 346 860 419 Religiosus
880 347 1273 405 defunctorum
1302 348 1485 405 cultus
1503 349 1780 419 quantum
1799 348 2042 405 valuerit
2059 350 2136 406 ad
2155 365 2338 406 mores

590 428 932 485 formandos.

407 515 502 564 94.
540 515 625 565 95.
663 508 1073 580 Aegyptiorum
1089 510 1494 582 legumlatores
1512 507 1750 577 Mneuis,
1769 507 2050 580 Sasyohis,
2069 508 2339 580 Sesoosis,

589 587 915 659 BocchoriS,
952 585 1193 658 Amasis,
1231 589 1451 644 Darius.

403 674 504 723 96.
544 668 746 725 Graeci
781 668 881 739 qui
908 667 1164 726 discendi
1201 668 1392 725 studio
1425 669 1488 724 in
1516 669 1777 740 Aegypto
1816 667 2165 740 peregrinati
2192 671 2337 726 sunt.

591 747 930 806 Graecorum
965 747 1150 819 mythi
1187 749 1258 803 de
1295 747 1490 805 inferis
1527 766 1595 803 ex
1632 749 1894 819 Aegypto
1929 749 2209 805 translati.

397 835 501 885 97.
539 828 749 885 Rerum
793 829 1034 885 aliarum
1081 826 1343 899 exempla
1389 843 1458 883 ex
1493 827 1752 898 Aegypto
1795 827 1857 882 in
1901 828 2193 884 Graeciam
2240 828 2335 882 ad-

591 911 896 964 vectatum.

399 993 501 1045 98.
541 990 619 1045 Ut
645 989 1046 1060 legumlatores
1075 990 1136 1043 et
1163 986 1505 1058 philosophi,
1533 988 1616 1044 ita
1644 987 1887 1044 artifices
1916 1003 2139 1058 quoque
2166 985 2336 1042 Grae-

590 1086 782 1125 corum
819 1067 1129 1140 Aegyptios
1164 1067 1376 1123 imitati
1412 1070 1559 1123 sunt.

1233 1253 1387 1313 LIB.
1436 1251 1514 1314 II.

447 1392 496 1443 1.
538 1385 887 1444 Breviarium
924 1387 1092 1458 primi
1140 1387 1290 1443 libri.
1365 1384 1536 1443 Asiae
1581 1386 1826 1443 historia
1868 1385 2087 1457 incipit.
2160 1385 2332 1457 Assy·

589 1467 802 1523 riorum
835 1468 1049 1539 primus
1086 1485 1183 1524 rex
1219 1467 1427 1524 Ninus:
1476 1468 1730 1525 delectos
1778 1467 2008 1524 iuvenes
2055 1471 2239 1524 armat
2274 1471 2332 1524 et

590 1565 714 1604 oum
744 1547 948 1604 Ariaeo
976 1565 1110 1619 rege
1137 1547 1383 1606 Arabiae
1421 1548 1751 1607 societatem
1780 1548 1901 1604 init.
1959 1547 2331 1619 Babyloniam

589 1631 648 1685 et
683 1627 1010 1685 Armeniam
1048 1629 1278 1698 subigit.

417 1715 493 1766 ..2.
536 1709 739 1765 Totam
775 1708 966 1764 Asiam
1012 1709 1162 1764 intra
1196 1708 1412 1764 Tanain
1459 1710 1521 1763 et
1553 1707 1747 1762 Nilum
1793 1707 2032 1778 imperio
2078 1707 2329 1763 subicere

586 1791 765 1859 parat.
838 1787 1192 1843 Domitarum
1229 1786 1483 1855 gentium
1518 1802 1794 1842 recensus.

431 1875 495 1922 3.
533 1867 714 1922 Ninus
741 1868 941 1923 urbem
965 1867 1254 1937 ingentem
1281 1866 1356 1922 ad
1375 1865 1719 1935 Euphratem
1748 1866 1987 1921 condere
2016 1865 2326 1935 constituit,

585 1945 796 2002 Ninum
832 1945 1197 2017 appellatam.

425 2034 493 2082 4.
534 2026 875 2096 Semiramis,
914 2027 1193 2084 Dercetun
1230 2027 1369 2083 deae
1397 2026 1529 2096 filia,
1569 2042 1605 2081 a
1640 2025 1914 2084 columbis
1950 2026 2164 2083 nutrita
2199 2030 2258 2085 et
2295 2045 2330 2082 a

587 2108 802 2164 Simma
835 2110 1061 2180 pastore
1096 2107 1254 2179 regio
1292 2108 1545 2165 educata.

426 2195 493 2244 «6.
532 2187 959 2246 Semiramidem
997 2188 1210 2259 Onnes,
1261 2187 1487 2245 consilii
1531 2187 1676 2258 regii
1710 2186 2002 2260 princepe,
2050 2188 2234 2260 primo
2269 2190 2329 2244 in

586 2268 945 2325 matrimonio
1001 2271 1296 2325 habuerat.
1370 2268 1505 2322 Nini
1549 2267 1898 2324 admirabilis
1953 2272 2149 2325 eontra
2191 2269 2328 2324 Bac·

582 2347 798 2403 trianos
835 2348 1125 2418 copiarum
1169 2362 1461 2416 numerus,
1512 2349 1867 2417 comparatus
1914 2363 2041 2402 eum
2088 2349 2327 2405 aliorum

583 2427 918 2496 populorum
955 2424 1311 2482 exercitibus.

423 2510 492 2560 43.
530 2505 750 2561 Primus
785 2506 1031 2576 impetus
1066 2504 1128 2560 in
1154 2503 1374 2574 Baetra,
1410 2502 1510 2560 ubi
1552 2504 1824 2574 Oxyartes
1861 2521 1961 2560 rex
1997 2505 2187 2562 sedem
2225 2506 2323 2562 ha·

583 2584 733 2655 buit,
784 2584 992 2641 irritus.
1065 2585 1131 2639 In
1175 2582 1315 2640 Nini
1361 2582 1565 2639 castris
1610 2584 1811 2640 aderat
1856 2585 2042 2641 Onnes
2088 2602 2324 2655 eumque

583 2668 777 2721 secuta
795 2665 1136 2733 Semiramis,
1163 2664 1324 2721 ouius
1351 2663 1588 2721 oonsilio
1615 2666 1675 2721 et
1700 2665 1941 2721 audacia
1968 2682 2066 2721 arx
2092 2665 2323 2722 tandem

585 2747 753 2816 capta
783 2747 885 2802 est.
942 2744 1193 2800 Mulieris
1230 2744 1290 2800 et
1325 2743 1802 2815 pulchritudinem
1832 2747 1905 2801 et·
1931 2745 2198 2801 virtutem
2227 2745 2323 2800 ad·

583 2826 820 2881 miratus
856 2825 1037 2881 Ninus
1075 2824 1229 2896 eofflt
1263 2825 1533 2880 maritum
1567 2827 1635 2880 ut
1668 2824 1777 2880 sibi
1811 2826 1978 2881 cedat
2012 2842 2260 2882 uxorem.

425 2912 495 2962 7.
530 2903 720 2974 Ninya
755 2904 904 2961 filius
939 2905 1076 2961 Nini
1110 2908 1172 2961 et
1207 2904 1608 2961 Semiramidis.
1682 2905 1832 2959 Nino
1882 2908 2104 2962 mortno
2140 2906 2323 2961 Semi·
2562 2932 2563 2997 ᾖ

582 2986 752 3041 ramis
808 2985 1077 3042 succedit.
1150 2984 1356 3040 Marito
1410 2985 1835 3041 monumentum
1879 2984 2043 3055 ponit
2092 2985 2325 3056 eiusque

584 3080 756 3136 opera
806 3065 1095 3121 aemulans
1139 3064 1488 3134 Babylonem
1533 3065 1772 3120 condere
1815 3064 2080 3122 instituit.
2156 3066 2322 3123 Urbis

581 3143 929 3216 magnitudo,
966 3142 1130 3211 muri,
1166 3144 1362 3201 turres.

433 3232 489 3281 8.
528 3226 677 3281 Pons
696 3222 973 3295 Euphrati
999 3222 1300 3294 impositus
1326 3224 1512 3296 iungit
1527 3225 1839 3296 Baylonem
1866 3226 2080 3284 urbem.
2111 3227 2323 3299 Regiae

580 3305 642 3360 in
677 3306 918 3375 utraque
954 3302 1082 3374 ripa
1115 3305 1367 3360 munitae
1403 3307 1464 3361 et
1496 3307 1796 3375 magnifiee
1832 3309 2080 3363 ornatae.

422 3388 491 3436 9.
528 3382 738 3452 Regiae
767 3383 1023 3440 cuniculo
1064 3384 1211 3440 inter
1241 3402 1300 3441 se
1329 3383 1679 3442 coniunctae.
1737 3384 1861 3441 Beli
1887 3386 2165 3457 templum
2193 3406 2320 3444 oum

580 3462 811 3529 specula
837 3462 1098 3520 siderum.
1163 3465 1411 3521 Deorum
1446 3466 1684 3537 statuae,
1719 3483 1932 3534 mensa,
1962 3483 2098 3523 vasa
2133 3485 2320 3525 aurea.
