<?xml version="1.0" encoding="UTF-8"?>
<!DOCTYPE html PUBLIC "-//W3C//DTD XHTML 1.0 Transitional//EN"
    "http://www.w3.org/TR/xhtml1/DTD/xhtml1-transitional.dtd">
<html xmlns="http://www.w3.org/1999/xhtml" xml:lang="en" lang="en">
 <head>
  <title>
</title>
<meta http-equiv="Content-Type" content="text/html;charset=utf-8" />
  <meta name='ocr-system' content='tesseract 3.04.00' />
  <meta name='ocr-capabilities' content='ocr_page ocr_carea ocr_par ocr_line ocrx_word'/>
</head>
<body>
  <div class='ocr_page' id='page_1' title='image "./diodoribiblioth02dindgoog_0387.png"; bbox 0 0 2569 4061; ppageno 0'>
   <div class='ocr_carea' id='block_1_1' title="bbox 1024 281 2150 349">
    <p class='ocr_par' dir='ltr' id='par_1_1' title="bbox 1024 281 2150 349">
     <span class='ocr_line' id='line_1_1' title="bbox 1024 281 2150 349; baseline -0.002 -14"><span class='ocrx_word' id='word_1_1' title='bbox 1024 281 1107 335; x_wconf 90' lang='lat'><strong><em>111</em></strong></span> <span class='ocrx_word' id='word_1_2' title='bbox 1147 287 1228 336; x_wconf 83' lang='lat'><strong><em>15.</em></strong></span> <span class='ocrx_word' id='word_1_3' title='bbox 1263 288 1345 338; x_wconf 83' lang='lat'><strong><em>16.</em></strong></span> <span class='ocrx_word' id='word_1_4' title='bbox 2020 284 2150 349; x_wconf 76' lang='lat'><strong><em>287</em></strong></span> 
     </span>
    </p>
   </div>
   <div class='ocr_carea' id='block_1_2' title="bbox 142 444 2227 3295">
    <p class='ocr_par' dir='ltr' id='par_1_2' title="bbox 142 444 2227 3295">
     <span class='ocr_line' id='line_1_2' title="bbox 227 444 2153 531; baseline 0.002 -24"><span class='ocrx_word' id='word_1_5' title='bbox 227 459 438 508; x_wconf 89' lang='grc' dir='ltr'><strong><em>σωσιν</em></strong></span> <span class='ocrx_word' id='word_1_6' title='bbox 503 444 766 528; x_wconf 79' lang='grc' dir='ltr'><em>ἰχθύων</em></span> <span class='ocrx_word' id='word_1_7' title='bbox 829 445 1276 509; x_wconf 76' lang='grc' dir='ltr'><strong><em>παντοδαπῶν</em></strong></span> <span class='ocrx_word' id='word_1_8' title='bbox 1344 448 1634 527; x_wconf 82' lang='grc' dir='ltr'><strong><em>πλῆθος,</em></strong></span> <span class='ocrx_word' id='word_1_9' title='bbox 1706 445 2153 531; x_wconf 78' lang='grc' dir='ltr'><strong><em>μεταφέρουσι</em></strong></span> 
     </span>
     <span class='ocr_line' id='line_1_3' title="bbox 223 548 2153 635; baseline 0.002 -21"><span class='ocrx_word' id='word_1_10' title='bbox 223 552 382 626; x_wconf 85' lang='grc' dir='ltr'><strong><em>τοὺς</em></strong></span> <span class='ocrx_word' id='word_1_11' title='bbox 437 548 823 635; x_wconf 79' lang='grc' dir='ltr'><strong><em>ληφθέντας</em></strong></span> <span class='ocrx_word' id='word_1_12' title='bbox 877 548 989 616; x_wconf 84' lang='grc' dir='ltr'><strong><em>καὶ</em></strong></span> <span class='ocrx_word' id='word_1_13' title='bbox 1042 551 1293 626; x_wconf 79' lang='grc' dir='ltr'><strong><em>πάντας</em></strong></span> <span class='ocrx_word' id='word_1_14' title='bbox 1350 550 1640 616; x_wconf 80' lang='grc' dir='ltr'><strong><em>ὀπτῶσιν</em></strong></span> <span class='ocrx_word' id='word_1_15' title='bbox 1694 550 1800 617; x_wconf 85' lang='grc' dir='ltr'><strong><em>ἐπὶ</em></strong></span> <span class='ocrx_word' id='word_1_16' title='bbox 1855 564 1990 616; x_wconf 80' lang='grc' dir='ltr'><strong><em>τῶν</em></strong></span> <span class='ocrx_word' id='word_1_17' title='bbox 2042 574 2153 617; x_wconf 91' lang='grc' dir='ltr'><strong><em>πε-</em></strong></span> 
     </span>
     <span class='ocr_line' id='line_1_4' title="bbox 224 655 2154 742; baseline 0.002 -22"><span class='ocrx_word' id='word_1_18' title='bbox 224 667 405 742; x_wconf 82' lang='grc' dir='ltr'><strong><em>τρῶν</em></strong></span> <span class='ocrx_word' id='word_1_19' title='bbox 459 667 594 721; x_wconf 83' lang='grc' dir='ltr'><strong><em>τῶν</em></strong></span> <span class='ocrx_word' id='word_1_20' title='bbox 648 655 1127 741; x_wconf 79' lang='grc' dir='ltr'><strong><em>ἐγκεκλιμένων</em></strong></span> <span class='ocrx_word' id='word_1_21' title='bbox 1171 657 1340 742; x_wconf 89' lang='grc' dir='ltr'><strong><em>πρὸς</em></strong></span> <span class='ocrx_word' id='word_1_22' title='bbox 1394 660 1824 742; x_wconf 75' lang='grc' dir='ltr'><strong><em>μεσημβρίαν.</em></strong></span> <span class='ocrx_word' id='word_1_23' title='bbox 1919 659 2154 723; x_wconf 88' lang='grc' dir='ltr'><strong><em>διαπύ-</em></strong></span> 
     </span>
     <span class='ocr_line' id='line_1_5' title="bbox 224 757 2152 849; baseline 0.001 -21"><span class='ocrx_word' id='word_1_24' title='bbox 224 787 364 847; x_wconf 89' lang='grc' dir='ltr'><strong><em>ρων</em></strong></span> <span class='ocrx_word' id='word_1_25' title='bbox 421 757 481 827; x_wconf 86' lang='grc' dir='ltr'><strong><em>δ’</em></strong></span> <span class='ocrx_word' id='word_1_26' title='bbox 534 762 760 828; x_wconf 81' lang='grc' dir='ltr'><strong><em>οὐσῶν</em></strong></span> <span class='ocrx_word' id='word_1_27' title='bbox 819 764 932 827; x_wconf 76' lang='grc' dir='ltr'><strong><em>διὰ</em></strong></span> <span class='ocrx_word' id='word_1_28' title='bbox 993 763 1117 846; x_wconf 82' lang='grc' dir='ltr'><strong><em>τὴν</em></strong></span> <span class='ocrx_word' id='word_1_29' title='bbox 1171 772 1294 827; x_wconf 93' lang='grc' dir='ltr'><strong><em>τοῦ</em></strong></span> <span class='ocrx_word' id='word_1_30' title='bbox 1358 764 1691 847; x_wconf 88' lang='grc' dir='ltr'><strong><em>καύματος</em></strong></span> <span class='ocrx_word' id='word_1_31' title='bbox 1753 763 2152 849; x_wconf 82' lang='grc' dir='ltr'><strong><em>ὑπερβολήν,</em></strong></span> 
     </span>
     <span class='ocr_line' id='line_1_6' title="bbox 168 868 2154 954; baseline 0.003 -26"><span class='ocrx_word' id='word_1_32' title='bbox 168 888 195 928; x_wconf 80' lang='lat'><strong>5</strong></span> <span class='ocrx_word' id='word_1_33' title='bbox 224 871 483 954; x_wconf 80' lang='grc' dir='ltr'><strong><em>βραχὺν</em></strong></span> <span class='ocrx_word' id='word_1_34' title='bbox 546 869 857 946; x_wconf 78' lang='grc' dir='ltr'><strong><em>ἐάσαντες</em></strong></span> <span class='ocrx_word' id='word_1_35' title='bbox 920 872 1169 954; x_wconf 90' lang='grc' dir='ltr'><strong><em>χρόνον</em></strong></span> <span class='ocrx_word' id='word_1_36' title='bbox 1232 868 1629 954; x_wconf 84' lang='grc' dir='ltr'><strong><em>στρέφουσι,</em></strong></span> <span class='ocrx_word' id='word_1_37' title='bbox 1702 871 1976 935; x_wconf 76' lang='grc' dir='ltr'><strong><em>κᾶπειτα</em></strong></span> <span class='ocrx_word' id='word_1_38' title='bbox 2037 878 2154 952; x_wconf 84' lang='grc' dir='ltr'><strong><em>τῆς</em></strong></span> 
     </span>
     <span class='ocr_line' id='line_1_7' title="bbox 226 974 2224 1062; baseline -0.001 -21"><span class='ocrx_word' id='word_1_39' title='bbox 226 976 430 1062; x_wconf 83' lang='grc' dir='ltr'><strong><em>οὐρᾶς</em></strong></span> <span class='ocrx_word' id='word_1_40' title='bbox 467 979 960 1060; x_wconf 83' lang='grc' dir='ltr'><strong><em>λαμβανόμενοι</em></strong></span> <span class='ocrx_word' id='word_1_41' title='bbox 997 978 1254 1041; x_wconf 88' lang='grc' dir='ltr'><strong><em>σείουσι</em></strong></span> <span class='ocrx_word' id='word_1_42' title='bbox 1290 977 1411 1041; x_wconf 90' lang='grc' dir='ltr'><strong><em>τὸν</em></strong></span> <span class='ocrx_word' id='word_1_43' title='bbox 1447 976 1608 1042; x_wconf 84' lang='grc' dir='ltr'><strong><em>ὅλον</em></strong></span> <span class='ocrx_word' id='word_1_44' title='bbox 1643 977 1860 1058; x_wconf 79' lang='grc' dir='ltr'><strong><em>ὄγκον.</em></strong></span> <span class='ocrx_word' id='word_1_45' title='bbox 1934 974 2047 1040; x_wconf 85' lang='grc' dir='ltr'><strong><em>καὶ</em></strong></span> <span class='ocrx_word' id='word_1_46' title='bbox 2084 976 2158 1040; x_wconf 77' lang='grc' dir='ltr'><strong><em>αἱ</em></strong></span> <span class='ocrx_word' id='word_1_47' title='bbox 2190 1002 2224 1048; x_wconf 80' lang='lat'>2</span> 
     </span>
     <span class='ocr_line' id='line_1_8' title="bbox 225 1079 2154 1168; baseline -0.001 -21"><span class='ocrx_word' id='word_1_48' title='bbox 225 1079 347 1168; x_wconf 71' lang='grc' dir='ltr'><strong><em>μὲν</em></strong></span> <span class='ocrx_word' id='word_1_49' title='bbox 405 1084 640 1167; x_wconf 81' lang='grc' dir='ltr'><strong><em>σάρκες</em></strong></span> <span class='ocrx_word' id='word_1_50' title='bbox 684 1085 1145 1168; x_wconf 82' lang='grc' dir='ltr'><strong><em>θρυπτόμεναι</em></strong></span> <span class='ocrx_word' id='word_1_51' title='bbox 1211 1083 1323 1147; x_wconf 80' lang='grc' dir='ltr'><strong><em>διὰ</em></strong></span> <span class='ocrx_word' id='word_1_52' title='bbox 1385 1083 1509 1166; x_wconf 81' lang='grc' dir='ltr'><strong><em>τὴν</em></strong></span> <span class='ocrx_word' id='word_1_53' title='bbox 1562 1085 1938 1167; x_wconf 80' lang='grc' dir='ltr'><strong><em>θερμασίαν</em></strong></span> <span class='ocrx_word' id='word_1_54' title='bbox 1994 1080 2154 1147; x_wconf 87' lang='grc' dir='ltr'><strong><em>ἀπο-</em></strong></span> 
     </span>
     <span class='ocr_line' id='line_1_9' title="bbox 224 1186 2150 1275; baseline -0.001 -21"><span class='ocrx_word' id='word_1_55' title='bbox 224 1193 615 1272; x_wconf 88' lang='grc' dir='ltr'><strong><em>πίπτουσιν,</em></strong></span> <span class='ocrx_word' id='word_1_56' title='bbox 681 1190 756 1254; x_wconf 81' lang='grc' dir='ltr'><strong><em>αί</em></strong></span> <span class='ocrx_word' id='word_1_57' title='bbox 815 1188 875 1254; x_wconf 85' lang='grc' dir='ltr'><strong><em>δ’</em></strong></span> <span class='ocrx_word' id='word_1_58' title='bbox 948 1191 1241 1254; x_wconf 77' lang='grc' dir='ltr'><strong><em>ἄκανθαι</em></strong></span> <span class='ocrx_word' id='word_1_59' title='bbox 1308 1189 1742 1275; x_wconf 80' lang='grc' dir='ltr'><strong><em>ῥιπτούμεναι</em></strong></span> <span class='ocrx_word' id='word_1_60' title='bbox 1804 1189 1969 1274; x_wconf 88' lang='grc' dir='ltr'><strong><em>πρὸς</em></strong></span> <span class='ocrx_word' id='word_1_61' title='bbox 2032 1186 2150 1253; x_wconf 79' lang='grc' dir='ltr'><strong><em>ἕνα</em></strong></span> 
     </span>
     <span class='ocr_line' id='line_1_10' title="bbox 225 1295 2154 1380; baseline -0.001 -19"><span class='ocrx_word' id='word_1_62' title='bbox 225 1298 431 1361; x_wconf 87' lang='grc' dir='ltr'><strong><em>τόπον</em></strong></span> <span class='ocrx_word' id='word_1_63' title='bbox 459 1295 669 1380; x_wconf 75' lang='grc' dir='ltr'><strong><em>μέγαν</em></strong></span> <span class='ocrx_word' id='word_1_64' title='bbox 697 1297 919 1380; x_wconf 91' lang='grc' dir='ltr'><strong><em>σωρὸν</em></strong></span> <span class='ocrx_word' id='word_1_65' title='bbox 939 1295 1399 1378; x_wconf 80' lang='grc' dir='ltr'><strong><em>ἀποτελοῦσιν,</em></strong></span> <span class='ocrx_word' id='word_1_66' title='bbox 1431 1295 1904 1380; x_wconf 83' lang='grc' dir='ltr'><strong><em>ἀθροιζόμεναι</em></strong></span> <span class='ocrx_word' id='word_1_67' title='bbox 1931 1298 2154 1379; x_wconf 85' lang='grc' dir='ltr'><strong><em>χρείας</em></strong></span> 
     </span>
     <span class='ocr_line' id='line_1_11' title="bbox 144 1396 2155 1487; baseline -0.001 -20"><span class='ocrx_word' id='word_1_68' title='bbox 144 1419 197 1459; x_wconf 84' lang='grc'><strong><em>10</em></strong></span> <span class='ocrx_word' id='word_1_69' title='bbox 225 1401 451 1468; x_wconf 78' lang='grc' dir='ltr'><strong><em>ἕνεκεν</em></strong></span> <span class='ocrx_word' id='word_1_70' title='bbox 505 1400 657 1487; x_wconf 85' lang='grc' dir='ltr'><strong><em>περὶ</em></strong></span> <span class='ocrx_word' id='word_1_71' title='bbox 714 1396 795 1483; x_wconf 82' lang='grc' dir='ltr'><strong><em>ἧς</em></strong></span> <span class='ocrx_word' id='word_1_72' title='bbox 851 1402 1088 1486; x_wconf 90' lang='grc' dir='ltr'><strong><em>μικρὸν</em></strong></span> <span class='ocrx_word' id='word_1_73' title='bbox 1132 1401 1418 1486; x_wconf 79' lang='grc' dir='ltr'><strong><em>ὕστερον</em></strong></span> <span class='ocrx_word' id='word_1_74' title='bbox 1466 1401 1765 1486; x_wconf 86' lang='grc' dir='ltr'><strong><em>ἐροῦμεν.</em></strong></span> <span class='ocrx_word' id='word_1_75' title='bbox 1859 1402 2021 1484; x_wconf 82' lang='grc' dir='ltr'><strong><em>μετὰ</em></strong></span> <span class='ocrx_word' id='word_1_76' title='bbox 2081 1398 2155 1466; x_wconf 73' lang='grc' dir='ltr'><strong><em>δὲ</em></strong></span> 
     </span>
     <span class='ocr_line' id='line_1_12' title="bbox 224 1503 2155 1592; baseline -0.001 -19"><span class='ocrx_word' id='word_1_77' title='bbox 224 1518 432 1573; x_wconf 92' lang='grc' dir='ltr'><strong><em>ταῦτα</em></strong></span> <span class='ocrx_word' id='word_1_78' title='bbox 484 1508 601 1582; x_wconf 81' lang='grc' dir='ltr'><strong><em>τὰς</em></strong></span> <span class='ocrx_word' id='word_1_79' title='bbox 658 1503 778 1590; x_wconf 75' lang='grc' dir='ltr'><strong><em>μὲν</em></strong></span> <span class='ocrx_word' id='word_1_80' title='bbox 827 1507 1075 1591; x_wconf 85' lang='grc' dir='ltr'><strong><em>σάρκας</em></strong></span> <span class='ocrx_word' id='word_1_81' title='bbox 1130 1505 1242 1571; x_wconf 79' lang='grc' dir='ltr'><strong><em>ἐπί</em></strong></span> <span class='ocrx_word' id='word_1_82' title='bbox 1291 1529 1475 1583; x_wconf 90' lang='grc' dir='ltr'><strong><em>τινος</em></strong></span> <span class='ocrx_word' id='word_1_83' title='bbox 1520 1511 1916 1592; x_wconf 85' lang='grc' dir='ltr'><strong><em>λεωπετρίας</em></strong></span> <span class='ocrx_word' id='word_1_84' title='bbox 1961 1530 2155 1572; x_wconf 91' lang='grc' dir='ltr'><strong><em>κατα-</em></strong></span> 
     </span>
     <span class='ocr_line' id='line_1_13' title="bbox 225 1607 2154 1698; baseline 0.001 -20"><span class='ocrx_word' id='word_1_85' title='bbox 225 1611 571 1697; x_wconf 77' lang='grc' dir='ltr'><strong><em>τιθέμενοι</em></strong></span> <span class='ocrx_word' id='word_1_86' title='bbox 616 1621 942 1677; x_wconf 85' lang='grc' dir='ltr'><strong><em>πατοῦσιν</em></strong></span> <span class='ocrx_word' id='word_1_87' title='bbox 981 1611 1302 1694; x_wconf 81' lang='grc' dir='ltr'><strong><em>ἐπιμελῶς</em></strong></span> <span class='ocrx_word' id='word_1_88' title='bbox 1339 1607 1447 1695; x_wconf 84' lang='grc' dir='ltr'><strong><em>ἐφ’</em></strong></span> <span class='ocrx_word' id='word_1_89' title='bbox 1491 1614 1723 1678; x_wconf 77' lang='grc' dir='ltr'><strong><em>ἰκανὸν</em></strong></span> <span class='ocrx_word' id='word_1_90' title='bbox 1759 1616 2007 1698; x_wconf 90' lang='grc' dir='ltr'><strong><em>χρόνον</em></strong></span> <span class='ocrx_word' id='word_1_91' title='bbox 2042 1613 2154 1679; x_wconf 83' lang='grc' dir='ltr'><strong><em>καὶ</em></strong></span> 
     </span>
     <span class='ocr_line' id='line_1_14' title="bbox 225 1719 2225 1804; baseline 0.001 -20"><span class='ocrx_word' id='word_1_92' title='bbox 225 1720 708 1802; x_wconf 80' lang='grc' dir='ltr'><strong><em>καταμίσγουσι</em></strong></span> <span class='ocrx_word' id='word_1_93' title='bbox 770 1719 889 1782; x_wconf 89' lang='grc' dir='ltr'><strong><em>τὸν</em></strong></span> <span class='ocrx_word' id='word_1_94' title='bbox 951 1727 1073 1782; x_wconf 92' lang='grc' dir='ltr'><strong><em>τοῦ</em></strong></span> <span class='ocrx_word' id='word_1_95' title='bbox 1126 1719 1500 1803; x_wconf 87' lang='grc' dir='ltr'><strong><em>παλιούρου</em></strong></span> <span class='ocrx_word' id='word_1_96' title='bbox 1564 1722 1844 1804; x_wconf 89' lang='grc' dir='ltr'><strong><em>καρπόν·</em></strong></span> <span class='ocrx_word' id='word_1_97' title='bbox 1909 1721 2153 1786; x_wconf 91' lang='grc' dir='ltr'><strong><em>τούτου</em></strong></span> <span class='ocrx_word' id='word_1_98' title='bbox 2190 1747 2225 1794; x_wconf 83' lang='lat'><strong>3</strong></span> 
     </span>
     <span class='ocr_line' id='line_1_15' title="bbox 224 1823 2156 1911; baseline 0.001 -21"><span class='ocrx_word' id='word_1_99' title='bbox 224 1826 354 1911; x_wconf 76' lang='grc' dir='ltr'><strong><em>γὰρ</em></strong></span> <span class='ocrx_word' id='word_1_100' title='bbox 401 1823 1083 1910; x_wconf 83' lang='grc' dir='ltr'><strong><em>συναναχρωσθέντος</em></strong></span> <span class='ocrx_word' id='word_1_101' title='bbox 1127 1826 1201 1889; x_wconf 89' lang='grc' dir='ltr'><strong><em>τὸ</em></strong></span> <span class='ocrx_word' id='word_1_102' title='bbox 1248 1834 1383 1889; x_wconf 82' lang='grc' dir='ltr'><strong><em>πᾶν</em></strong></span> <span class='ocrx_word' id='word_1_103' title='bbox 1437 1828 1689 1908; x_wconf 83' lang='grc' dir='ltr'><strong><em>γίνεται</em></strong></span> <span class='ocrx_word' id='word_1_104' title='bbox 1743 1835 1960 1911; x_wconf 84' lang='grc' dir='ltr'><strong><em>χρῆμα</em></strong></span> <span class='ocrx_word' id='word_1_105' title='bbox 2004 1833 2156 1891; x_wconf 84' lang='grc' dir='ltr'><strong><em>κολ-</em></strong></span> 
     </span>
     <span class='ocr_line' id='line_1_16' title="bbox 142 1928 2148 2018; baseline -0.001 -19"><span class='ocrx_word' id='word_1_106' title='bbox 142 1949 194 1990; x_wconf 83' lang='grc'><strong><em>15</em></strong></span> <span class='ocrx_word' id='word_1_107' title='bbox 224 1933 459 2009; x_wconf 81' lang='grc' dir='ltr'><strong><em>λῶδες·</em></strong></span> <span class='ocrx_word' id='word_1_108' title='bbox 523 1929 635 1997; x_wconf 87' lang='grc' dir='ltr'><strong><em>καὶ</em></strong></span> <span class='ocrx_word' id='word_1_109' title='bbox 689 1934 876 1997; x_wconf 79' lang='grc' dir='ltr'><strong><em>δοκεῖ</em></strong></span> <span class='ocrx_word' id='word_1_110' title='bbox 934 1941 1132 1998; x_wconf 90' lang='grc' dir='ltr'><strong><em>τοῦτο</em></strong></span> <span class='ocrx_word' id='word_1_111' title='bbox 1185 1934 1494 2018; x_wconf 86' lang='grc' dir='ltr'><strong><em>καθάπερ</em></strong></span> <span class='ocrx_word' id='word_1_112' title='bbox 1557 1931 1936 2017; x_wconf 79' lang='grc' dir='ltr'><strong><em>ἡδύσματος</em></strong></span> <span class='ocrx_word' id='word_1_113' title='bbox 1989 1928 2148 2017; x_wconf 83' lang='grc' dir='ltr'><strong><em>παρ’</em></strong></span> 
     </span>
     <span class='ocr_line' id='line_1_17' title="bbox 225 2036 2155 2124; baseline -0.002 -18"><span class='ocrx_word' id='word_1_114' title='bbox 225 2041 453 2117; x_wconf 79' lang='grc' dir='ltr'><strong><em>αὐτοῖς</em></strong></span> <span class='ocrx_word' id='word_1_115' title='bbox 498 2042 673 2124; x_wconf 82' lang='grc' dir='ltr'><strong><em>ἔχειν</em></strong></span> <span class='ocrx_word' id='word_1_116' title='bbox 718 2039 922 2117; x_wconf 82' lang='grc' dir='ltr'><strong><em>τάξιν.</em></strong></span> <span class='ocrx_word' id='word_1_117' title='bbox 1004 2042 1079 2104; x_wconf 90' lang='grc' dir='ltr'><strong><em>τὸ</em></strong></span> <span class='ocrx_word' id='word_1_118' title='bbox 1120 2036 1193 2104; x_wconf 72' lang='grc' dir='ltr'><strong><em>δὲ</em></strong></span> <span class='ocrx_word' id='word_1_119' title='bbox 1229 2045 1615 2105; x_wconf 80' lang='grc' dir='ltr'><strong><em>τελευταῖον</em></strong></span> <span class='ocrx_word' id='word_1_120' title='bbox 1659 2042 1734 2105; x_wconf 89' lang='grc' dir='ltr'><strong><em>τὸ</em></strong></span> <span class='ocrx_word' id='word_1_121' title='bbox 1779 2045 1996 2115; x_wconf 81' lang='grc' dir='ltr'><strong><em>καλῶς</em></strong></span> <span class='ocrx_word' id='word_1_122' title='bbox 2031 2060 2155 2103; x_wconf 90' lang='grc' dir='ltr'><strong><em>πα-</em></strong></span> 
     </span>
     <span class='ocr_line' id='line_1_18' title="bbox 223 2142 2155 2231; baseline -0.002 -19"><span class='ocrx_word' id='word_1_123' title='bbox 223 2143 434 2231; x_wconf 72' lang='grc' dir='ltr'><strong><em>τηθὲν</em></strong></span> <span class='ocrx_word' id='word_1_124' title='bbox 471 2148 565 2224; x_wconf 86' lang='grc' dir='ltr'><strong><em>εἰς</em></strong></span> <span class='ocrx_word' id='word_1_125' title='bbox 601 2148 962 2222; x_wconf 81' lang='grc' dir='ltr'><strong><em>πλινθίδας</em></strong></span> <span class='ocrx_word' id='word_1_126' title='bbox 1006 2149 1413 2230; x_wconf 86' lang='grc' dir='ltr'><strong><em>παραμήκεις</em></strong></span> <span class='ocrx_word' id='word_1_127' title='bbox 1449 2155 1813 2221; x_wconf 88' lang='grc' dir='ltr'><strong><em>τυποῦντες</em></strong></span> <span class='ocrx_word' id='word_1_128' title='bbox 1848 2142 2155 2209; x_wconf 88' lang='grc' dir='ltr'><strong><em>τιθέασιν</em></strong></span> 
     </span>
     <span class='ocr_line' id='line_1_19' title="bbox 225 2250 2156 2337; baseline -0.003 -18"><span class='ocrx_word' id='word_1_129' title='bbox 225 2256 320 2331; x_wconf 87' lang='grc' dir='ltr'><strong><em>εἰς</em></strong></span> <span class='ocrx_word' id='word_1_130' title='bbox 346 2254 467 2319; x_wconf 90' lang='grc' dir='ltr'><strong><em>τὸν</em></strong></span> <span class='ocrx_word' id='word_1_131' title='bbox 492 2254 712 2337; x_wconf 77' lang='grc' dir='ltr'><strong><em>ἥλιον·</em></strong></span> <span class='ocrx_word' id='word_1_132' title='bbox 762 2252 840 2329; x_wconf 78' lang='grc' dir='ltr'><strong><em>ἃς</em></strong></span> <span class='ocrx_word' id='word_1_133' title='bbox 868 2250 1255 2337; x_wconf 85' lang='grc' dir='ltr'><strong><em>συμμέτρως</em></strong></span> <span class='ocrx_word' id='word_1_134' title='bbox 1284 2251 1730 2337; x_wconf 82' lang='grc' dir='ltr'><strong><em>ξηρανθείσας</em></strong></span> <span class='ocrx_word' id='word_1_135' title='bbox 1756 2254 2156 2327; x_wconf 88' lang='grc' dir='ltr'><strong><em>καθίσαντες</em></strong></span> 
     </span>
     <span class='ocr_line' id='line_1_20' title="bbox 224 2356 2154 2445; baseline -0.002 -21"><span class='ocrx_word' id='word_1_136' title='bbox 224 2368 785 2445; x_wconf 85' lang='grc' dir='ltr'><strong><em>κατευωχοῦνται,</em></strong></span> <span class='ocrx_word' id='word_1_137' title='bbox 863 2359 945 2424; x_wconf 87' lang='grc' dir='ltr'><strong><em>οὐ</em></strong></span> <span class='ocrx_word' id='word_1_138' title='bbox 1010 2360 1142 2443; x_wconf 83' lang='grc' dir='ltr'><strong><em>μὴν</em></strong></span> <span class='ocrx_word' id='word_1_139' title='bbox 1205 2360 1373 2443; x_wconf 87' lang='grc' dir='ltr'><strong><em>πρὸς</em></strong></span> <span class='ocrx_word' id='word_1_140' title='bbox 1435 2356 1679 2442; x_wconf 88' lang='grc' dir='ltr'><strong><em>μέτρον</em></strong></span> <span class='ocrx_word' id='word_1_141' title='bbox 1740 2357 1782 2440; x_wconf 73' lang='grc' dir='ltr'><em>ἢ</em></span> <span class='ocrx_word' id='word_1_142' title='bbox 1849 2358 2154 2440; x_wconf 82' lang='grc' dir='ltr'><strong><em>σταθμὸν</em></strong></span> 
     </span>
     <span class='ocr_line' id='line_1_21' title="bbox 143 2463 2151 2551; baseline -0.001 -21"><span class='ocrx_word' id='word_1_143' title='bbox 143 2502 198 2541; x_wconf 79' lang='lat'><strong><em>20</em></strong></span> <span class='ocrx_word' id='word_1_144' title='bbox 226 2465 598 2549; x_wconf 82' lang='grc' dir='ltr'><strong><em>ἐσθίοντες,</em></strong></span> <span class='ocrx_word' id='word_1_145' title='bbox 656 2466 823 2531; x_wconf 80' lang='grc' dir='ltr'><strong><em>ἀλλά</em></strong></span> <span class='ocrx_word' id='word_1_146' title='bbox 867 2466 1035 2551; x_wconf 91' lang='grc' dir='ltr'><strong><em>πρὸς</em></strong></span> <span class='ocrx_word' id='word_1_147' title='bbox 1078 2466 1201 2548; x_wconf 87' lang='grc' dir='ltr'><strong><em>τὴν</em></strong></span> <span class='ocrx_word' id='word_1_148' title='bbox 1249 2465 1430 2529; x_wconf 84' lang='grc' dir='ltr'><strong><em>ἰδίαν</em></strong></span> <span class='ocrx_word' id='word_1_149' title='bbox 1479 2463 1759 2530; x_wconf 78' lang='grc' dir='ltr'><strong><em>ἑκάστου</em></strong></span> <span class='ocrx_word' id='word_1_150' title='bbox 1804 2464 2151 2547; x_wconf 89' lang='grc' dir='ltr'><strong><em>βούλησιν,</em></strong></span> 
     </span>
     <span class='ocr_line' id='line_1_22' title="bbox 224 2571 2155 2657; baseline 0 -21"><span class='ocrx_word' id='word_1_151' title='bbox 224 2572 350 2654; x_wconf 86' lang='grc' dir='ltr'><strong><em>τὴν</em></strong></span> <span class='ocrx_word' id='word_1_152' title='bbox 405 2573 699 2656; x_wconf 77' lang='grc' dir='ltr'><strong><em>φυσικὴν</em></strong></span> <span class='ocrx_word' id='word_1_153' title='bbox 744 2571 963 2657; x_wconf 78' lang='grc' dir='ltr'><strong><em>ὄρεξιν</em></strong></span> <span class='ocrx_word' id='word_1_154' title='bbox 1011 2574 1271 2655; x_wconf 80' lang='grc' dir='ltr'><strong><em>ἔχοντες</em></strong></span> <span class='ocrx_word' id='word_1_155' title='bbox 1327 2580 1442 2655; x_wconf 85' lang='grc' dir='ltr'><strong><em>τῆς</em></strong></span> <span class='ocrx_word' id='word_1_156' title='bbox 1502 2571 1928 2647; x_wconf 84' lang='grc' dir='ltr'><strong><em>ἀπολαύσεως</em></strong></span> <span class='ocrx_word' id='word_1_157' title='bbox 1973 2592 2155 2656; x_wconf 90' lang='grc' dir='ltr'><strong><em>περι-</em></strong></span> 
     </span>
     <span class='ocr_line' id='line_1_23' title="bbox 223 2676 2227 2765; baseline -0.001 -20"><span class='ocrx_word' id='word_1_158' title='bbox 223 2681 518 2764; x_wconf 76' lang='grc' dir='ltr'><strong><em>γραφήν·</em></strong></span> <span class='ocrx_word' id='word_1_159' title='bbox 577 2679 1025 2756; x_wconf 82' lang='grc' dir='ltr'><strong><em>ἀνεκλείπτοις</em></strong></span> <span class='ocrx_word' id='word_1_160' title='bbox 1079 2681 1207 2765; x_wconf 79' lang='grc' dir='ltr'><strong><em>γὰρ</em></strong></span> <span class='ocrx_word' id='word_1_161' title='bbox 1261 2677 1371 2743; x_wconf 86' lang='grc' dir='ltr'><strong><em>καὶ</em></strong></span> <span class='ocrx_word' id='word_1_162' title='bbox 1421 2679 1532 2744; x_wconf 76' lang='grc' dir='ltr'><strong><em>διὰ</em></strong></span> <span class='ocrx_word' id='word_1_163' title='bbox 1575 2680 1823 2755; x_wconf 90' lang='grc' dir='ltr'><strong><em>παντὸς</em></strong></span> <span class='ocrx_word' id='word_1_164' title='bbox 1868 2676 2153 2763; x_wconf 80' lang='grc' dir='ltr'><strong><em>ἑτοίμοις</em></strong></span> <span class='ocrx_word' id='word_1_165' title='bbox 2189 2701 2227 2749; x_wconf 81' lang='lat'><em>4</em></span> 
     </span>
     <span class='ocr_line' id='line_1_24' title="bbox 222 2784 2151 2871; baseline -0.001 -21"><span class='ocrx_word' id='word_1_166' title='bbox 222 2795 516 2871; x_wconf 81' lang='grc' dir='ltr'><strong><em>χρῶνται</em></strong></span> <span class='ocrx_word' id='word_1_167' title='bbox 577 2787 1045 2871; x_wconf 88' lang='grc' dir='ltr'><strong><em>ταμιεύμασιν,</em></strong></span> <span class='ocrx_word' id='word_1_168' title='bbox 1111 2786 1200 2863; x_wconf 82' lang='grc' dir='ltr'><strong><em>ὡς</em></strong></span> <span class='ocrx_word' id='word_1_169' title='bbox 1264 2784 1348 2850; x_wconf 72' lang='grc' dir='ltr'><strong><em>ἂν</em></strong></span> <span class='ocrx_word' id='word_1_170' title='bbox 1406 2794 1528 2850; x_wconf 88' lang='grc' dir='ltr'><strong><em>τοῦ</em></strong></span> <span class='ocrx_word' id='word_1_171' title='bbox 1585 2787 2015 2862; x_wconf 80' lang='grc' dir='ltr'><strong><em>Ποσειδῶνος</em></strong></span> <span class='ocrx_word' id='word_1_172' title='bbox 2078 2786 2151 2849; x_wconf 91' lang='grc' dir='ltr'><strong><em>τὸ</em></strong></span> 
     </span>
     <span class='ocr_line' id='line_1_25' title="bbox 223 2888 2154 2977; baseline 0 -22"><span class='ocrx_word' id='word_1_173' title='bbox 223 2900 339 2976; x_wconf 80' lang='grc' dir='ltr'><strong><em>τῆς</em></strong></span> <span class='ocrx_word' id='word_1_174' title='bbox 373 2893 734 2977; x_wconf 84' lang='grc' dir='ltr'><strong><em>Δήμητρος</em></strong></span> <span class='ocrx_word' id='word_1_175' title='bbox 779 2894 979 2977; x_wconf 74' lang='grc' dir='ltr'><strong><em>ἔργον</em></strong></span> <span class='ocrx_word' id='word_1_176' title='bbox 1025 2895 1510 2975; x_wconf 89' lang='grc' dir='ltr'><strong><em>μετειληφότος.</em></strong></span> <span class='ocrx_word' id='word_1_177' title='bbox 1596 2891 1806 2957; x_wconf 78' lang='grc' dir='ltr'><strong><em>ἐνίοτε</em></strong></span> <span class='ocrx_word' id='word_1_178' title='bbox 1854 2888 1928 2956; x_wconf 71' lang='grc' dir='ltr'><strong><em>δὲ</em></strong></span> <span class='ocrx_word' id='word_1_179' title='bbox 1973 2895 2154 2975; x_wconf 89' lang='grc' dir='ltr'><strong><em>τηλι-</em></strong></span> 
     </span>
     <span class='ocr_line' id='line_1_26' title="bbox 143 2996 2153 3083; baseline -0.003 -19"><span class='ocrx_word' id='word_1_180' title='bbox 143 3032 195 3073; x_wconf 81' lang='lat'><strong><em>25</em></strong></span> <span class='ocrx_word' id='word_1_181' title='bbox 226 3007 472 3064; x_wconf 88' lang='grc' dir='ltr'><strong><em>κοῦτον</em></strong></span> <span class='ocrx_word' id='word_1_182' title='bbox 509 2997 581 3064; x_wconf 84' lang='grc' dir='ltr'><strong><em>ἐκ</em></strong></span> <span class='ocrx_word' id='word_1_183' title='bbox 624 3007 746 3063; x_wconf 86' lang='grc' dir='ltr'><strong><em>τοῦ</em></strong></span> <span class='ocrx_word' id='word_1_184' title='bbox 791 3000 1120 3080; x_wconf 78' lang='grc' dir='ltr'><strong><em>πελάγους</em></strong></span> <span class='ocrx_word' id='word_1_185' title='bbox 1167 3000 1261 3074; x_wconf 85' lang='grc' dir='ltr'><strong><em>εἰς</em></strong></span> <span class='ocrx_word' id='word_1_186' title='bbox 1300 2998 1424 3081; x_wconf 83' lang='grc' dir='ltr'><strong><em>τὴν</em></strong></span> <span class='ocrx_word' id='word_1_187' title='bbox 1461 2996 1704 3083; x_wconf 83' lang='grc' dir='ltr'><strong><em>χέρσον</em></strong></span> <span class='ocrx_word' id='word_1_188' title='bbox 1748 2999 2153 3063; x_wconf 79' lang='grc' dir='ltr'><strong><em>κυλινδεῖται</em></strong></span> 
     </span>
     <span class='ocr_line' id='line_1_27' title="bbox 222 3100 2151 3189; baseline -0.004 -21"><span class='ocrx_word' id='word_1_189' title='bbox 222 3113 400 3189; x_wconf 89' lang='grc' dir='ltr'><strong><em>κῦμα</em></strong></span> <span class='ocrx_word' id='word_1_190' title='bbox 445 3101 555 3169; x_wconf 87' lang='grc' dir='ltr'><strong><em>καὶ</em></strong></span> <span class='ocrx_word' id='word_1_191' title='bbox 600 3104 716 3180; x_wconf 79' lang='grc' dir='ltr'><strong><em>τὰς</em></strong></span> <span class='ocrx_word' id='word_1_192' title='bbox 761 3103 992 3189; x_wconf 74' lang='grc' dir='ltr'><strong><em>ῥαχίας</em></strong></span> <span class='ocrx_word' id='word_1_193' title='bbox 1039 3100 1142 3187; x_wconf 80' lang='grc' dir='ltr'><strong><em>ἐφ’</em></strong></span> <span class='ocrx_word' id='word_1_194' title='bbox 1187 3102 1436 3189; x_wconf 80' lang='grc' dir='ltr'><strong><em>ἡμέρας</em></strong></span> <span class='ocrx_word' id='word_1_195' title='bbox 1480 3107 1726 3181; x_wconf 82' lang='grc' dir='ltr'><strong><em>πολλὰς</em></strong></span> <span class='ocrx_word' id='word_1_196' title='bbox 1771 3101 2151 3177; x_wconf 81' lang='grc' dir='ltr'><strong><em>κατακλύζει</em></strong></span> 
     </span>
     <span class='ocr_line' id='line_1_28' title="bbox 225 3208 2153 3295; baseline -0.003 -21"><span class='ocrx_word' id='word_1_197' title='bbox 225 3210 502 3295; x_wconf 87' lang='grc' dir='ltr'><strong><em>λάβρον,</em></strong></span> <span class='ocrx_word' id='word_1_198' title='bbox 550 3210 714 3275; x_wconf 77' lang='grc' dir='ltr'><strong><em>ὥστε</em></strong></span> <span class='ocrx_word' id='word_1_199' title='bbox 764 3208 1017 3295; x_wconf 87' lang='grc' dir='ltr'><strong><em>μηδένα</em></strong></span> <span class='ocrx_word' id='word_1_200' title='bbox 1058 3211 1397 3275; x_wconf 89' lang='grc' dir='ltr'><strong><em>δύνασθαι</em></strong></span> <span class='ocrx_word' id='word_1_201' title='bbox 1432 3221 1573 3288; x_wconf 81' lang='grc' dir='ltr'><strong><em>τοῖς</em></strong></span> <span class='ocrx_word' id='word_1_202' title='bbox 1607 3213 1835 3285; x_wconf 86' lang='grc' dir='ltr'><strong><em>τόποις</em></strong></span> <span class='ocrx_word' id='word_1_203' title='bbox 1870 3222 2153 3291; x_wconf 81' lang='grc' dir='ltr'><strong><em>προσεγ-</em></strong></span> 
     </span>
    </p>
   </div>
   <div class='ocr_carea' id='block_1_3' title="bbox 223 3323 2152 3543">
    <p class='ocr_par' dir='ltr' id='par_1_3' title="bbox 223 3323 2152 3543">
     <span class='ocr_line' id='line_1_29' title="bbox 407 3323 2150 3403; baseline -0.003 -19"><span class='ocrx_word' id='word_1_204' title='bbox 407 3336 439 3384; x_wconf 89' lang='grc'><strong>6</strong></span> <span class='ocrx_word' id='word_1_205' title='bbox 476 3330 573 3385; x_wconf 78' lang='grc' dir='ltr'><strong><em>καὶ</em></strong></span> <span class='ocrx_word' id='word_1_206' title='bbox 618 3328 686 3385; x_wconf 76' lang='grc' dir='ltr'><strong><em>αἱ</em></strong></span> <span class='ocrx_word' id='word_1_207' title='bbox 726 3329 856 3403; x_wconf 73' lang='grc' dir='ltr'><strong><em>μὲν]</em></strong></span> <span class='ocrx_word' id='word_1_208' title='bbox 905 3329 972 3386; x_wconf 76' lang='grc' dir='ltr'><strong><em>αἱ</em></strong></span> <span class='ocrx_word' id='word_1_209' title='bbox 1012 3331 1117 3400; x_wconf 74' lang='grc' dir='ltr'><strong><em>μὲν</em></strong></span> <span class='ocrx_word' id='word_1_210' title='bbox 1164 3323 1267 3387; x_wconf 80' lang='grc' dir='ltr'><strong><em>οὖν</em></strong></span> <span class='ocrx_word' id='word_1_211' title='bbox 1316 3331 1426 3387; x_wconf 80' lang='lat' dir='ltr'><strong><em>OF</em></strong></span> <span class='ocrx_word' id='word_1_212' title='bbox 1604 3337 1670 3384; x_wconf 88' lang='grc'><strong><em>14</em></strong></span> <span class='ocrx_word' id='word_1_213' title='bbox 1715 3330 1899 3398; x_wconf 87' lang='grc' dir='ltr'><strong><em>χρῆμα</em></strong></span> <span class='ocrx_word' id='word_1_214' title='bbox 1944 3325 2150 3379; x_wconf 80' lang='lat' dir='ltr'>Reiske</span> 
     </span>
     <span class='ocr_line' id='line_1_30' title="bbox 225 3395 2152 3474; baseline -0.009 -10"><span class='ocrx_word' id='word_1_215' title='bbox 225 3407 293 3474; x_wconf 77' lang='grc' dir='ltr'><strong><em>(ο.</em></strong></span> <span class='ocrx_word' id='word_1_216' title='bbox 327 3407 412 3470; x_wconf 78' lang='grc'><strong><em>23,</em></strong></span> <span class='ocrx_word' id='word_1_217' title='bbox 454 3404 526 3472; x_wconf 90' lang='grc'><strong><em>1),</em></strong></span> <span class='ocrx_word' id='word_1_218' title='bbox 564 3404 758 3472; x_wconf 79' lang='grc' dir='ltr'><strong><em>χρῶμα</em></strong></span> <span class='ocrx_word' id='word_1_219' title='bbox 794 3403 926 3456; x_wconf 86' lang='lat' dir='ltr'>libri</span> <span class='ocrx_word' id='word_1_220' title='bbox 1106 3410 1175 3458; x_wconf 83' lang='lat'><strong><em>20</em></strong></span> <span class='ocrx_word' id='word_1_221' title='bbox 1225 3403 1459 3466; x_wconf 74' lang='grc' dir='ltr'><strong><em>ἕκαστος</em></strong></span> <span class='ocrx_word' id='word_1_222' title='bbox 1494 3402 1587 3457; x_wconf 81' lang='lat' dir='ltr'><strong><em>vel</em></strong></span> <span class='ocrx_word' id='word_1_223' title='bbox 1634 3400 1859 3455; x_wconf 76' lang='grc' dir='ltr'><strong><em>ἕκαστοι</em></strong></span> <span class='ocrx_word' id='word_1_224' title='bbox 1895 3395 2152 3451; x_wconf 78' lang='lat' dir='ltr'>Hertlein</span> 
     </span>
     <span class='ocr_line' id='line_1_31' title="bbox 223 3466 2150 3543; baseline -0.005 -13"><span class='ocrx_word' id='word_1_225' title='bbox 223 3481 290 3530; x_wconf 79' lang='lat'><strong><em>22</em></strong></span> <span class='ocrx_word' id='word_1_226' title='bbox 332 3469 713 3537; x_wconf 82' lang='grc' dir='ltr'><strong><em>ἀνεκλείπτως</em></strong></span> <span class='ocrx_word' id='word_1_227' title='bbox 749 3473 999 3543; x_wconf 74' lang='grc' dir='ltr'><strong><em>οοάἰοθε,</em></strong></span> <span class='ocrx_word' id='word_1_228' title='bbox 1058 3492 1196 3530; x_wconf 86' lang='lat' dir='ltr'>corr.</span> <span class='ocrx_word' id='word_1_229' title='bbox 1243 3473 1409 3530; x_wconf 87' lang='lat' dir='ltr'><strong>Dind.</strong></span> <span class='ocrx_word' id='word_1_230' title='bbox 1558 3466 1790 3540; x_wconf 72' lang='grc' dir='ltr'><strong><em>ἑτοίμως</em></strong></span> <span class='ocrx_word' id='word_1_231' title='bbox 1838 3466 1944 3522; x_wconf 81' lang='lat' dir='ltr'><strong><em>OF</em></strong></span> <span class='ocrx_word' id='word_1_232' title='bbox 2081 3470 2150 3520; x_wconf 75' lang='lat'><strong><em>27</em></strong></span> 
     </span>
    </p>
   </div>
   <div class='ocr_carea' id='block_1_4' title="bbox 220 3543 607 3617">
    <p class='ocr_par' dir='ltr' id='par_1_4' title="bbox 220 3543 607 3617">
     <span class='ocr_line' id='line_1_32' title="bbox 220 3543 607 3617; baseline -0.003 -16"><span class='ocrx_word' id='word_1_233' title='bbox 220 3543 441 3617; x_wconf 74' lang='grc' dir='ltr'><strong><em>λάβρως</em></strong></span> <span class='ocrx_word' id='word_1_234' title='bbox 475 3545 607 3600; x_wconf 71' lang='lat' dir='ltr'><strong>fort.</strong></span> 
     </span>
    </p>
   </div>
  </div>
 </body>
</html>
