2569 4061
939 726 1795 824 ΔΙΟΔΩΡΟΤ

1038 883 1190 935 Tor
1227 883 1686 935 ΣΙΚΕΛῙΩΤΟΤ

790 1008 1404 1075 ΒΙΒΛΙΟΘΗΚΗΣ
1430 1007 1938 1074 -ΙΣΤΟΡΙΚΗΣ

1076 1167 1351 1218 ΒΙΒΛΟΣ
1388 1166 1660 1219 ΠΡΩΤΗ.

343 1428 374 1491 1
591 1423 747 1496 Τοῖς
807 1419 923 1493 τὰς
986 1419 1216 1493 κοινὰς
1282 1418 1576 1502 ἱστορίας
1635 1416 2334 1502 πραγματευσαμένοις

410 1528 696 1613 μεγάλας
739 1526 1009 1610 χάριτας
1056 1522 1415 1608 ἀπονέμειν
1462 1525 1725 1589 δίκαιον
1771 1524 2022 1600 πάντας
2068 1523 2334 1611 ἀνθρώ-

408 1656 607 1717 πους,
669 1633 770 1698 ὅτι
826 1641 966 1708 τοῖς
1024 1633 1221 1707 ἰδίοις
1274 1634 1508 1706 πόνοις
1555 1631 1894 1714 ὠφελῆσαι
1939 1632 2057 1694 τὸν
2102 1634 2334 1697 κοινὸν

409 1744 561 1824 βίον
617 1739 1220 1823 ἐφιλοτιμήθησαν·
1281 1735 1646 1799 ἀκίνδυνον
1706 1736 1834 1818 γὰρ
1896 1737 2335 1801 διδασκαλίαν

409 1853 531 1909 τοῦ
597 1839 1057 1926 συμφέροντος
1121 1840 1633 1923 εἰσηγησάμενοι
1698 1823 2056 1924 καλλίστην
2117 1840 2330 1925 ἐμπει-
2361 1863 2387 1902 5

413 1951 565 2036 ρίαν
613 1948 725 2013 διὰ
769 1955 884 2032 τῆς
929 1948 1376 2033 πραγματείας
1430 1947 1675 2030 ταύτης
1728 1955 2152 2033 περιποιοῦσι
2197 1959 2336 2024 τοῖς

342 2081 374 2131 2
414 2055 1006 2139 ἀναγινώσκουσιν.
1080 2054 1121 2137 ἡ
1161 2050 1282 2139 μὲν
1328 2056 1454 2140 γάρ
1503 2053 1574 2119 ἐκ
1619 2063 1735 2138 τῆς
1779 2057 2009 2140 πείρας
2055 2053 2336 2121 ἑκάστου

412 2164 706 2249 μάθησις
731 2164 893 2248 μετὰ
929 2166 1197 2228 πολλῶν
1223 2164 1453 2227 πόνων
1478 2160 1589 2227 καὶ
1615 2163 1958 2227 κινδύνων
1993 2173 2172 2227 ποιεῖ
2201 2174 2336 2227 τῶν

412 2273 756 2355 χρησίμων
801 2269 1040 2334 ἕκαστα
1088 2268 1583 2350 διαγινώσκειν,
1645 2266 1755 2333 καὶ
1803 2268 1914 2331 διὰ
1958 2279 2156 2333 τοῦτο
2202 2279 2337 2333 τῶν

412 2375 654 2461 ἡρώων
691 2375 727 2440 ὁ
764 2377 1325 2459 πολυπειρότατος
1361 2374 1523 2456 μετὰ
1558 2376 1864 2457 μεγάλων
1902 2373 2335 2458 ἀτυχημάτων
2365 2395 2417 2434 10

499 2466 770 2546 πολλῶν
817 2480 1199 2567 ἀνθρώπων
1247 2480 1393 2544 ἴδεν
1440 2480 1640 2544 ἄστεα
1685 2477 1796 2543 καὶ
1841 2480 2007 2544 νόον
2054 2482 2251 2562 ἔγνω·

414 2587 455 2670 ἡ
496 2583 569 2652 δὲ
608 2588 721 2651 διὰ
756 2595 873 2670 τῆς
912 2586 1207 2672 ἱστορίας
1241 2583 1712 2672 περιγινομένη
1752 2584 2019 2663 σύνεσις
2063 2595 2197 2651 τῶν
2226 2586 2338 2651 ἀλ-

417 2696 700 2781 λοτρίων
747 2693 1262 2777 ἀποτευγμάτων
1306 2715 1375 2757 τε
1421 2690 1532 2757 καὶ
1576 2692 2115 2778 κατορθωμάτων
2162 2693 2341 2758 ἀπεί-

335 2827 379 2900 ‘3
420 2824 621 2888 ρατον
666 2809 888 2865 κακῶν
935 2802 1068 2885 ἔχει
1111 2800 1235 2883 τὴν
1282 2801 1738 2865 διδασκαλίαν.
1821 2801 2042 2865 ἔπειτα
2088 2802 2339 2877 πάντας

418 2907 843 2996 ἀνθρώπους,
880 2905 1270 2992 μετέχοντας
1308 2903 1430 2992 μὲν
1460 2915 1576 2991 τῆς
1611 2910 1776 2993 πρὸς
1814 2907 2143 2989 ἀλλήλους
2180 2923 2336 2990 συγ-
2365 2926 2414 2966 15

417 3018 696 3101 γενείας,
733 3018 963 3092 τόποις
1000 3010 1073 3079 δὲ
1112 3012 1223 3079 καὶ
1258 3016 1531 3099 χρόνοις
1569 3016 2012 3098 διεστηκότας,
2051 3013 2336 3098 ἐφιλοτι-

417 3126 734 3208 μήθησαν
770 3123 900 3187 ὑπὸ
938 3124 1099 3207 μίαν
1135 3119 1245 3186 καὶ
1280 3122 1405 3204 τὴν
1443 3121 1653 3205 αὐτὴν
1689 3120 2005 3199 σύνταξιν
2043 3119 2337 3203 ἀγαγεῖν,

418 3231 638 3316 ὥσπερ
685 3226 860 3306 τινὲς
903 3225 1233 3315 ὑπουργοὶ
1278 3236 1397 3311 τῆς
1432 3231 1626 3304 θείας
1660 3230 1981 3313 προνοίας
2016 3225 2338 3311 γενηθέν-

420 3358 540 3410 τες.
597 3334 814 3420 ἐκείνη
842 3358 911 3401 τε
948 3338 1075 3422 γὰρ
1113 3336 1236 3419 τὴν
1263 3344 1398 3399 τῶν
1422 3332 1784 3420 ὁρωμένων
1813 3334 2076 3419 ἄστρων
2116 3335 2338 3398 διακό-

423 3454 666 3519 σμησιν
692 3441 803 3507 καὶ
831 3445 947 3520 τὰς
972 3453 1107 3508 τῶν
1137 3441 1520 3528 ἀνθρώπων
1550 3441 1787 3526 φύσεις
1816 3443 1909 3518 εἰς
1926 3443 2161 3525 κοινὴν
2182 3440 2337 3505 ἀνα-
2363 3459 2413 3497 2⁰
