2569 4061
13 62 2555 140 —

14 335 17 426 ξ
1064 347 1118 401 11
1155 353 1240 403 38.
1272 353 1357 401 39.
1388 353 1472 403 ιο.
2074 350 2206 413 235

278 510 392 576 καὶ
436 512 693 577 τούτων
737 512 862 594 τὴν
909 508 1439 595 ἐπιφανεστάτην
1488 508 1599 574 καὶ
1643 513 1958 595 μεγίστην
2003 527 2208 595 προσ-

280 625 638 704 αγορεῦσαι
703 620 1125 703 Παλίβοθρα.
1186 616 1715 682 ’κατασκευάσαι
1775 616 1832 681 δ’
1897 617 1972 683 ἐν
2039 618 2205 702 αὐτῇ

277 723 391 790 καὶ
436 727 739 807 βασίλεια
783 727 1110 807 πολυτελῆ
1167 721 1279 789 καὶ
1324 727 1586 806 πλῆθος
1632 723 1996 808 οἰκητόρων
2040 731 2205 790 καθ-

279 832 571 917 ιδρῦσαι·
621 833 745 915 τήν
780 853 851 895 τε
897 832 1096 896 πόλιν
1133 830 1474 915 ὀχυρῶσαι
1518 826 1801 912 τάφροις
1838 827 2207 912 ἀξιολόγοις

221 958 249 999 5
277 940 626 1022 ποταμίοις
670 936 872 1002 ὕδασι
927 934 1439 1019 πληρουμέναις.
1530 932 1642 999 καὶ
1685 935 1805 998 τὸν
1849 929 1974 1017 μὲν
2008 933 2206 1020 Ἡρα-
2242 951 2278 999 4

273 1042 433 1109 κλέα
495 1045 619 1127 τὴν
696 1041 763 1123 ἐξ
828 1042 1211 1127 ἀνθρώπων
1286 1041 1684 1125 μετάστασιν
1756 1041 2208 1125 ποιησάμενον

277 1148 623 1215 ἀθανάτου
678 1159 905 1233 τυχεῖν
959 1156 1181 1233 τιμῆς,
1235 1149 1396 1223 τοὺς
1450 1145 1511 1211 δ’
1566 1146 1943 1229 ἀπογόνους
1998 1146 2209 1211 αὐτοῦ

275 1240 800 1340 βασιλεύσαντας
845 1252 950 1320 ἐπὶ
995 1254 1246 1329 πολλὰς
1282 1254 1518 1335 γενεάς
1559 1251 1670 1319 καὶ
1716 1251 1985 1340 πράξεις
2032 1251 2210 1332 ἀξιο-

276 1366 520 1446 λόγους
556 1358 1222 1448 μεταχειρισαμένους
1260 1362 1421 1443 μήτε
1459 1364 1808 1445 στρατείαν
1844 1362 2207 1448 ὑπερόριον

194 1487 250 1528 1⁰
276 1473 688 1554 ποιήσασθαι
726 1470 887 1551 μήτε
918 1467 1229 1532 ἀποικίαν
1267 1467 1363 1542 είς
1390 1465 1778 1544 ἀλλοεθνεῖς
1805 1467 2207 1534 ἀποστεῖλαι.

275 1575 560 1661 ὕστερον
626 1570 701 1637 δὲ
762 1577 1036 1648 πολλοῖς
1099 1574 1272 1636 ἔτεσι
1334 1572 1452 1648 τὰς
1515 1574 1823 1648 πλείστας
1889 1570 2012 1656 μὲν
2074 1586 2209 1639 τῶν

274 1684 539 1747 πόλεων
577 1679 1188 1763 δημοκρατηθῆναι,
1235 1687 1443 1741 τινῶν
1490 1674 1553 1740 δ’
1597 1675 1822 1742 ἐθνῶν
1866 1681 1983 1756 τὰς
2018 1684 2207 1765 βασι-

277 1788 460 1861 λείας
518 1784 850 1868 διαμεῖναι
910 1781 1100 1869 μέχρι
1155 1790 1274 1867 τῆς
1322 1780 1762 1869 Ἀλεξάνδρου
1823 1784 2208 1866 διαβάσεως·

457 1891 788 1974 Νομίμων
817 1885 878 1954 δ’
904 1891 1120 1955 ὄντων
1146 1890 1327 1975 παρὰ
1362 1898 1502 1966 τοῖς
1524 1887 1761 1966 Ἰνδοῖς
1798 1888 1998 1954 ἐνίων
2026 1888 2208 1974 ἐξηλ-
2246 1908 2278 1956 5

193 2017 248 2059 15
277 1994 625 2083 λαγμένων
660 1996 1219 2082 θαυμασιώτατον
1265 1997 1352 2061 ἄν
1387 2018 1489 2073 τις
1531 1995 1855 2080 ἡγήσαιτο
1901 1997 1976 2060 τὸ
2014 2019 2210 2062 κατα-

278 2101 549 2190 δειχθὲν
593 2104 725 2169 ὑπὸ
769 2114 906 2169 τῶν
954 2103 1248 2189 ἀρχαίων
1295 2100 1451 2189 παρ’
1506 2103 1733 2180 αὐτοῖς
1780 2106 2210 2187 φιλοσόφων·

275 2208 798 2296 νενομοθέτηται
842 2211 974 2295 γὰρ
1019 2204 1173 2295 παρ’
1219 2210 1445 2286 αὐτοῖς
1492 2210 1743 2276 δοῦλον
1789 2207 1912 2294 μὲν
1957 2210 2211 2294 μηδένα

278 2312 450 2383 εἶναι
506 2319 581 2382 τὸ
634 2317 979 2402 παράπαν,
1037 2314 1443 2402 ἐλευθέρους
1498 2312 1560 2381 δ’
1612 2316 2033 2402 ὑπάρχοντας
2087 2318 2210 2402 τὴν

282 2426 551 2508 ἰσότητα
603 2433 801 2508 τιμᾶν
848 2422 923 2488 έν
975 2431 1155 2489 πᾶσι.
1243 2426 1405 2500 τοὺς
1457 2425 1584 2510 γὰρ
1640 2426 1984 2509 μαθόντας
2038 2419 2205 2509 μήθ’

200 2548 255 2589 20
282 2530 628 2617 ὑπερέχειν
681 2527 845 2613 μήθ’
898 2528 1299 2595 ὑποπίπτειν
1353 2530 1579 2607 ἄλλοις
1631 2530 1985 2613 κράτιστον
2040 2529 2211 2610 ἕξειν

284 2638 436 2719 βίον
462 2638 630 2723 πρὸς
665 2635 924 2712 ἀπάσας
954 2636 1071 2712 τὰς
1105 2635 1555 2720 περιστάσεις·
1592 2637 1835 2720 εὔηθες
1870 2638 1998 2721 γὰρ
2037 2633 2211 2703 εἶναι

282 2745 532 2837 νόμους
585 2738 708 2828 μὲν
766 2739 868 2806 ἐπ’
923 2747 1072 2825 ἴσης
1125 2741 1389 2807 τιθέναι
1443 2751 1637 2824 πᾶσι,
1690 2744 1806 2820 τὰς
1861 2741 1923 2809 δ’
1979 2745 2211 2822 οὐσίας

179 2868 278 2919 153
303 2848 698 2933 ἀνωμάλους
742 2848 1270 2926 κατασκευάζειν.
1351 2849 1427 2913 τὸ
1476 2845 1550 2914 δὲ
1594 2858 1728 2914 πᾶν
1772 2855 2033 2935 πλῆθος
2077 2864 2211 2918 τῶν
2230 2852 2319 2916 40

279 2951 512 3021 Ἰνδῶν
549 2956 644 3032 εἰς
681 2953 850 3020 ἑπτὰ·
879 2952 1044 3041 μέρη
1085 2951 1418 3040 διῄρηται,
1456 2949 1553 3019 ὧν
1590 2953 1727 3020 ἐστι
1763 2954 1838 3020 τὸ
1876 2952 1999 3039 μὲν
2034 2968 2212 3043 πρῶ-

204 3078 257 3120 25
284 3084 406 3126 τον
463 3062 764 3146 σύστημα
828 3063 1259 3145 φιλοσόφων,
1317 3063 1564 3144 πλήθει
1617 3057 1740 3146 μὲν
1796 3072 1932 3127 τῶν
1991 3064 2212 3127 ἄλλων

287 3178 508 3253 μερῶν
563 3170 986 3253 λειπόμενον,
1049 3176 1127 3252 τῇ
1185 3163 1246 3231 δ’
1303 3164 1655 3255 ἐπιφανείᾳ
1707 3168 1977 3233 πάντων
2035 3189 2212 3250 πρω-

430 3401 465 3451 5
499 3399 716 3465 πληρου
763 3393 914 3458 ένοις
961 3393 1087 3463 OF,
1142 3392 1543 3463 πληρουμένην
1591 3392 1677 3456 οἷς
1722 3395 1799 3461 D,
1856 3408 1993 3447 corr.
2031 3389 2210 3447 Rhod.

290 3470 358 3521 10
397 3464 478 3529 εἰς
515 3462 649 3522 ἄλλο
718 3469 864 3528 θνος
903 3464 1007 3520 OF
1078 3472 1143 3522 17
1183 3464 1289 3534 μὲν
1327 3483 1434 3521 om.
1473 3464 1626 3535 vulg.
1733 3471 1798 3520 18
1836 3460 1900 3516 τὸ
1938 3458 2213 3546 παράπαν

289 3533 441 3591 εἶναι
494 3538 648 3606 vulg.
797 3531 1103 3606 ἐλεύθερον
1160 3534 1224 3591 δὲ
1274 3531 1603 3603 ὑπάρχοντα
1658 3533 1713 3586 ΙΙ
1856 3539 1921 3587 21
1976 3528 2214 3599 εὖηθεις

291 3605 445 3676 CDF,
485 3625 622 3664 corr.
661 3608 845 3663 Rhod.
991 3613 1061 3661 22
1101 3604 1358 3673 ἐξουσίας
1393 3603 1562 3658 Dind.
