2569 4061
2560 237 2569 258 Ι

1041 369 1092 424 Π
1134 376 1216 425 12.
1257 377 1341 427 13.
2018 370 2141 435 191

219 530 708 619 προειρημένον
761 535 1061 618 κρημνὸν
1121 534 1236 597 διὰ
1298 534 1556 598 τούτων
1610 538 1704 611 εἰς
1756 536 1881 618 τὴν
1936 534 2150 618 ἀκρώ-

224 664 411 725 ρειαν
440 636 836 725 προσανέβη.
910 637 1230 705 ἐντεῦθεν
1258 632 1323 702 δ’
1359 637 1765 717 ἀναζεύξασα
1799 638 1909 705 καὶ
1937 661 2148 726 παρα-
2182 661 2216 708 3

222 743 546 829 γενομένη
619 745 787 829 πρὸς
860 746 1137 810 Χαύονα
1197 746 1397 809 πόλιν
1469 751 1586 825 τῆς
1650 745 1924 827 Μηδίας
1994 768 2146 812 κατ-

223 853 500 935 ενόησεν
544 852 618 915 ἔν
662 872 797 915 τινι
842 851 1145 939 μετεώρῳ
1191 852 1399 939 πεδίῳ
1446 848 1694 935 πέτραν
1738 857 1831 936 τῷ
1876 871 1946 914 τε
1991 850 2147 927 ὕψει

172 975 200 1016 5
225 954 336 1022 καὶ
390 964 480 1045 τῷ
535 954 805 1041 μεγέθει
859 958 1406 1040 καταπληκτικήν.
1499 949 1775 1020 ἐνταῦθ’
1829 949 1955 1027 οὖν,
2014 954 2150 1021 ἕτε-

226 1086 347 1148 ρον
391 1065 799 1149 παράδεισον
844 1061 1269 1148 ὑπερμεγέθη
1309 1062 1811 1145 κατεσκεύασεν,
1860 1060 1933 1125 ἐν
1969 1059 2147 1149 μέσῳ

222 1171 344 1253 τὴν
378 1168 630 1256 πέτραν
666 1169 1120 1252 ἀπολαβοῦσα,
1165 1162 1323 1232 καθ’
1364 1168 1452 1252 ’ἣν
1489 1169 1985 1253 οἰκοδομήματα
2031 1188 2149 1232 πο·-

223 1280 459 1360 λυτελῆ
514 1278 683 1362 πρὸς
736 1277 1004 1361 τρυφὴν
1060 1274 1401 1358 ἐποίησεν,
1459 1273 1527 1352 ἐξ
1583 1270 1680 1340 ὧν
1733 1276 1814 1339 τά
1857 1296 1928 1340 τε
1983 1275 2149 1339 κατὰ

220 1384 340 1447 τὸν
393 1383 802 1469 παράδεισον
859 1381 1228 1466 ἀπεθεώρει
1292 1393 1702 1467 φυτουργεῖα
1759 1381 1872 1448 καὶ
1925 1391 2148 1447 πᾶσαν

140 1524 195 1563 10
221 1491 345 1573 τὴν
411 1489 728 1574 στρατιὰν
792 1490 1413 1573 παρεμβεβληκυῖαν
1466 1488 1541 1553 ἐν
1603 1497 1695 1576 τῷ
1754 1490 1977 1578 πεδίῳ.
2070 1487 2146 1553 ἐν
2182 1512 2217 1559 4

221 1596 438 1682 τούτῳ
486 1591 561 1658 δὲ
606 1602 696 1679 τῷ
734 1594 914 1680 τόπῳ
953 1594 1205 1677 συχνὸν
1241 1592 1719 1677 ἐνδιατρίψασα
1753 1598 2000 1678 χρόνον
2036 1591 2146 1659 καὶ

222 1700 496 1764 πάντων
558 1708 694 1763 τῶν
757 1700 854 1775 εἰς
915 1700 1180 1784 τρυφὴν
1243 1698 1631 1783 ἀνηκόντων
1693 1699 2146 1781 ἀπολαύσασα,

223 1812 432 1889 γῆμαι
477 1800 599 1888 μὲν
634 1807 929 1890 νομίμως
966 1804 1090 1870 οὐκ
1129 1803 1486 1889 ἠθέλησεν,
1534 1803 1989 1888 εὐλαβουμένη
2029 1807 2149 1888 μή·

221 1931 385 1977 ποτε
422 1916 715 1997 στερηθῇ
750 1919 868 1995 τῆς
903 1911 1127 1996 ἀρχῆς,
1175 1908 1607 1997 ἐπιλεγομένη
1652 1906 1726 1976 δὲ
1771 1920 1907 1975 τῶν
1953 1926 2149 1993 στρα-

140 2052 194 2095 15
221 2029 478 2085 τιωτῶν
521 2021 679 2097 τοὺς
731 2018 1089 2106 εὐπρεπείᾳ
1145 2016 1591 2104 διαφέροντας
1647 2018 1909 2094 τούτοις
1969 2015 2148 2102 ἐμίσ-

223 2149 406 2210 γετο,
453 2124 565 2192 καὶ
608 2126 861 2203 πάντας
904 2130 1063 2204 τοὺς
1108 2127 1275 2211 αὐτῇ
1324 2127 1818 2211 πλησιάσαντας
1853 2125 2147 2209 ἠφάνιζε.

225 2234 385 2317 μετὰ
440 2229 514 2297 δὲ
566 2241 772 2299 ταῦτα
826 2227 927 2297 ἐπ’
974 2227 1393 2315 Ἐκβατάνων
1445 2235 1571 2316 τὴν
1626 2235 1905 2318 πορείαν
1959 2253 2149 2315 ποιη-
2186 2255 2219 2303 5

227 2339 476 2424 σαμένη
523 2337 919 2425 παρεγένετο
976 2340 1142 2425 πρὸς
1189 2341 1347 2425 ὅρος
1403 2340 1480 2404 τὸ
1530 2343 1865 2425 Ζαρκαῖον
1910 2338 2150 2404 καλού-

226 2465 458 2529 μενον·
502 2453 702 2510 τοῦτο
750 2441 810 2510 δ’
863 2443 971 2509 ἐπὶ
1015 2447 1307 2522 πολλοὺς
1351 2452 1651 2530 παρῆκον
1689 2446 2001 2521 σταδίους
2038 2441 2150 2510 καὶ

142 2584 199 2623 20
227 2555 472 2635 πλῆρες
516 2551 597 2616 ὂν
640 2561 956 2638 κρημνῶν
1001 2549 1111 2616 καὶ
1157 2551 1525 2636 φαράγγων
1562 2550 1821 2635 μακράν
1857 2545 1990 2635 εἶχε
2025 2551 2149 2632 τὴν

227 2657 559 2741 περίοδον.
633 2656 1076 2741 ἐφιλοτιμεῖτο
1115 2650 1241 2721 οὖν
1288 2657 1422 2740 ἅμα
1458 2652 1580 2740 μὲν
1617 2665 1941 2742 μνημεῖον
1979 2655 2147 2721 ἀθά-

224 2783 431 2827 νατον
490 2761 724 2846 ἑαυτῆς
780 2762 1158 2846 ἀπολιπεῖν,
1221 2763 1355 2846 ἅμα
1421 2759 1495 2828 δὲ
1560 2765 1895 2848 σύντομον
1958 2767 2147 2847 ποιή-

226 2874 478 2936 σασθαι
521 2870 644 2952 τὴν
689 2868 883 2935 ὁδόν·
954 2871 1184 2955 διόπερ
1229 2871 1388 2947 τούς
1431 2891 1502 2934 τε
1560 2872 1898 2956 κρημνοὺς
1950 2894 2147 2934 κατα·-

223 2976 487 3051 κόψασα
555 2973 667 3040 καὶ
748 2978 906 3052 τοὺς
978 2979 1247 3053 κοίλους
1327 2979 1574 3053 τόπους
1644 2977 1915 3061 χώσασα
1988 2976 2148 3040 σύν-

139 3112 193 3155 25
223 3103 432 3165 τομον
495 3079 609 3146 καὶ
671 3086 998 3164 πολυτελῆ
1054 3084 1533 3149 κατεσκεύασεν
1599 3082 1789 3165 ὁδόν,
1853 3083 1896 3165 ἣ
1957 3082 2149 3166 μέχρι

223 3196 346 3252 τοῦ
373 3195 505 3252 νῦν
528 3188 982 3274 Σεμιράμιδος
1010 3193 1321 3253 καλεῖται.
1384 3195 1926 3273 παραγενηθεῖσα
1956 3183 2017 3248 δ’
2054 3185 2149 3258 εἰς
2183 3204 2215 3252 6

215 3289 606 3377 Ἐκβάτανα,
653 3296 853 3360 πόλιν
897 3294 973 3359 ἐν
1018 3296 1223 3383 πεδίῳ
1268 3293 1610 3379 κειμένην,
1667 3291 2147 3360 κατεσκεύασεν

404 3491 436 3539 3
475 3483 696 3555 χαύονα
744 3486 820 3551 G,
874 3483 1102 3557 χάτωνα
1141 3487 1207 3553 D,
1264 3483 1449 3555 χάονα
1490 3483 1596 3538 OF
1772 3490 1805 3536 8
1854 3477 2144 3547 ἐποίησεν]

222 3551 515 3624 ἐπέθηκεν
551 3557 605 3610 ΙΙ
752 3563 818 3611 18
854 3554 1225 3626 παρεγενήθη
1266 3555 1397 3625 COE)
1542 3556 1572 3618 ζ
1607 3572 1847 3623 αρκαιον
1884 3550 1931 3604 D
2078 3553 2148 3601 26

219 3627 356 3696 νῦν]
399 3622 503 3680 ἀπ’
546 3624 768 3698 ἐκείνης
805 3629 934 3684 add.
977 3627 1084 3682 OF
1222 3642 1555 3693 παραγενομ
1587 3643 1656 3690 νη
1694 3623 1763 3679 ΙΙ.
