2569 4061
1020 334 1102 389 III
1140 340 1225 390 51.
1257 342 1342 390 52.
2012 335 2141 400 347

220 499 383 563 αὐτὸ
438 496 547 564 καὶ
601 494 996 584 προπίπτεὶν
1051 500 1145 575 εἰς
1204 500 1278 563 τὸ
1336 500 1636 584 πρόσθεν
1690 501 1955 585 ἄθρουν
2009 497 2141 563 ὑπὸ

217 612 337 688 τῆς
380 605 579 670 πάλιν
624 605 860 691 ῥύμης·
907 608 1065 682 τοὺς
1111 602 1172 669 δ’
1208 604 1747 690 ὑποφεύγοντας,
1799 606 1959 672 ὅταν
2005 604 2141 670 έπι-

220 721 608 797 στραφῶσιν
663 709 704 794 ἢ
761 710 1083 795 μένωσιν,
1146 711 1440 794 εὐλόγως
1493 710 1624 775 ὑπὸ
1682 719 1804 775 τοῦ
1859 728 2142 778 συνακο-

106 838 216 888 220
234 821 649 895 λουθοῦντος
694 818 979 882 εἰδώλου
1034 817 1375 895 ψαύεσθαι
1433 826 1575 892 τοῖς
1629 817 1876 898 ὄγκοις·
1941 827 2138 883 τοῦτο

161 942 188 983 5
220 920 294 989 δὲ
338 925 500 990 κατὰ
545 925 670 1007 τὴν
714 925 883 1010 πρὸς
927 925 1002 989 τὸ
1055 921 1444 1009 στερέμνιον
1486 925 1914 1008 πρόσπτωσιν
1959 943 2142 1007 περι-

213 1032 628 1115 θρύβεσθαι,
701 1027 813 1095 καὶ
884 1032 1310 1114 πανταχόθεν
1379 1032 1874 1116 προσχεόμενον
1945 1051 2140 1093 κατα-

211 1138 453 1222 ψύχειν
497 1140 579 1203 τὰ
625 1137 895 1222 σώματα
939 1146 1074 1201 τῶν
1120 1139 1757 1222 περιτυγχανόντων.

398 1245 674 1309 Τούτων
714 1240 775 1307 δ’
812 1241 974 1327 ἡμῖν
1011 1241 1578 1328 διευκρινημένων
1617 1246 1866 1310 οἰκεῖον
1913 1242 1998 1308 ἂν
2034 1248 2135 1327 εἴη
2158 1247 2246 1314 52

210 1362 352 1427 τοῖς
377 1346 888 1435 προειρημένοις
922 1350 1149 1425 τόποις
1179 1350 1476 1415 διελθεῖν
1513 1351 1595 1415 τὰ
1620 1349 1772 1435 περὶ
1807 1352 1925 1427 τὰς
1946 1343 2136 1433 ’Λμα-

130 1478 185 1517 10
216 1460 408 1536 ζόνας
456 1457 897 1541 ἱστορούμενα
941 1456 1057 1532 τὰς
1102 1453 1466 1539 γενομένας
1519 1457 1593 1520 τὸ
1640 1458 1924 1521 παλαιὸν
1969 1457 2134 1522 κατὰ

211 1565 336 1646 τὴν
364 1563 645 1645 Λιβύην.
703 1562 775 1626 oc
804 1558 1041 1626 πολλοὶ
1078 1557 1199 1645 μὲν
1235 1563 1363 1647 γὰρ
1391 1561 1797 1644 ὑπειλήφασι
1833 1563 1950 1637 τὰς
1984 1560 2134 1647 περὶ

211 1669 333 1732 τὸν
382 1668 827 1752 Θερμώδοντα
876 1668 1176 1752 ποταμὸν
1222 1666 1297 1732 ἐν
1350 1673 1441 1755 τῷ
1490 1669 1730 1755 Πόντφ
1777 1664 2137 1750 λεγομένας

210 1754 661 1862 κατῳκηκέναι
699 1777 908 1859 μόνας
935 1773 1244 1860 ὑπάρξαι·
1283 1775 1360 1838 τὸ
1400 1770 1460 1838 δ’
1489 1768 1738 1856 ἀληθὲς
1773 1772 1895 1857 οὐχ
1925 1772 2136 1850 οὕτως

209 1882 373 1964 ἔχει,
423 1881 536 1944 διὰ
580 1880 655 1945 τὸ
701 1883 875 1945 πολὺ
920 1890 1269 1967 προτερεῖν
1313 1890 1455 1957 τοϊς
1499 1881 1768 1966 χρόνοις
1810 1879 1928 1956 τὰς
1972 1880 2136 1945 κατὰ

131 2007 181 2048 15
210 1988 476 2072 Λιβύην
521 1983 631 2054 καὶ
676 1985 941 2073 πράξεις
988 1985 1378 2071 ἀξιολόγους
1414 1983 1936 2052 ἐπιτελέσασθαι.
2013 1984 2135 2051 οὐκ
2170 2011 2203 2061 2

210 2094 583 2179 ἀγνοοῦμεν
639 2089 713 2158 δὲ
768 2095 939 2158 διότι
1002 2099 1274 2171 πολλοῖς
1339 2104 1474 2159 τῶν
1538 2093 2133 2175 ἀναγινωσκόντων

209 2198 494 2284 ἀνήκοος
531 2210 837 2285 φανεῖται
874 2198 986 2264 καὶ
1025 2198 1176 2284 ξένη
1222 2205 1563 2277 παντελῶς
1597 2199 1639 2282 ἡ
1685 2196 1835 2285 περὶ
1873 2200 2131 2265 τούτων

212 2306 501 2392 ἱστορία·
563 2304 1027 2392 ἠφανισμένου
1090 2309 1217 2392 γὰρ
1286 2307 1653 2390 ὁλοσχερῶς
1706 2312 1829 2371 τοῦ
1892 2305 2131 2389 γένους

206 2424 342 2478 τῶν
381 2409 824 2498 Ἀμαζονίδων
869 2414 1128 2479 τούτων
1182 2418 1458 2490 πολλαῖς
1502 2422 1760 2495 γενεαῖς
1803 2415 2130 2498 πρότερον

128 2541 181 2581 20
207 2529 344 2584 τῶν
395 2523 732 2604 Τρωικῶν,
779 2530 915 2584 τῶν
963 2516 1037 2584 δὲ
1082 2518 1235 2604 περὶ
1279 2520 1400 2585 τὸν
1441 2518 1885 2605 Θερμώδοντα
1931 2540 2128 2584 ποτα-

207 2626 337 2709 μὸν
385 2628 772 2708 [γυναικῶν]
818 2625 1204 2711 ἠκμακυιῶν
1249 2627 1490 2712 μικρὸν
1525 2627 1654 2710 πρὸ
1700 2627 1957 2690 τούτων
1992 2635 2127 2691 τῶν

204 2734 497 2818 χρόνων,
547 2731 671 2797 οὐκ
716 2732 972 2815 ἀλόγως
1017 2733 1094 2797 αἰ
1127 2731 1669 2817 μεταγενέστεραι
1715 2729 1827 2797 καὶ
1871 2736 2126 2815 μᾶλλον

202 2842 680 2932 γνωριζόμεναι
725 2841 848 2922 τὴν
906 2839 1107 2918 δόξαν
1156 2841 1767 2925 κεκληρονομήκασι
1820 2841 1945 2923 τὴν
1989 2851 2125 2905 τῶν

202 2950 505 3011 παλαιῶν
541 2942 652 3010 καὶ
688 2950 1026 3022 παντελῶς
1062 2944 1535 3031 ἀγνοουμένων
1573 2947 1684 3012 διὰ
1723 2948 1841 3012 τὸν
1877 2949 2125 3031 χρόνον

123 3070 174 3112 25
202 3052 331 3117 ὑπὸ
379 3063 513 3117 τῶν
558 3053 902 3116 πλείστων.
977 3050 1060 3116 οὐ
1106 3053 1238 3136 μὴν
1284 3045 1443 3116 ἀλλ”
1472 3050 1659 3135 ἡμεῖς
1704 3051 2124 3135 εὑρίσκοντες
2160 3074 2194 3123 3

199 3161 489 3235 πολλοὺς
535 3154 659 3243 μὲν
703 3168 838 3223 τῶν
885 3157 1178 3244 ἀρχαίων
1222 3168 1517 3242 ποιητῶν
1561 3180 1632 3222 τε
1676 3154 1786 3221 καὶ
1832 3171 2123 3239 συγγρα-

201 3262 405 3348 φέων,
454 3264 578 3329 οὐκ
616 3263 885 3346 ὀλίγους
924 3260 997 3329 δὲ
1031 3262 1143 3330 καὶ
1179 3274 1316 3328 τῶν
1352 3259 1920 3348 μεταγενεστέρων
1957 3263 2123 3345 μνή-

338 3462 371 3510 2
426 3454 597 3511 πάλιν
663 3452 866 3528 ῥύμης]
930 3452 1282 3526 παλιρρύμης
1340 3458 1388 3508 Α
1599 3449 2006 3520 ἐπιστρέφουσιν
2068 3451 2122 3505 ΙΙ

199 3533 262 3582 11
312 3527 417 3597 μὲν
455 3526 522 3594 D,
562 3544 669 3582 om.
707 3529 861 3598 vulg.
1005 3532 1071 3581 21
1121 3526 1409 3596 γυναικῶν
1446 3541 1555 3580 om.
1586 3522 1632 3575 Ε
1778 3519 1979 3592 μικρόν
2017 3516 2121 3590 ἠκ-

196 3600 455 3667 μακυιῶν
492 3600 541 3653 D
687 3603 756 3652 22
794 3598 893 3654 καὶ
929 3615 1037 3653 om.
1076 3598 1142 3652 D.
