2569 4061
710 373 810 428 DE
848 371 1195 441 SERMONE
1232 372 1634 432 DIODOREO.
1986 374 2139 430 XLV

192 540 562 620 ἐπιφάνειαν
608 546 672 603 et
717 561 791 603 ex
837 542 1075 619 eodem,
1129 542 1235 619 qui
1280 543 1464 603 etiam
1511 546 1569 619 2,
1607 546 1722 620 13,
1769 545 1807 603 2
1855 543 2021 603 solus
2075 540 2140 602 τὸ

194 639 515 701 κατωτάτω
563 636 739 719 μέρος
783 658 892 716 pro
937 637 1306 716 κατώτατον,
1363 641 1424 700 et
1467 639 1623 701 libro
1668 658 1790 701 uno
1838 644 1897 719 2,
1948 642 2051 715 10,
2099 642 2137 701 6

190 745 308 817 τῆς
365 735 647 798 ἀνωτάτω
702 734 1054 814 ἐπιφανείας
1107 755 1218 814 pro
1272 743 1379 815 τῆς
1440 733 1743 815 ἀνωτάτης
1806 758 1936 800 esse
1992 737 2141 799 reci-

193 836 441 914 pienda,
480 836 702 913 qnippe
742 836 948 896 hiatus
985 835 1253 897 evitandi
1281 853 1465 896 causa
1491 835 1765 895 consulto
1794 853 1832 895 a
1857 835 2136 913 Diodoro,

192 937 272 993 ut
323 933 586 1012 videtur,
628 952 750 994 non
784 933 1004 1011 posita.
1090 970 1097 977 ·

381 1023 752 1110 Ἀξιοχρέους
788 1027 972 1103 οὔσας
1012 1034 1112 1105 11,
1146 1033 1252 1108 34,
1282 1033 1321 1092 3
1362 1034 1425 1090 et
1458 1024 1758 1110 ἡγεμόνας
1801 1025 2142 1108 ἀξιοχρέους

200 1130 313 1206 14,
367 1129 470 1205 77,
519 1130 577 1206 6,
630 1127 874 1188 videtur
930 1128 1310 1188 scribendum
1354 1125 1700 1206 ἀξιόχρεως,
1755 1127 1913 1204 quod
1959 1126 2143 1186 habet

190 1226 305 1287 Vel
369 1224 702 1285 Pausanias
770 1229 836 1302 7,
899 1228 964 1297 6,
1023 1228 1060 1286 9
1145 1221 1226 1297 ὥς
1289 1221 1440 1303 μηδὲ
1512 1223 1719 1298 σώζειν
1799 1222 1873 1285 τὰ
1953 1222 2143 1284 οἰκεῖα

188 1319 519 1401 ἀξιόχρεως
563 1314 737 1400 εἶναι,
774 1323 891 1383 etsi
927 1319 1197 1401 ἀξιόχρεα
1233 1326 1329 1383 est
1367 1325 1427 1401 8,
1466 1325 1569 1398 31,
1609 1326 1671 1401 9,
1715 1323 1822 1384 ubi
1865 1321 2141 1386 nonnulli

192 1443 247 1481 ω
300 1439 413 1497 pro
460 1442 522 1499 ο,
578 1422 738 1498 quod
792 1419 870 1481 ad
924 1444 964 1480 α
1018 1420 1221 1496 potius
1266 1420 1674 1499 referendum,
1729 1425 1801 1481 nt
1845 1420 2143 1499 singulari

190 1520 371 1579 certe
417 1518 560 1578 libri
602 1519 731 1578 fere
769 1537 1004 1594 semper
1047 1514 1377 1596 ἀξιόχρεως.
1448 1519 1677 1579 Plurali
1711 1523 1917 1580 tamen
1954 1518 2143 1580 etiam

190 1612 517 1694 κατάχρεοι
572 1618 668 1676 est
723 1617 829 1691 32,
884 1618 988 1690 26,
1046 1618 1104 1689 3,
1158 1619 1229 1675 ut
1282 1614 1445 1691 apud
1501 1616 1824 1692 Polybium
1885 1634 2141 1693 quoque,

195 1712 488 1790 quamvis
536 1712 880 1772 accusativo
928 1708 1241 1790 ἀξιόχρεως
1287 1711 1600 1787 dicentem,
1643 1712 1858 1772 horum
1903 1732 2140 1790 compo·

193 1812 472 1871 sitorum
511 1806 699 1866 etiam
734 1808 963 1867 formae
999 1808 1064 1866 in
1102 1829 1160 1867 οι
1195 1811 1504 1886 apparent.
1577 1809 1650 1867 In
1685 1809 1902 1885 quibus
1938 1815 2142 1870 tamen

196 1908 396 1968 etiam
469 1903 618 1964 libri
687 1903 927 1965 variant
997 1904 1159 1965 inter
1219 1908 1445 1968 formas
1521 1929 1569 1992 φ
1633 1910 1696 1968 et
1760 1906 2012 1979 alterae,
2075 1908 2144 1965 ut

200 2003 524 2065 Plutarchi
572 2001 786 2066 Timol.
833 2022 881 2065 ο.
925 2006 1024 2082 11,
1071 2006 1346 2067 nonnulli
1392 2003 1649 2091 διάπλεῳ
1693 2025 1805 2085 pro
1852 2002 2142 2065 διάπλεαι.

202 2101 352 2162 Dixi
394 2102 469 2161 de
515 2101 611 2163 his
647 2101 815 2164 vitiis
862 2102 940 2163 ad
986 2103 1163 2165 Thes.
1212 2104 1506 2182 Stephani
1548 2125 1606 2182 p.
1640 2107 1834 2178 1097,
1878 2105 1952 2170 A.

383 2193 821 2279 Ἀπαράσκευος
855 2204 1098 2261 tantum
1144 2202 1370 2264 dixisse
1402 2203 1755 2278 Diodorum,
1799 2221 1922 2262 non
1956 2201 2141 2261 etiam

204 2295 754 2377 ἀπαρασκεύαστος,
799 2298 962 2373 quod
1006 2302 1102 2358 est
1144 2300 1209 2358 in
1255 2300 1534 2360 omnibus
1585 2301 1687 2373 14,
1730 2300 1836 2372 47,
1874 2300 1912 2356 3
1961 2301 2025 2356 et
2078 2297 2145 2356 in

208 2415 331 2456 uno
384 2399 482 2473 12,
532 2397 635 2474 69,
681 2396 741 2472 4,
794 2397 1015 2473 probat
1058 2399 1395 2457 ceterorum
1452 2396 1721 2457 locorum
1767 2395 2035 2455 omnium
2079 2395 2143 2454 in

206 2494 406 2553 altera
461 2494 658 2552 forma
713 2510 1039 2553 consensus
1091 2496 1150 2572 2,
1198 2496 1304 2573 26,
1352 2495 1422 2569 53
1472 2497 1529 2568 2,
1568 2496 1672 2567 29,
1710 2494 1777 2571 53
1829 2495 1887 2566 3,
1927 2494 2029 2568 65,
2069 2494 2143 2570 33

74 2605 85 2614 ·
212 2593 317 2664 18,
367 2592 471 2668 36,
517 2591 587 2667 43
650 2592 749 2668 16,
797 2591 901 2668 84,
949 2592 1016 2666 2;
1068 2594 1168 2667 17,
1218 2594 1320 2670 86,
1369 2594 1436 2669 53
1497 2594 1600 2670 18,
1648 2593 1749 2670 51,
1789 2593 1861 2668 2,
1922 2593 2024 2670 29,
2073 2594 2140 2668 3,

209 2690 320 2766 31,
367 2690 481 2765 42,
535 2687 866 2764 eademque
919 2687 1175 2747 formam
1231 2690 1488 2750 alteram
1542 2689 1705 2766 apud
1758 2688 1999 2749 Atticos
2053 2688 2140 2747 in-

208 2785 445 2846 ferendi
499 2784 883 2844 librariorum
938 2786 1334 2864 consuetudo,
1398 2785 1472 2845 de
1533 2805 1653 2862 qua
1705 2785 1828 2844 dixi
1884 2785 1964 2845 ad
2009 2784 2140 2847 Ste-

207 2884 499 2960 phanum.

392 2980 467 3039 In
509 2978 717 3040 formis
765 2974 1026 3040 Ἀπόλλω
1082 2983 1145 3040 et
1180 2974 1551 3058 Ἀπόλλωνα,
1608 2981 1733 3043 sive
1788 2981 1952 3042 absit
1996 2981 2139 3042 arti-

209 3079 386 3139 culus
442 3077 569 3138 sive
623 3076 808 3152 adsit,
864 3078 982 3138 etsi
1033 3077 1177 3137 libri
1228 3079 1319 3138 ita
1374 3077 1594 3139 ludunt
1647 3081 1717 3139 ut
1760 3078 1913 3137 nihil
1958 3079 2022 3138 in
2066 3079 2141 3139 iis

210 3175 298 3236 sit
351 3174 637 3251 praesidii
692 3167 798 3256 (cf.
847 3177 906 3252 3,
959 3168 1101 3255 59),
1163 3176 1329 3236 haud
1382 3176 1564 3237 dubie
1625 3179 1833 3237 tamen
1879 3169 2141 3236 Ἀπόλλω

209 3275 458 3334 tantum
500 3272 738 3332 dixerat
781 3272 1105 3350 Diodoru8,
1152 3274 1269 3334 etsi
1312 3292 1432 3335 non
1477 3273 1631 3334 dixit
1675 3271 1971 3347 Ποσειδῶ,
2019 3272 2140 3342 sed,

210 3371 279 3429 in
324 3389 443 3447 quo
486 3369 633 3429 libri
675 3371 968 3447 perpetuo
1006 3370 1403 3449 consentiunt,
1450 3370 1821 3432 Ποσειδῶνα.

346 3499 614 3566 ’Ἆπλατος
650 3520 777 3559 cum
813 3504 966 3559 reete
1002 3502 1079 3560 sit
1106 3509 1158 3571 2,
1185 3510 1283 3572 49,
1303 3510 1340 3559 4
1366 3504 1424 3559 in
1452 3504 1728 3571 omnibus,
1771 3498 2021 3559 ἄπλατος
2058 3495 2145 3550 9Ξῦ

207 3586 274 3641 in
310 3581 474 3638 libris
527 3583 804 3639 secundae
850 3584 1047 3639 elassis
1086 3590 1137 3653 3,
1170 3589 1255 3651 19,
1290 3590 1347 3651 53
1387 3590 1437 3652 3,
1466 3589 1554 3649 40,
1583 3588 1641 3647 43
1680 3588 1734 3646 3,
1761 3583 1847 3640 50,
1877 3578 1937 3636 43
1976 3581 2027 3641 3,
2058 3578 2143 3635 '⁷02

210 3671 273 3731 4;
313 3670 369 3734 4,
403 3669 487 3733 13,
516 3669 576 3733 83
615 3669 666 3732 4,
694 3670 780 3733 21,
810 3670 861 3719 6.
