2569 4061
975 299 1051 353 IV
1084 303 1166 352 79.
1198 302 1283 353 80.
1314 302 1398 351 81.
1870 325 1874 329 >
2027 295 2159 362 525

206 458 335 526 ἐπὶ
402 462 576 526 πολὺ
639 468 758 544 τῆς
810 461 975 525 κατὰ
1037 461 1146 536 τὰς
1204 459 1371 535 θεὰς
1434 457 1852 543 ἐπιφανείας,
1910 458 1980 524 οἰ
2037 453 2160 542 μὲν

214 566 545 652 ἐγχώριοι
590 570 863 643 πολλοῖς
900 565 1332 650 ἀναθήμασιν
1377 564 1695 651 ἀργυροῖς
1727 563 1841 630 καὶ
1885 575 2160 651 χρυσοῖς

211 670 610 738 διετέλεσαν
646 682 963 757 τιμῶντες
1007 673 1160 757 ἄχρι
1206 671 1419 737 τῶνδε
1463 680 1598 735 τῶν
1645 672 1956 756 ἱστοριῶν
2002 695 2162 757 γρα-

216 777 569 863 φομένων.
659 780 833 845 νεὼν
888 775 1011 862 μὲν
1065 779 1192 863 γὰρ
1251 777 1483 854 αὐταῖς
1536 777 2023 842 κατεσκεύασαν
2080 777 2162 841 οὐ
2200 784 2233 836 6

159 904 189 945 5
223 887 449 968 μόνον
503 893 595 972 τῷ
652 883 920 969 μεγέθει
977 884 1331 969 διάφορον,
1389 882 1555 950 ἄλλα
1607 879 1719 948 καὶ
1763 891 1842 968 τῇ
1888 887 2163 947 πολυτε-

226 995 382 1079 λείᾳ
441 999 520 1077 τῇ
580 993 743 1057 κατὰ
801 992 924 1074 τὴν
986 990 1378 1075 οἰκοδομίαν
1437 991 1975 1074 θαυμαζόμενον·
2042 988 2165 1054 οὐκ

231 1100 504 1181 ἔχοντες
542 1097 668 1181 γὰρ
705 1097 871 1160 κατὰ
906 1096 1031 1179 τὴν
1070 1097 1251 1160 ἰδίαν
1295 1096 1523 1181 χώραν
1568 1098 1768 1160 λίθον
1816 1093 2165 1177 ἀξιόλογον

228 1204 417 1288 παρὰ
470 1213 605 1268 τῶν
661 1202 1147 1285 ἀστυγειτόνων
1200 1198 1642 1288 Ἀγυριναίων
1695 1201 1973 1285 ἤγαγον,
2031 1210 2167 1265 τῶν

107 1334 229 1384 324
254 1308 384 1394 μὲν
428 1312 691 1375 πόλεων
739 1310 1176 1393 διεστηκυιῶν
1222 1309 1312 1385 ὡς
1368 1308 1602 1374 ἑκατὸν
1657 1309 2001 1391 σταδίους,
2055 1314 2171 1391 τῆς

150 1437 208 1478 10
239 1411 301 1482 δ’
373 1416 537 1482 ὁδοῦ
611 1414 705 1481 δι’
769 1411 850 1500 ’ἧς
921 1415 1173 1500 ἀνάγκη
1237 1419 1628 1500 κομίζεσθαι
1699 1418 1858 1494 τοὺς
1929 1418 2173 1491 λίθους

234 1523 668 1610 ὑπαρχούσης
728 1526 1034 1609 τραχείας
1095 1520 1207 1588 καὶ
1274 1526 1612 1598 παντελῶς
1680 1523 2175 1608 δυσπορεύτου·

241 1627 331 1695 δι’
375 1630 463 1714 ’ἣν
500 1632 719 1696 αἰτίαν
755 1630 1367 1705 κατασκευάσαντες
1403 1624 1655 1712 ἁμάξας
1689 1629 2172 1713 τετρακύκλους

243 1735 480 1801 ἑκατὸν
528 1738 782 1820 ζεύγεσι
827 1740 1008 1820 βοῶν
1056 1734 1381 1821 ἐκόμισαν
1425 1735 1545 1800 τὸν
1591 1736 1811 1799 λίθον.
1887 1735 2000 1798 διὰ
2044 1735 2172 1819 γὰρ
2214 1742 2246 1791 6

244 1844 320 1908 τὸ
367 1847 631 1926 πλῆθος
675 1855 812 1910 τῶν
859 1844 1058 1930 ίερῶν
1117 1843 1472 1928 χρημάτων
1527 1840 2039 1927 εὐπορούμενοι,
2095 1849 2175 1926 τῇ

169 1969 220 2010 15
255 1951 564 2039 δαψιλείᾳ
609 1959 725 2036 τῆς
771 1950 1087 2037 εὐπορίας
1133 1949 1491 2036 ὑπερεῖδον
1528 1958 1662 2014 τῶν
1701 1946 2176 2033 ἀναλωμάτων·

258 2061 471 2144 βραχὺ
507 2060 634 2143 γὰρ
670 2059 799 2144 πρὸ
836 2058 1026 2142 ἡμῶν
1072 2052 1258 2142 εἶχον
1305 2058 1380 2122 αἰ
1418 2054 1575 2121 θεαὶ
1620 2058 1785 2138 βοῦς
1829 2051 1950 2138 μὲν
1999 2055 2180 2140 ἱερὰς

256 2166 640 2250 τρισχιλίας,
685 2163 902 2247 χώρας
949 2158 1022 2226 δὲ
1067 2166 1330 2245 πλῆθος
1375 2162 1542 2226 ὥστε
1581 2162 1946 2245 λαμβάνειν
1982 2162 2179 2245 μεγά-

258 2276 372 2347 λας
416 2269 814 2354 προσόδους.

417 2372 651 2457 (Ημεῖς
698 2369 772 2437 δὲ
809 2371 961 2459 περὶ
996 2373 1257 2437 τούτων
1294 2371 1676 2457 ἀρκούντως
1712 2374 2180 2456 διεληλυθότες
2200 2377 2285 2445 81

183 2500 235 2540 20
260 2477 405 2565 περὶ
457 2473 837 2565 Ἀρισταίου
896 2478 1182 2564 γράφειν
1242 2477 1731 2564 ἐγχειρήσομεν.
1816 2473 2184 2565 Ἀρισταῖος

255 2586 377 2671 γὰρ
447 2580 534 2669 ἧν
612 2585 760 2663 υίὸς
831 2581 953 2669 μὲν
1018 2582 1434 2663 Ἀπόλλωνος
1505 2583 1617 2652 καὶ
1679 2589 1998 2672 Κυρήνης
2063 2598 2184 2674 τῆς

249 2691 493 2772 Ὑψέως
545 2693 888 2778 θυγατρὸς
940 2699 1063 2757 τοῦ
1112 2698 1445 2776 Πηνειοῦ·
1499 2691 1653 2780 περὶ
1709 2689 1783 2758 δὲ
1834 2702 1949 2778 τῆς
2002 2694 2184 2779 γενέ-

264 2817 421 2875 σεως
468 2798 682 2865 αὐτοῦ
730 2802 1201 2884 μυθολογοῦσί
1241 2821 1418 2877 τινες
1466 2799 1692 2878 οὕτως.
1780 2796 2181 2884 Ἀπόλλωνα,

264 2905 407 2992 περὶ
461 2908 535 2972 τὸ
589 2908 850 2990 Πήλιον
904 2902 1319 2990 τρεφομένης
1362 2908 1565 2991 κόρης
1611 2908 1824 2991 ὄνομα
1870 2910 2185 2992 Κυρήνης

196 3030 242 3070 25
268 3015 485 3079 κάλλει
533 3012 1016 3099 διαφερούσης,
1073 3010 1446 3097 ἐρασθῆναι
1492 3020 1606 3098 τῆς
1649 3010 2027 3098 παρθένου,
2069 3011 2185 3078 καὶ

223 3166 251 3183 ..
271 3129 673 3204 μετενεγκεῖν
703 3119 915 3203 αὐτὴν
942 3126 1057 3202 τῆς
1084 3119 1346 3204 Λιβύης
1372 3121 1467 3197 εἰς
1493 3119 1744 3203 ταύτην
1778 3118 1901 3201 τὴν
1937 3118 2183 3204 χώραν,

403 3284 434 3331 2
474 3295 669 3347 χρυσοι
656 3283 699 3338 ς
735 3275 832 3330 καὶ
870 3271 1136 3362 ἀργυροῖς
1173 3276 1325 3362 vulg.
1437 3283 1470 3330 3
1511 3272 2099 3361 ἷστοριογραφομένων
2129 3276 2178 3330 D

272 3347 490 3435 (137,6)
590 3353 624 3401 4
662 3343 1113 3434 κατεσκεύασαν]
1152 3342 1527 3434 ωκοδόμησαν
1564 3347 1617 3400 II
1719 3352 1750 3401 8
1788 3340 2099 3433 άγυριαίων
2134 3347 2184 3401 D

272 3424 302 3472 9
336 3389 535 3473 στάδια
572 3418 626 3472 II
805 3423 871 3471 11
909 3413 1029 3472 ὖπα
1066 3401 1272 3487 χούσης
1310 3436 1418 3475 om.
1457 3418 1506 3471 D
1690 3421 1756 3472 15
1794 3435 1992 3486 υπερει
1977 3423 2094 3487 χον
2130 3418 2187 3484 II

276 3483 928 3628 161ξερους1ἑρισχιλίους
965 3487 1014 3543 G
1250 3494 1318 3543 17
1357 3487 1447 3559 δὲ]
1486 3507 1545 3543 τε
1586 3486 1740 3557 vulg.
1913 3492 1980 3542 25
2020 3490 2183 3558 διαφ.

274 3579 338 3612 κα
403 3578 451 3614 ει
489 3577 562 3613 vu
