2569 4061
377 291 512 357 264
1046 286 1355 344 monem
1391 286 1627 344 smtm

382 453 597 535 κὐται,
641 460 846 516 πᾶσαι
894 447 969 516 δὲ
1012 461 1154 528 τοῖς
1198 450 1427 527 αὐτοῖς
1471 452 1658 515 ἔθεσι
1704 447 1815 516 καὶ
1859 431 2091 534 νόμοις
2134 451 2309 535 χρώ-

273 564 358 629 59
380 581 590 644 μεναι.
663 555 904 633 πάντες
941 553 1003 621 δ’
1040 556 1112 620 οἰ
1150 563 1615 632 κατοικοῦντες
1650 554 1725 621 ἐν
1769 555 2022 638 αὐταῖς,
2069 558 2311 642 καίπερ

381 666 682 741 δαψιλεῖς
727 664 989 747 ἔχοντες
1032 663 1303 728 πάντων
1337 664 1655 747 χορηγίας
1698 662 2081 747 αὐτοφυεῖς,
2130 662 2316 756 ὅμως

381 769 504 834 οὐκ
563 767 812 853 ἀνέδην
868 779 1159 856 χρῶνται
1215 777 1361 844 ταῖς
1419 766 1900 850 ἀπολαύσεσιν,
1960 766 2128 832 ἀλλὰ
2180 769 2306 851 τὴν

381 879 687 961 λιτότητα
733 876 1053 942 διώκουσι
1097 872 1209 940 καὶ
1242 875 1368 958 τὴν
1416 873 1756 962 ἀρκοῦσαν
1794 874 2056 958 τροφὴν
2100 890 2307 961 προσ-
2335 891 2364 932 5

383 981 732 1070 φέρονται·
792 980 952 1068 κρέα
1008 977 1082 1046 δὲ
1137 979 1247 1046 καὶ
1304 982 1512 1046 τᾶλλα
1565 980 1783 1045 πάντα
1843 980 2010 1045 ὀπτὰ
2067 978 2179 1046 καὶ
2239 980 2312 1060 ἐξ

380 1091 627 1167 ὕδατος
680 1086 861 1172 ἑφθὰ
914 1089 1336 1167 σκευάζουσι·
1394 1098 1531 1153 τῶν
1586 1082 1649 1164 δ’,
1700 1089 1925 1153 ἄλλων
1977 1098 2114 1153 τῶν
2166 1099 2314 1166 τοῖς

381 1198 723 1280 μαγείροις
780 1194 1445 1279 πεφιλοτεχνημένων
1508 1204 1739 1280 χυμῶν
1796 1192 1907 1261 καὶ
1966 1203 2083 1278 τῆς
2143 1196 2306 1260 κατὰ

382 1302 499 1377 τὰς
552 1300 859 1385 ἀρτύσεις
911 1303 1243 1378 ποικιλίας
1298 1301 1722 1386 ἀνεπινόητοι
1774 1307 2111 1378 παντελῶς
2161 1302 2302 1367 εἰσι.

311 1430 343 1479 2
382 1404 688 1490 σέβονται
728 1402 804 1471 δὲ
846 1409 1055 1483 θεοὺς
1088 1408 1165 1472 τὸ
1211 1407 1519 1494 περιέχον
1555 1408 1767 1473 πάντα
1812 1405 1922 1473 καὶ
1966 1407 2161 1491 ’ἥλιον
2198 1405 2304 1473 καὶ
2334 1422 2391 1462 1⁰

381 1515 685 1579 καθόλου
720 1513 935 1580 πάντα
970 1514 1052 1578 τὰ
1090 1512 1390 1600 οὐράνια.
1457 1514 1717 1598 ἰχθύων
1754 1509 1828 1579 δὲ
1862 1515 2306 1580 παντοδαπῶν

382 1625 643 1704 πλῆθος
697 1619 1075 1698 ἁλιεύοντες
1125 1622 1442 1697 ποικίλως
1504 1619 1616 1686 καὶ
1668 1630 1805 1686 τῶν
1857 1631 2129 1705 πτηνῶν
2188 1620 2308 1686 οὐκ
2345 1697 2354 1704 ⁰

313 1750 346 1799 8
384 1727 576 1811 ὀλίγα
602 1728 991 1815 θηρεύουσι.
1066 1729 1321 1811 γίνεται
1350 1722 1425 1792 δὲ
1459 1724 1616 1813 παρ’
1651 1727 1880 1803 αὐτοῖς
1915 1726 2309 1813 ἀκροδρύων

383 1854 460 1899 τε
499 1839 762 1918 πλῆθος
805 1834 1226 1918 αὐτομάτων,
1273 1830 1384 1898 καὶ
1431 1831 1645 1904 ἐλαῖαι
1699 1834 1991 1918 φύονται
2032 1831 2142 1897 καὶ
2186 1834 2307 1915 ἄμ-

383 1946 604 2024 πελοι,
655 1938 722 2020 ἐξ
769 1935 866 2006 ὧν
912 1941 1137 2005 ἔλαιόν
1191 1962 1262 2004 τε
1308 1947 1580 2005 ποιοῦσι
1626 1936 1901 2018 δαψιλὲς
1944 1937 2053 2005 καὶ
2098 1933 2306 2004 οἶνον.
2344 1953 2398 1995 1⁵

386 2050 577 2133 ὄφεις
618 2071 689 2113 τε
733 2058 874 2125 τοῖς
919 2045 1232 2132 μεγέθεσι
1279 2044 1753 2133 διαφέροντας,
1802 2044 2004 2113 οὐδὲν
2050 2043 2123 2112 δὲ
2170 2046 2315 2112 ἀδι-

385 2163 669 2231 κοῦντας
702 2157 860 2230 τοὺς
896 2153 1324 2240 ἀνθρώπους,
1361 2152 1694 2237 ἐδώδιμον
1729 2154 1905 2236 ἔχειν
1941 2154 2064 2237 τὴν
2103 2152 2314 2238 σάρκα

314 2282 351 2331 4
385 2258 498 2328 καὶ
563 2261 924 2346 γλυκύτητι
991 2259 1470 2346 διαφέρουσαν.
1575 2258 1865 2343 ἐσθῆτας
1928 2255 2004 2324 δὲ
2067 2259 2316 2336 αὐτοὺς

386 2369 894 2448 κατασκευάζειν
952 2369 1026 2432 ἔκ
1090 2390 1298 2432 τινων
1355 2367 1672 2451 καλάμων
1731 2364 2022 2451 ἐχόντων
2085 2366 2160 2431 ἐν
2221 2373 2314 2454 τῷ

388 2472 566 2562 μέσῳ
620 2483 832 2559 χνοῦν
878 2475 1184 2559 λαμπρὸν
1227 2471 1341 2538 καὶ
1393 2474 1724 2558 μαλακόν,
1772 2471 1853 2537 ὃν
1897 2474 2315 2556 συνάγοντας
2344 2486 2403 2526 2⁰

386 2576 500 2643 καὶ
563 2589 704 2655 τοῖς
771 2581 1157 2654 θαλαττίοις
1217 2576 1516 2663 ὀστρέοις
1590 2578 2149 2664 συγκεκομμένοις
2210 2582 2315 2664 μί-

390 2701 677 2769 σγοντας
734 2684 1092 2767 θαυμαστὰ
1151 2685 1660 2764 κατασκευάζειν
1709 2685 1932 2770 ἱμάτια
1976 2695 2344 2773 πορφυρᾶ.’

393 2787 575 2880 ζῴων
631 2786 706 2855 δὲ
757 2789 1307 2876 παρηλλαγμένας
1361 2792 1599 2876 φύσεις
1650 2790 1763 2857 καὶ
1821 2792 1934 2857 διὰ
1986 2794 2062 2857 τὸ
2107 2793 2317 2878 παρά-

319 2919 353 2969 5
392 2896 593 2975 δοξον
651 2893 1151 2981 ἀπιστουμένας.
1249 2898 1466 2963 πάντα
1526 2894 1601 2963 δὲ
1658 2895 1811 2984 παρ’
1875 2898 2103 2976 αὐτοῖς
2166 2899 2319 2985 ωρι-

392 3002 644 3090 σμένην
698 3006 873 3090 ἔχειν
923 3001 1112 3082 τάξιν
1155 3005 1236 3069 τὰ
1290 3005 1456 3069 κατὰ
1499 3005 1624 3088 τὴν
1670 3006 1963 3088 δίαιταν,
2011 3005 2134 3089 οὐχ
2181 3005 2317 3090 ἅμα
2346 3019 2399 3060 2⁶

389 3114 659 3179 πάντων
717 3112 834 3187 τὰς
887 3112 1143 3197 τροφὰς
1195 3108 1306 3177 καὶ
1370 3110 1487 3187 τὰς
1539 3110 1742 3187 αὐτὰς
1803 3113 2318 3196 λαμβανόντων·

536 3343 602 3392 13
639 3340 896 3408 γίνονται
934 3336 1073 3394 CDF
1205 3343 1272 3393 16
1312 3334 1684 3407 διαφέροντες
1714 3378 1727 3393 .
1757 3381 1771 3394 .
1800 3333 2141 3401 ἀδικοῦντες
2176 3336 2317 3394 ODF

391 3413 462 3461 20
507 3406 926 3479 συναγαγόντες
971 3409 1066 3462 DF
1210 3415 1275 3463 21
1327 3405 1861 3478 συγκεκολλημένοις
1897 3408 2139 3497 οοᾶίοεε,
2174 3426 2318 3467 corr.

392 3475 595 3529 Reiske
739 3481 1031 3547 μίσγοντες
1064 3479 1110 3532 F
1254 3484 1323 3533 23
1380 3473 1535 3549 ζῴων
1573 3475 1664 3549 δὲ]
1704 3473 1861 3544 ζώων
1897 3477 2021 3547 DF,
2061 3485 2217 3552 ζῳων
2255 3499 2317 3535 τε

395 3543 595 3608 ceteri3
635 3544 801 3614 φέρει
839 3544 903 3601 δὲ
942 3545 1100 3617 ζῴων
1139 3549 1340 3604 Rhod..
1448 3553 1517 3602 25
1554 3545 1707 3618 ἔχειν
1743 3531 1969 3618 Reiske,
2009 3548 2130 3620 ἔχει
2164 3550 2317 3606 libri.
