2569 4061
1006 332 1086 388 ΙΙΙ
1126 338 1209 388 10.
1253 338 1335 388 11.
1378 339 1462 388 12.
2069 334 2195 398 281

273 497 770 562 κατοικούντων
807 487 1369 581 ἀρκεσθησόμεθα
1413 505 1551 572 τοῖς
1598 494 1887 580 ῥηθεῖσι,
1933 493 2082 580 περὶ
2128 492 2204 561 δὲ

275 612 413 668 τῶν
440 603 603 667 κατὰ
630 603 753 686 τὴν
781 603 1197 687 μεσημβρίαν
1223 599 1336 667 καὶ
1363 602 1486 684 τὴν
1509 598 1846 687 Ἐρυθρὰν
1864 604 2205 667 θάλατταν

277 707 601 793 κειμένων
648 708 721 775 ἐν
767 707 951 794 μέρει
1007 708 1314 793 διέξιμεν.
1409 709 1598 773 δοκεῖ
1650 701 1710 772 δ’
1761 707 1922 792 ἡμῖν
1968 707 2206 793 ἁρμότ-

278 839 421 880 τειν
472 817 904 901 προδιελθεῖν
948 812 1100 900 περὶ
1154 822 1269 898 τῆς
1322 808 1446 879 τοῦ
1490 823 1747 900 χρυσοῦ
1802 824 2207 897 κατασκευῆς

222 939 250 980 5
278 932 395 1007 τῆς
440 921 514 988 ἐν
557 923 821 998 τούτοις
864 932 1004 997 τοῖς
1048 923 1276 998 τόποις
1323 920 1695 1005 γινομένης.

461 1027 632 1114 Περὶ
678 1030 805 1114 γὰρ
835 1029 968 1105 ,τὰς
1014 1027 1317 1113 ἐσχατιὰς
1374 1036 1490 1110 τῆς
1534 1028 1883 1110 Αἰγύπτου
1937 1025 2047 1091 καὶ
2093 1036 2207 1112 τῆς
2230 1027 2314 1091 12

283 1136 658 1220 ὁμορούσης
708 1132 1018 1220 Ἀραβίας
1071 1157 1141 1199 τε
1196 1131 1308 1199 καὶ
1352 1135 1719 1211 Αἰθιοπίας
1774 1136 1974 1211 τόπος
2029 1132 2209 1199 ἐστὶν

283 1243 451 1327 ἔχων
506 1241 794 1326 μέταλλα
848 1242 1062 1306 πολλὰ
1109 1237 1221 1306 καὶ
1280 1241 1533 1324 μεγάλα
1588 1249 1865 1326 χρυσοῦ,
1925 1257 2209 1323 συναγο-

283 1347 491 1432 μένου
554 1353 808 1414 πολλοῦ
873 1352 1085 1433 πολλῇ
1150 1350 1567 1434 κακοπαθείᾳ
1629 1371 1698 1412 τε
1762 1345 1874 1412 καὶ
1929 1348 2209 1433 δαπάνῃ.

202 1471 259 1511 10
284 1463 401 1539 τῆς
446 1456 574 1538 γὰρ
620 1464 741 1539 γῆς
787 1457 1102 1540 μελαίνης
1140 1455 1346 1537 οὔσης
1389 1462 1468 1538 τῇ
1517 1455 1718 1537 φύσει
1762 1452 1874 1519 καὶ
1921 1455 2210 1539 διαφυὰς

173 1608 178 1615 ·
284 1559 395 1626 καὶ
441 1561 691 1645 φλέβας
737 1561 1017 1646 ἐχούσης
1061 1561 1417 1646 μαρμάρου
1463 1569 1541 1645 τῇ
1589 1563 1934 1644 λευκότητι
1982 1562 2210 1644 διαφε-

288 1666 537 1751 ρούσας
582 1664 692 1731 καὶ
725 1668 939 1744 πάσας
975 1667 1092 1743 τὰς
1126 1664 1704 1752 περιλαμπομένας
1741 1666 1977 1749 φύσεις
2012 1666 2210 1749 ὑπερ-

287 1772 662 1856 βαλλούσας
716 1783 793 1859 τῇ
850 1775 1289 1859 λαμπρότητι,
1348 1774 1419 1838 οἱ
1466 1773 2029 1858 προσεδρεύοντες
2072 1783 2213 1848 τοῖς

286 1884 700 1964 μεταλλικοῖς
771 1883 991 1966 ἔργοις
1063 1889 1154 1968 τῷ
1227 1881 1474 1963 πλήθει
1544 1891 1680 1944 τῶν
1736 1877 2212 1965 Ἴἐργαζομένων

205 2000 258 2043 15
285 1987 843 2066 κατασκευάζουσι
902 1987 1022 2053 τὸν
1075 1988 1346 2072 χρυσόν.
1440 1987 1510 2053 οἱ
1557 1988 1685 2072 γὰρ
1749 1990 2045 2071 βασιλεῖς
2096 1994 2214 2070 τῆς
2249 2006 2281 2056 2

182 2094 283 2143 182
305 2095 656 2178 Αἰγύπτου
703 2097 861 2171 τοὺς
899 2092 1007 2160 ἐπὶ
1043 2097 1411 2181 κακουργίᾳ
1445 2093 2059 2170 καταδικασθέντας
2103 2092 2214 2159 καὶ

286 2204 443 2277 τοὺς
487 2201 652 2267 κατὰ
696 2203 989 2286 πόλεμον
1036 2199 1720 2284 αἰχμαλωτισθέντας,
1776 2202 1871 2264 ἔτι
1928 2197 2003 2264 δὲ
2056 2204 2215 2277 τοὺς

288 2308 544 2386 ἀδίκοις
599 2310 942 2392 διαβολαῖς
995 2309 1473 2393 περιπεσόντας
1524 2304 1636 2372 καὶ
1691 2306 1803 2370 διὰ
1848 2308 2075 2390 θυμὸν
2121 2310 2216 2383 είς

289 2415 591 2500 φυλακὰς
625 2412 1234 2500 παραδεδομένους,
1278 2410 1437 2479 ποτὲ
1474 2410 1597 2497 μὲν
1635 2412 1897 2494 αὐτούς,
1945 2409 2101 2478 ποτὲ
2141 2409 2215 2478 δὲ

210 2534 264 2575 20
291 2519 402 2586 καὶ
429 2523 588 2605 μετὰ
624 2522 839 2604 πάσης
876 2521 1266 2602 συγγενείας
1293 2519 1733 2605 ἀθροίσαντες
1767 2520 2215 2604 παραδιδόασι

290 2629 455 2714 πρὸς
507 2630 630 2712 τὴν
684 2637 806 2693 τοῦ
860 2636 1117 2712 χρυσοῦ
1172 2630 1592 2710 μεταλλείαν,
1654 2627 1787 2710 ἅμα
1842 2623 1965 2711 μὲν
2017 2649 2214 2712 τιμω-

291 2737 446 2821 ρίαν
491 2735 943 2820 λαμβάνοντες
987 2737 1165 2818 παρὰ
1210 2744 1345 2798 τῶν
1390 2731 2032 2817 καταγνωσθέντων,
2082 2735 2216 2818 ἅμα

291 2838 365 2907 δὲ
421 2843 535 2906 διὰ
589 2851 725 2906 τῶν
771 2838 1252 2926 ἐργαζομένων·
1282 2841 1568 2924 μεγάλας
1621 2842 1999 2925 προσόδους
2056 2845 2216 2925 λαμ-

290 2949 624 3031 βάνοντες.
711 2948 782 3013 οἱ
821 2943 896 3012 δὲ
932 2944 1451 3032 παραδοθέντες,
1497 2946 1735 3012 πολλοὶ
1780 2943 1902 3031 μὲν
1938 2949 2012 3012 τὸ
2055 2952 2216 3030 πλῆ-
2254 2962 2287 3010 3

213 3066 264 3107 2⁵
290 3062 420 3131 θος
476 3056 693 3137 ὄντες,
748 3055 990 3130 πάντες
1046 3049 1118 3118 δὲ
1173 3050 1405 3129 πέδαις
1462 3052 1834 3138 δεδεμένοι,
1888 3068 2218 3137 προσκαρ-

292 3170 562 3247 τεροῦσι
620 3172 760 3238 τοῖς
815 3163 1034 3246 ἔργοις
1090 3171 1383 3245 συνεχῶς
1437 3158 1546 3225 καὶ
1600 3157 1754 3244 μεθ’
1807 3156 2060 3241 ἡμέραν
2105 3155 2218 3221 καὶ

297 3264 383 3331 δι’
433 3267 591 3349 ὅλης
635 3275 752 3350 τῆς
800 3269 1060 3348 νυκτός,
1109 3265 1486 3331 ἀνάπαυσιν
1532 3262 1655 3349 μὲν
1691 3263 2011 3346 οὐδεμίαν
2058 3265 2218 3346 λαμ-

442 3465 474 3513 9
512 3458 746 3530 πολλοῦ]
785 3464 1010 3521 πολλοῖς
1047 3459 1106 3527 O,
1146 3459 1254 3515 del.
1293 3459 1474 3514 Rhod.
1660 3461 1723 3508 12
1762 3449 2218 3522 ὑπερβαλλούσης

296 3528 435 3585 CDF
564 3535 629 3584 13
666 3527 1184 3601 προσεδρεύσαντες
1222 3527 1313 3584 ΟΒ
1446 3533 1510 3582 19
1548 3520 2042 3595 παραδιδομένους
2079 3520 2217 3576 CDF

296 3607 366 3655 20
405 3598 613 3673 πάσης]
652 3602 753 3670 τῆς
791 3602 915 3656 add.
953 3601 1225 3657 Hertlein.
