2569 4061
1009 285 1090 340 IV
1128 290 1211 340 65.
1251 291 1337 341 66.
2018 282 2148 348 503

208 446 706 534 δωρησαμένης
760 444 1079 534 Ἁρμονίᾳ
1142 455 1220 532 τῇ
1287 447 1571 531 Κάδμου
1629 450 1749 512 τόν
1803 470 1872 512 τε
1939 446 2150 533 ὅρμον

205 553 337 620 καὶ
406 552 688 639 πέπλον,
762 554 1103 640 ἀμφότερα
1176 561 1384 618 ταῦτα
1454 551 1953 638 προσδέξασθαι
2025 553 2149 636 τὴν

200 659 621 748 Ἐριφύλην,
676 663 795 727 τὸν
850 657 971 745 μὲν
1027 661 1239 746 ὅρμον
1294 660 1472 746 παρὰ
1529 662 1983 737 Πολυνείκους
2034 664 2147 725 λα-

210 771 517 852 βοῦσαν,
563 770 681 844 τὸν
729 764 802 831 δὲ
847 765 1100 832 πέπλον
1154 767 1335 851 παρὰ
1378 774 1498 832 τοῦ
1544 766 1701 830 υἱοῦ
1754 773 1875 830 τοῦ
1924 770 2146 831 Πολυ-

148 891 180 932 5
210 878 492 952 νείκους
522 874 978 960 Θερσάνδρου,
1010 872 1186 949 ὅπως
1212 874 1408 958 πείσῃ
1436 874 1554 938 τὸν
1581 873 1735 937 υἱὸν
1765 871 2148 957 στρατεύειν

146 989 159 992 ’
212 979 332 1064 ἐπὶ
368 983 484 1059 τὰς
515 983 767 1065 Θήβας·
815 979 850 1045 ὁ
891 974 957 1043 δ’
984 974 1108 1044 οὗν
1140 976 1507 1064 Ἀλκμαίων
1545 978 1627 1044 οὐ
1663 980 1876 1062 μόνον
1914 976 2147 1062 ἀθροί-

214 1103 347 1165 σας
383 1086 749 1173 ἐξἍργους
786 1087 1210 1172 στρατιώτας,
1250 1085 1416 1150 ἀλλὰ
1444 1083 1555 1151 καὶ
1594 1085 1665 1150 ἐκ
1700 1095 1835 1150 τῶν
1862 1085 2147 1167 πλησίον

211 1196 506 1275 πόλεων,
556 1191 880 1280 ἀξιολόγῳ
921 1193 1201 1276 δυνάμει
1248 1192 1680 1278 ἐστράτευσεν
1718 1188 1824 1256 ἐπὶ
1860 1191 1977 1266 τὰς
2016 1192 2146 1273 Θή-

210 1303 361 1383 βας.
430 1297 963 1381 ἀντιταχθέντων
1011 1295 1084 1364 δὲ
1129 1309 1264 1363 τῶν
1304 1300 1618 1382 Θηβαίων
1664 1296 1922 1380 ἐγένετο
1970 1297 2143 1382 μάχη
2181 1316 2217 1366 4

128 1423 188 1463 10
216 1406 532 1492 καρτερά,
579 1403 734 1469 καθ’
771 1404 858 1487 ἣν
904 1404 1219 1488 ἐνίκησαν
1259 1406 1330 1470 οἱ
1369 1403 1520 1490 περὶ
1556 1406 1675 1469 τὸν
1706 1399 2143 1489 Ἀλκμαίωνα·

216 1511 292 1575 οί
335 1507 410 1575 δὲ
450 1513 734 1594 Θηβαῖοι
770 1509 1158 1594 λειφθέντες
1194 1518 1273 1595 τῇ
1321 1510 1494 1594 μάχῃ
1535 1507 1646 1574 καὶ
1682 1513 1973 1586 πολλοὺς
2008 1520 2143 1575 τῶν

216 1621 515 1683 πολιτῶν
581 1616 1029 1700 ἀποβαλόντες
1098 1618 1586 1702 συνετρίβησαν
1646 1626 1791 1691 ταῖς
1865 1614 2141 1681 ἐλπίσιν.

218 1724 345 1789 οὐκ
383 1725 569 1800 ὄντες
608 1720 668 1788 δ’
708 1722 1050 1808 ἀξιόμαχοι
1089 1723 1477 1807 σύμβουλον
1513 1724 1755 1805 ἔλαβον
1800 1722 2145 1806 Τειρεσίαν

215 1832 337 1895 τὸν
400 1831 674 1915 μάντιν,
739 1828 813 1906 ὃς
880 1827 1179 1895 ἐκέλευσε
1245 1839 1489 1913 φυγεῖν
1551 1827 1625 1893 ἐκ
1686 1835 1801 1911 τῆς
1864 1829 2141 1903 πόλεως·

136 1952 191 1993 15
220 1940 441 2020 μόνως
477 1937 606 2021 γὰρ
657 1935 831 2001 οὕτω
873 1938 1328 2019 σωθήσεσθαι.
1395 1936 1466 2000 οἱ
1496 1931 1617 2019 μὲν
1655 1929 1781 1999 οὖν
1818 1934 2144 2016 Καδμεῖοι
2180 1956 2212 2003 5

219 2045 383 2107 κατὰ
418 2045 541 2127 τὴν
569 2052 690 2109 τοῦ
726 2044 1023 2129 μάντεως
1049 2043 1407 2127 ὑποθήκην
1435 2040 1735 2120 ἐξέλιπον
1761 2043 1885 2125 τὴν
1920 2043 2140 2123 πόλιν,

222 2144 332 2211 καὶ
380 2150 617 2224 νυκτὸς
674 2146 1062 2232 συνέφυγον
1120 2154 1215 2224 εἴς
1258 2171 1324 2212 τι
1367 2150 1615 2234 χωρίον
1658 2155 1774 2231 τῆς
1819 2148 2143 2223 Βοιωτίας

114 2252 709 2337 311ὀνομαζόμενον
756 2258 1245 2338 Τιλφωσσαῖον.
1312 2251 1525 2319 ἔπειθ’
1562 2254 1633 2319 οἱ
1673 2250 1795 2338 μὲν
1841 2252 2141 2335 ἐπίγονοι

224 2360 344 2442 τὴν
397 2361 595 2423 πόλιν
659 2358 918 2437 ἑλόντες
976 2362 1381 2446 διήρπασαν,
1447 2358 1559 2426 καὶ
1611 2368 1725 2443 τῆς
1797 2361 2140 2445 Τειρεσίου

147 2482 202 2522 20
226 2466 561 2550 θυγατρὸς
605 2466 890 2550 Δάφνης
945 2467 1279 2553 ἐγκρατεῖς
1329 2469 1678 2551 γενόμενοι
1730 2466 1979 2549 ταύτην
2026 2463 2139 2529 ἀν·-

225 2569 466 2637 έθεσαν
526 2573 621 2648 εἰς
675 2576 990 2656 Δελφοὺς
1041 2575 1206 2639 κατά
1269 2595 1419 2638 τινα
1474 2572 1677 2657 εὐχὴν
1741 2571 2138 2656 ἀκροθίνιον

222 2686 309 2766 τῷ
370 2683 528 2766 θεῷ.
621 2676 788 2761 αὕτη
857 2675 930 2742 δὲ
991 2681 1115 2763 τὴν
1179 2680 1505 2765 μαντικὴν
1569 2679 1691 2762 οὐχ
1754 2673 1955 2762 ἧττον
2017 2688 2139 2744 τοῦ
2176 2701 2208 2750 6

225 2785 462 2870 πατρὸς
516 2786 765 2868 εἰδυῖα,
812 2789 985 2851 πολὺ
1030 2790 1284 2871 μᾶλλον
1341 2785 1414 2851 ἐν
1466 2797 1606 2862 τοῖς
1651 2791 1950 2869 Δελφοῖς
1996 2787 2138 2850 δια-

226 2894 502 2978 τρίψασα
548 2892 673 2974 τὴν
718 2889 958 2974 τέχνην
1003 2890 1360 2976 ἐπηύξησε·
1407 2893 1609 2976 φύσει
1656 2888 1729 2957 δὲ
1780 2897 2135 2974 θαυμαστῇ

155 3011 204 3053 2⁵
227 2996 708 3084 κεχορηγημένη
738 3001 1076 3083 χρησμοὺς
1109 3000 1354 3083 ἔγραψε
1381 2998 1868 3077 παντοδαπούς,
1900 2996 2137 3078 διαφό-

229 3126 375 3189 ρους
419 3114 563 3181 ταῖς
598 3114 1056 3180 κατασκευαῖς·
1102 3098 1258 3190 παρ’
1292 3098 1372 3188 ἧς
1417 3122 1584 3189 φασι
1628 3100 1740 3168 καὶ
1784 3103 1902 3167 τὸν
1947 3100 2136 3182 ποιη-

134 3298 141 3307 ‹
231 3260 1112 3400 w„§gvzgssffloggffggssgspvywlss
1138 3257 1368 3385 ἔλαβοῖδ]
1408 3256 2137 3396 ἎλὲἒξξιῐῒῗᾱὸΡΤιλφάἶ

231 3398 320 3456 σόν
351 3401 395 3455 F
506 3406 572 3455 19
612 3394 837 3463 ἑλόντες
873 3418 982 3456 om.
1020 3402 1069 3455 D
1180 3407 1249 3457 20
1277 3398 1492 3468 ταύτην
1527 3400 1593 3469 Ε,
1631 3396 1843 3467 ταύτην
1881 3398 1986 3467 μὲν
2025 3401 2137 3456 cet.

229 3478 288 3527 22
336 3472 435 3526 τοῦ
487 3468 700 3537 πατρὸς
751 3467 857 3526 οὐκ
911 3462 1080 3540 ἦττον
1129 3470 1215 3527 CF
1398 3477 1467 3525 23
1524 3472 1873 3539 διατρίψασα
1930 3486 2037 3526 om.
2087 3469 2133 3523 D

230 3546 289 3598 25
322 3540 622 3614 χρησμοὺς]
659 3543 756 3596 καὶ
792 3540 1072 3612 χρησμοὺς
1107 3544 1174 3597 D.
