2569 4061
718 411 817 467 DE
858 411 1209 468 SERMONE
1246 411 1647 469 DIODOREO.
2023 412 2148 467 XLI

216 583 299 641 19
381 570 467 639 ὧν
512 577 679 658 ὑμεῖς
736 575 1091 658 ἡττήσεσθε,
1156 583 1219 640 θὴ
1280 598 1403 641 non
1462 580 1652 657 priori
1716 599 1954 659 quoque
2017 580 2149 640 loco

208 677 532 753 scripsisse
611 673 961 755 ήττήσονται
1041 696 1216 738 nemo
1301 678 1517 737 credet.
1634 678 1839 739 Nihilo
1931 677 2148 738 melius

211 768 728 852 ὠφεληθήσεσθαι
759 779 860 853 19,
892 780 948 855 7,
980 778 1013 835 1
1048 778 1128 853 et,
1164 778 1238 835 ut
1264 774 1495 853 opinor,
1531 773 2151 854 καταφρονηθήσομαι

211 874 321 946 12,
371 873 430 949 4,
481 876 548 951 2,
604 874 762 949 quod
809 873 926 933 etsi
973 875 1067 933 est
1111 872 1274 949 apud
1319 872 1649 932 Isocratem
1696 875 1758 932 et
1801 872 2152 950 Lucianum,

206 974 424 1030 tamen
486 968 1016 1050 καταφρονήσομαι
1079 974 1173 1031 θεὴ
1236 971 1397 1047 apud
1451 969 1767 1030 Platonem
1783 1013 1799 1043 ‚
1860 973 1933 1028 ut
1988 972 2150 1029 certe

207 1067 474 1128 Isocrati
518 1069 673 1128 haec*
713 1068 909 1129 forma
955 1069 1037 1129 sit
1093 1068 1489 1130 restituenda.
1582 1066 1740 1127 Nam
1784 1065 2149 1127 incredibilis

208 1164 382 1240 apud
427 1184 631 1226 omnes
670 1167 937 1226 cernitur
984 1167 1305 1243 scriptores
1352 1166 1742 1227 librariorum
1786 1163 1853 1223 in
1886 1164 1982 1223 his
2028 1163 2151 1222 for·

205 1263 334 1322 mis
398 1263 463 1321 in
525 1263 749 1325 alteras
808 1263 1113 1324 mutandis
1165 1263 1424 1342 incuria,
1478 1267 1551 1324 ut
1605 1263 1769 1339 apud
1820 1247 2153 1322 Diodorum

212 1362 326 1436 13,
377 1362 477 1438 92,
527 1364 564 1420 2
621 1362 722 1422 vel
764 1358 1338 1440 περιαιρεθήσεσθαι
1392 1361 1634 1420 illatum
1689 1360 1770 1420 sit
1822 1379 1932 1436 pro
1986 1378 2154 1437 περι-

207 1454 593 1536 αιρήσεσθαι.
681 1458 969 1519 Vicissim
1018 1461 1126 1533 14,
1178 1461 1305 1518 117
1319 1505 1336 1537 ,
1381 1461 1419 1519 5
1485 1460 1644 1519 male
1696 1457 1973 1519 nonnulli
2026 1453 2154 1517 ἔπι-

206 1551 572 1632 μνησόμεθα
617 1575 727 1632 pro
775 1552 1384 1633 ἐπιμνησθησόμεθα,
1438 1575 1592 1635 quae
1647 1575 1769 1616 una
1811 1557 2043 1617 usitata
2076 1555 2153 1612 in

201 1669 401 1731 prosa
444 1653 641 1712 forma
682 1653 862 1711 huius
891 1652 1118 1731 futuri,
1164 1655 1236 1711 ut
1280 1653 1441 1727 apud
1486 1653 1849 1713 Pausaniam
1887 1656 1946 1728 5,
1976 1654 2079 1730 25,
2114 1654 2146 1709 1

208 1745 677 1826 ἐπιμνησόμεθα
711 1745 813 1806 καὶ
857 1745 1083 1807 τούτων
1129 1748 1486 1808 mutandum
1530 1752 1742 1825 putem
1794 1750 1859 1808 in
1903 1747 2150 1827 ἐπιμνη-

210 1841 611 1922 σθησόμεθα,
656 1844 817 1921 quod
864 1847 959 1903 θεὴ
1007 1846 1064 1919 8,
1104 1847 1162 1919 9,
1208 1849 1274 1922 73
1326 1847 1384 1922 8,
1435 1849 1535 1923 15,
1583 1848 1643 1920 4,
1689 1849 1759 1904 ut
1804 1844 2151 1923 μνησθήσο-

213 1965 328 2022 μαι
369 1943 426 2018 6,
460 1945 518 2018 1,
549 1944 607 2018 2,
646 1944 708 2002 θὴ
753 1941 1014 2002 fortasse
1057 1961 1133 2002 ne
1179 1942 1454 2020 Eunapio
1501 1942 1745 2020 quidem
1790 1942 1925 2002 Ero.
1961 1962 2020 2018 p.
2050 1943 2153 2021 65,

218 2045 305 2103 19
356 2041 447 2100 ed.
487 2040 546 2100 Ν
547 2041 685 2119 ieb.,
730 2037 1110 2118 ἔπιμνήσεται
1153 2040 1335 2102 πάλιν
1372 2049 1490 2103 τῶν
1526 2036 2021 2119 συντεθειμένων,
2065 2059 2154 2100 re-

212 2138 627 2217 linquendum.
716 2138 888 2200 Inter
923 2142 1241 2217 utramque
1287 2141 1541 2200 formam
1584 2140 1826 2201 variant
1859 2138 2002 2199 libri
2036 2137 2155 2197 De·
2269 2125 2272 2128 ¹

216 2236 555 2297 mosthenis
584 2257 641 2313 p.
671 2240 822 2311 432,
852 2241 911 2316 7,
935 2236 1190 2314 ,Polybii
1219 2238 1278 2314 5,
1311 2240 1414 2313 33,
1443 2240 1503 2315 3,
1539 2238 1645 2298 ubi
1682 2236 1895 2314 optimi
1931 2233 2154 2314 μεμνή-

220 2350 431 2412 σομαι,
492 2338 562 2394 ut
615 2352 734 2395 non
791 2333 1061 2393 dubitem
1115 2334 1425 2394 Herodoto
1486 2336 1542 2409 1,
1583 2336 1641 2410 5,
1692 2335 1815 2394 177
1873 2352 1982 2408 pro
2031 2329 2157 2391 ἐπι-

222 2429 525 2508 μνήσομαι
568 2432 911 2510 restituere,
958 2430 1124 2507 quod
1171 2434 1230 2509 2,
1279 2434 1318 2491 3
1367 2430 1569 2510 habet,
1615 2427 2155 2508 ἐπιμνησθήσομαι.

220 2528 384 2588 Nam
429 2529 612 2589 etiam
652 2533 709 2606 1,
749 2527 853 2608 51,
900 2528 1007 2588 ubi
1051 2529 1194 2587 libri
1234 2525 1655 2607 ἐπιμνήσομαι,
1700 2528 1956 2590 Photius
1993 2527 2150 2587 Bibl.

222 2626 353 2686 cod.
393 2629 540 2703 190,
584 2646 638 2703 p.
682 2629 830 2705 150,
872 2630 908 2687 9
956 2623 1502 2705 ἐπιμνησθήσομαι.

405 2721 829 2800 Optativorum
891 2726 1087 2786 forma
1148 2724 1367 2784 tertiae
1419 2725 1676 2801 pluralis
1732 2723 1798 2783 in
1856 2743 1986 2783 αιεν
2042 2742 2156 2800 pro

224 2841 355 2881 ειαν
410 2821 527 2881 etsi
582 2824 838 2898 apparet
890 2821 1211 2899 aliquoties
1257 2823 1322 2882 in
1373 2822 1571 2901 libris,
1617 2826 1688 2882 ut
1731 2818 2046 2900 τηρήσαιεν
2096 2824 2154 2897 2,

225 2919 286 2993 4,
316 2920 387 2996 43
432 2918 821 2998 προστάξαιεν
859 2921 919 2997 8,
949 2920 1034 2994 3⁸,
1065 2921 1124 2994 2,
1158 2923 1363 2980 tamen
1397 2919 1587 2980 nihilo
1623 2920 1823 2981 verior
1861 2920 1955 2979 θεὴ
1990 2918 2155 2995 apud

223 3015 560 3076 Diodorum
605 3035 786 3094 quam
829 3017 991 3094 apud
1036 3015 1294 3096 Atticos,
1339 3017 1557 3095 quibus
1603 3035 1782 3094 saepe
1828 3018 1922 3077 θεὴ
1965 3016 2152 3076 illata.

228 3113 392 3173 Nam
430 3117 493 3173 et
536 3114 730 3175 multo
777 3116 954 3192 plura
1001 3117 1145 3175 sunt
1188 3116 1419 3174 formae
1463 3115 1528 3174 in
1583 3136 1713 3175 ειαν
1758 3114 2048 3192 exempla,
2094 3116 2160 3174 et

226 3213 365 3289 ipsa
399 3211 695 3272 librorum
729 3212 890 3272 inter
934 3214 1256 3290 utramque
1300 3212 1664 3274 variantium
1702 3213 1805 3289 20,
1841 3213 1902 3289 4,
1930 3214 1971 3270 4
2007 3211 2160 3269 fides

225 3309 493 3371 vacillat.
586 3309 818 3370 Eadem
858 3311 1036 3369 ’ratio
1099 3308 1342 3369 videtur
1404 3310 1736 3369 formarum
1797 3308 2039 3368 illarum
2093 3306 2160 3362 in

229 3426 436 3484 ειημεν
483 3410 546 3466 θὴ
582 3422 809 3485 ειησαν,
845 3426 998 3484 quae
1037 3410 1179 3468 sunt
1216 3407 1276 3485 8,
1308 3408 1411 3482 15,
1452 3410 1507 3484 1,
1552 3407 1661 3468 ubi
1695 3402 2162 3484 βουληθείημεν,

227 3524 418 3582 quum
461 3504 613 3565 talia
660 3504 845 3564 etiam
888 3503 1323 3565 recentioribus
1359 3504 1532 3564 illata
1572 3505 1834 3580 arguant
1864 3499 2159 3557 librorum

224 3604 293 3662 in
353 3603 486 3661 loco
532 3601 725 3662 Attici
778 3601 941 3678 apud
992 3602 1328 3662 Eusebium
1382 3600 1599 3674 Praep.
1640 3599 1746 3670 15,
1794 3615 1850 3667 p.
1891 3594 2039 3664 802,
2084 3590 2164 3661 Ar

229 3698 564 3761 varietates
622 3698 1051 3778 διακριθεῖμεν
1072 3696 1493 3775 praebentium
1536 3711 1646 3766 pro
1693 3684 2167 3763 διακριθείημεν,
