2569 4061
364 225 492 291 102
947 281 956 288 ,
1025 223 1333 281 DIODORI
1370 213 1606 281 SICULI

358 390 479 453 τὸν
532 388 702 453 θεὸν
753 389 872 454 τὸν
938 387 1013 453 ἐν
1059 385 1489 454 εΗλιουπόλει
1547 385 1660 453 καὶ
1723 387 2039 469 γυναικὸς
2089 382 2285 478 οὔρῳ

359 496 662 571 νίζεσθαι
715 495 790 559 τὸ
844 498 1206 581 πρόσωπον
1259 495 1404 578 ἥτις
1458 492 1687 580 ἑτέρου
1739 502 1976 577 πεῖραν
2041 489 2288 575 ἀνδρὸς

361 600 485 665 οὐκ
540 605 801 685 εἴληφε,
858 612 994 666 τῶν
1048 598 1171 685 μὲν
1216 611 1556 684 γυναικῶν
1603 599 1729 665 ἀπὸ
1775 607 1893 682 τῆς
1948 599 2121 674 ἰδίας
2172 597 2287 682 ἀρ-

359 706 638 790 ξάμενος
680 707 791 773 καὶ
836 709 1086 785 πολλὰς
1132 706 1436 785 ἐξετάσας
1489 706 1810 790 οὐδεμίαν
1855 699 2053 790 εὗρεν
2099 704 2287 769 ἀδιά-

360 818 630 899 φθορον
685 799 860 897 πλὴν
904 822 1251 900 κηπουροῦ
1297 836 1509 897 τινος,
1555 812 1644 896 ἣν
1691 811 1887 895 ὑγιὴς
1929 812 2288 895 γενόμενος
2313 829 2340 870 5

356 921 583 1003 ἔγημε·
617 922 737 997 τὰς
774 917 834 984 δ’
867 922 1073 997 ἄλλας
1111 907 1320 998 ζώσας
1356 918 1431 985 ἐν
1466 919 1655 1006 κώμῃ
1689 917 1823 984 τινὶ
1858 916 2284 1000 κατέκαυσεν,

355 1024 445 1108 ἣν
479 1013 971 1107 Αἰγύπτιοιδιὰ
998 1029 1073 1091 τὸ
1111 1021 1481 1111 σύμπτωμα
1506 1021 1706 1092 τοῦτο
1734 1026 2285 1113 προσηγόρευσαν

283 1156 317 1205 4
358 1131 544 1216 ἱερὰν
588 1134 838 1213 βῶλον·
882 1140 976 1221 τῷ
1013 1130 1075 1197 δ’
1121 1131 1196 1198 ἐν
1220 1121 1650 1199 Ἡλιουπόλει
1685 1139 1827 1221 θεῷ
1862 1133 1979 1208 τὰς
2014 1132 2285 1215 χάριτας

354 1235 708 1321 ἀπονέμων
769 1246 885 1323 τῆς
940 1238 1323 1326 εὐεργεσίας
1384 1241 1550 1304 κατὰ
1603 1240 1723 1304 τὸν
1784 1238 2084 1324 χρησμὸν
2138 1236 2283 1319 ὀβε-

353 1346 627 1420 λίσκους
679 1344 970 1429 ἀνέθηκε
1027 1347 1152 1410 δύο
1213 1335 1656 1431 μονολίθους,
1711 1346 1786 1410 τὸ
1852 1341 1976 1430 μὲν
2038 1344 2284 1421 πλάτος
2312 1364 2366 1403 10

353 1451 544 1535 ὀκτώ,
592 1453 666 1516 τὸ
716 1446 790 1516 δὲ
834 1461 1041 1536 μῆκος
1085 1463 1317 1537 πηχῶν
1363 1447 1613 1520 ἑκατόν.

247 1562 335 1627 60
534 1560 726 1624 Μετὰ
773 1555 847 1624 δὲ
891 1568 1134 1626 τοῦτον
1186 1561 1307 1625 τὸν
1351 1558 1627 1643 βασιλέα
1672 1556 1908 1643 συχνοὶ
1957 1570 2093 1626 τῶν
2140 1561 2281 1625 δια-

355 1664 752 1752 δεξαμένων-
796 1666 919 1750 τὴν
984 1651 1195 1752 ἀρχήν
1257 1689 1436 1743 τινες
1499 1660 1702 1731 οὐδὲν
1767 1665 2056 1753 ἔπραξαν
2122 1665 2279 1731 ἀνα-

351 1761 616 1859 γραφῆς
659 1773 865 1853 ἄξιον.
949 1777 1226 1850 πολλαῖς
1271 1766 1335 1836 δ’
1385 1771 1671 1858 ὕστερον
1714 1783 1972 1855 γενεαῖς
1998 1771 2278 1857 ’Ἄμασις

351 1882 709 1964 γενόμενος
773 1882 1086 1962 βασιλεὺς
1149 1873 1308 1963 ἦρχε
1381 1888 1517 1944 τῶν
1580 1880 1798 1963 ὄχλων
1872 1882 2275 1967 βιαιότερον·
2307 1897 2358 1938 15

350 1988 642 2064 πολλοὺς
722 1981 846 2071 μὲν
928 1986 1056 2073 γὰρ
1137 1986 1318 2071 παρὰ
1387 1987 1462 2051 τὸ
1539 1986 1800 2052 δίκαιον
1872 1985 2274 2073 ἐτιμωρεῖτο,

350 2080 641 2178 συχνοὺς
698 2090 773 2158 δὲ
828 2103 965 2159 τῶν
1021 2093 1272 2159 οὐσιῶν
1327 2092 1689 2179 ἐστέρισκε,
1744 2103 1905 2160 πᾶσι
1962 2092 2022 2158 δ’
2076 2094 2275 2180 ὑπερ-

349 2184 631 2278 οπτικῶς
694 2197 807 2265 καὶ
869 2202 1034 2265 κατὰ
1095 2209 1230 2266 πᾶν
1293 2199 1739 2286 ὑπερηφάνως
1808 2201 2273 2288 προσεφέρετο.

279 2330 311 2378 2
350 2308 540 2392 μέχρι
595 2304 717 2392 μὲν
763 2301 897 2383 ,οὖν
949 2290 1132 2383 τινος
1177 2306 1249 2370 οἰ
1297 2307 1660 2390 πάσχοντες
1713 2305 2144 2394 ἐκαρτέρουν,
2192 2307 2303 2374 οὐ·

350 2414 715 2496 δυνάμενοι
742 2406 883 2477 κατ’
919 2409 1165 2477 οὐδένα
1190 2413 1442 2497 τρόπον
1472 2411 1858 2496 ἀμύνασθαι
1885 2412 2274 2503 τοὺςζπλέον
2302 2433 2355 2472 20

351 2518 727 2603 ἰσχύοντας·
767 2515 909 2582 ἐπεὶ
946 2514 1007 2581 δ’
1035 2514 1421 2600 Ἀκτισάνης
1459 2517 1495 2582 ὁ
1531 2527 1667 2582 τῶν
1691 2519 2049 2597 Αἰθιόπων
2084 2521 2272 2602 βασι-

350 2628 503 2701 λεὺς
540 2622 973 2709 ἐστράτευσεν
1009 2622 1109 2689 ἐπ’
1155 2623 1382 2708 αὐτόν,
1424 2620 1570 2689 τ’ότε
1606 2634 1729 2690 τοῦ
1765 2628 2002 2710 μίσους
2036 2626 2271 2710 καιρὸν

276 2754 308 2803 3
349 2733 673 2815 λαβόντος
743 2728 1119 2814 ἀπέστησαν
1184 2731 1256 2796 οἰ
1313 2735 1626 2797 πλεῖστοι.
1729 2733 1958 2817 διόπερ
2023 2730 2272 2819 ῥαδίως

348 2840 556 2906 αὐτοῦ
592 2837 1034 2924 χειρωθέντος
1076 2838 1119 2922 ἡ
1165 2833 1288 2922 μὲν
1322 2842 1666 2921 Αἴγυπτος
1700 2840 1932 2902 ἔπεσεν
1976 2837 2108 2903 ὑπὸ
2144 2840 2269 2923 τὴν

317 2954 479 3012 ζτῶν
525 2947 882 3012 Αἰθιόπων
938 2944 1313 3029 βασιλείαν,
1369 2940 1406 3007 ὁ
1457 2938 1519 3007 δ’
1565 2939 1949 3029 Ἀκτισάνης
2003 2944 2270 3031 ἀνθρω-
2298 2965 2350 3006 25

345 3057 555 3132 πίνως
609 3051 880 3136 ἐνέγκας
932 3051 1058 3135 τὴν
1102 3049 1417 3133 εὐτυχίαν
1472 3048 1771 3128 ἐπιεικῶς
1819 3052 2267 3140 προσεφέρετο

272 3180 309 3228 4
344 3171 486 3237 τοῖς
527 3156 1110 3243 ὑποτεταγμένοις·
1166 3155 1273 3221 ὅτε
1322 3156 1404 3239 δὴ
1449 3152 1562 3221 καὶ
1616 3157 2043 3226 συνετέλεσεν
2091 3161 2268 3226 ἴδιόν

485 3355 517 3403 2
568 3346 692 3471 {nc
744 3357 953 3419 πεῖραν
983 3393 996 3406 .
1029 3395 1042 3409 .
1073 3347 1307 3418 εἴληφεν
1366 3345 1563 3422 ἑτέρου
1620 3353 1774 3423 vulg.
1924 3359 1986 3409 11
2044 3354 2266 3426 πηχῶν]
2317 3420 2323 3426 ,

341 3418 538 3496 ποδῶν
696 3444 702 3449 ·
772 3427 838 3476 16
873 3415 1276 3497 ιἐτιμωρήσατο
1314 3419 1364 3475 D
1519 3426 1588 3476 23
1636 3419 1903 3496 λαβόντες
1937 3423 2088 3495 libri,
2128 3440 2265 3481 corr.

343 3482 588 3539 Dmdorf
617 3488 745 3557 (XV
785 3496 832 3557 1,
869 3493 926 3560 4)
1068 3494 1141 3544 24
1178 3488 1408 3562 ἔπεσεν]
1443 3496 1786 3563 χειρωθεῖσα
1822 3495 1891 3551 D.
