2569 4061
669 379 1209 446 „ARGUMENTUM
1243 381 1378 438 LIB.
1417 382 1513 438 IV.
1892 381 2066 440 XCIII

133 500 247 552 Cap.

255 627 260 638 .
316 580 430 631 rex,
460 561 678 617 fratres.
716 559 930 615 Hecate
956 560 1163 615 Persae
1190 559 1310 615 filia
1335 577 1551 618 venena
1576 562 1811 632 invenit,
1841 564 2066 633 patrem

316 657 531 698 veneno
551 640 798 712 perimit,
826 640 1116 709 hospitum
1143 639 1591 697 immolationem
1619 642 1885 700 instituit.
1924 643 2064 699 Aee-

314 726 408 778 tae
443 723 622 793 nupta
659 720 882 787 Circen,
936 719 1214 788 Medeam,
1252 721 1556 791 Aegialum
1590 722 1833 793 peperit.
1907 723 2062 781 Circe

317 801 517 856 matris
554 802 736 857 artem
773 800 956 855 diram
994 800 1148 857 colit.
1222 799 1520 856 Circaeum
1555 803 2017 872 promuntorium.

135 889 225 937 46.
263 881 466 937 Medea
501 880 742 937 mitioris
778 880 996 950 ingenii
1033 882 1221 936 servat
1260 880 1530 951 appulsos
1569 882 1911 952 peregrinos.
1963 883 2064 940 Su-

318 963 511 1032 specta
529 961 678 1031 patri
695 960 846 1030 fugit
873 961 932 1015 et
950 960 1176 1016 obviam
1194 960 1260 1015 fit
1277 960 1651 1032 Argonautis3
1681 961 1837 1017 cuius
1857 964 2065 1018 auxilio

318 1040 485 1097 Iason
503 1041 639 1096 data
655 1039 1003 1095 matrimonii
1018 1040 1129 1094 fide
1147 1041 1326 1097 vellus
1347 1057 1580 1097 aureum
1595 1057 1871 1111 occupare
1885 1046 2063 1112 parat.

136 1127 223 1176 47.
262 1122 479 1177 Fabula
533 1121 604 1176 de
648 1121 856 1176 Phrixo
913 1122 972 1176 et
1025 1135 1194 1174 aureo
1249 1121 1457 1178 vellere
1515 1121 1668 1192 apud
1714 1121 1951 1178 Colchos
2005 1123 2067 1177 in

314 1203 532 1272 templo
570 1202 769 1257 Martis
806 1199 1104 1256 custodito.

136 1287 225 1337 48.
265 1281 452 1351 Rapto
503 1280 713 1336 vellere
758 1297 928 1336 aureo
973 1279 1335 1350 Argonautae
1381 1282 1455 1335 ad
1498 1298 1672 1338 naves
1717 1282 2064 1353 confugiunt.

316 1363 523 1417 Aeetes
560 1377 656 1417 eos
692 1364 1018 1430 persecutus
1054 1361 1116 1414 in
1150 1377 1345 1429 pugna
1378 1361 1543 1431 perit.
1611 1362 2065 1433 Argonautarum

317 1440 551 1497 reditus.
625 1440 871 1496 Glaucus
904 1440 1127 1496 itineris
1164 1456 1351 1496 comes
1388 1443 1448 1496 et
1481 1441 1720 1498 adiutor.

135 1528 225 1579 49.
264 1522 526 1579 Reversis
563 1520 618 1575 in
657 1520 938 1576 Troadem
966 1520 1311 1592 Argonautis
1349 1522 1420 1576 ob
1457 1520 1740 1578 Hesionen
1778 1539 2062 1593 equosque

316 1603 605 1658 recusatos
648 1617 842 1670 pugna
884 1600 1130 1656 ineunda
1177 1601 1302 1655 erat
1336 1616 1461 1655 cum
1498 1600 1905 1673 Laomedonte,
1953 1621 2064 1673 quo

320 1681 507 1737 occiso
554 1696 789 1749 regnum
835 1679 1060 1734 Priamo
1106 1679 1365 1735 traditur.
1438 1680 1504 1732 In
1542 1679 1905 1737 Samothrace
1953 1681 2064 1736 diis

322 1759 782 1814 Samothracibus
821 1760 957 1813 vota
990 1759 1248 1813 reddunt.

136 1847 226 1897 50.
268 1840 459 1895 Pelias
507 1838 785 1894 exstincta
840 1837 1014 1909 stirpe
1059 1837 1301 1906 Iasonis,
1360 1853 1526 1906 quem
1573 1837 1831 1893 interisse
1883 1841 2069 1909 putat,

319 1936 559 1990 regnum
591 1920 980 1989 occupaverat.
1019 1918 1184 1975 Iason
1202 1918 1379 1974 redux
1406 1917 1638 1974 iniurias
1667 1917 1868 1974 ulcisci
1885 1922 2068 1989 parat,
2560 1915 2567 1982 i

316 2016 453 2056 usus
489 1999 722 2055 Medeae
761 1998 1006 2055 consiliis
1043 2000 1102 2055 et
1135 1998 1376 2055 insidiis.
2558 1987 2565 2026 f

137 2087 224 2139 51.
264 2082 575 2152 Assumpta
611 2096 782 2151 sagae
820 2095 1062 2171 persona
1097 2080 1303 2136 Medea
1335 2079 1478 2136 Iolci
1519 2081 1715 2136 urbem
1754 2083 1814 2135 et
1849 2081 2067 2150 regiam

318 2161 653 2233 ingreditur,
689 2160 912 2251 magica
946 2159 1263 2215 ministeria
1293 2163 1552 2216 senectae
1578 2160 2064 2217 transformandae

315 2243 376 2297 in
410 2241 717 2297 iuvenilem
751 2238 1007 2310 vigorem
1043 2240 1207 2296 offert
1241 2241 1301 2293 et
1335 2238 1663 2309 praestigiis
1700 2241 1998 2310 approbat.

140 2327 227 2377 52.
265 2322 450 2377 Pelias
484 2321 721 2377 Medeae
757 2319 954 2374 fraude
1003 2319 1236 2374 occisus.
1312 2319 1463 2374 Dato
1500 2318 1664 2388 signo
1702 2321 2064 2388 Argonautae

319 2403 532 2473 regiam
568 2402 859 2457 invadunt.

141 2487 228 2537 53.
266 2483 432 2538 Iason
475 2483 535 2537 in
580 2481 943 2552 superstitem
978 2477 1173 2534 Peliae
1220 2477 1497 2534 familiam
1544 2478 1821 2550 benignus
1857 2479 2064 2535 Acasto

322 2561 439 2615 filio
496 2578 733 2633 regnum
789 2559 965 2626 cedit3
1035 2559 1159 2629 ipse
1214 2558 1546 2615 Corinthum
1600 2560 1791 2615 sedem
1846 2558 2063 2630 deligit.

319 2639 678 2711 Argonautae
713 2656 923 2696 novum
956 2639 1154 2695 foedus
1189 2639 1248 2694 in
1286 2639 1502 2694 futuros
1532 2655 1694 2695 casus
1727 2640 1969 2711 iungunt
2006 2641 2066 2695 et

320 2720 485 2775 ludos
524 2720 813 2776 celebrant
847 2717 971 2774 Iovi
1009 2717 1269 2787 Olympio
1310 2736 1510 2775 sacros.

140 2806 228 2856 54.
265 2801 434 2856 Iason
469 2799 651 2854 tribds
688 2799 820 2855 filiis
848 2815 879 2854 e
907 2798 1112 2853 Medea
1146 2798 1458 2868 procreatis
1493 2815 1704 2854 novum
1740 2799 2064 2870 coniugium

322 2897 449 2935 cum
479 2878 688 2935 Glauce
724 2879 845 2935 init.
903 2878 1106 2934 Medea
1130 2879 1431 2947 repudiata
1456 2879 1720 2934 atrociter
1756 2878 2064 2935 ulciscitur.

139 2965 228 3017 55.
266 2961 431 3015 Iason
468 2961 708 3015 mortem
744 2958 856 3014 sibi
893 2958 1183 3014 conscivit.
1258 2958 1586 3027 Thessalus,
1625 2960 1904 3026 superstes
1943 2959 2063 3013 eius
2552 2964 2565 3029 J·

321 3039 489 3108 filius,
526 3039 737 3094 Iolcum
766 3052 1024 3095 reversus
1062 3041 1120 3094 et
1153 3057 1251 3094 rex
1286 3040 1470 3095 factus
1495 3039 1713 3095 incolas
1740 3055 1776 3094 a
1803 3056 1862 3095 se
1891 3040 2065 3095 Thes·
2306 3074 2321 3105 ε
2554 3054 2557 3077 ³

322 3118 474 3175 salos
529 3119 799 3189 appellat.
880 3119 1113 3176 Medeae
1168 3136 1399 3175 errores.
1486 3118 1718 3175 Medeae
1773 3121 1834 3174 et
1886 3119 2066 3189 Aegei
2550 3098 2561 3187 ἱ

318 3196 469 3254 filius
503 3199 701 3254 Medus
736 3199 1029 3254 Medorum
1066 3217 1180 3255 rex.
2550 3206 2561 3231 ¹

139 3284 226 3334 56.
267 3279 636 3334 Narrationes
683 3279 829 3334 aliae
876 3280 945 3334 de
983 3280 1185 3335 Medea
1222 3281 1280 3335 et
1314 3279 1499 3335 Medo.
1572 3279 1929 3349 Argonautas
1967 3275 2065 3330 ad·

319 3375 483 3414 verso
509 3359 691 3414 Tanai
727 3362 787 3415 et
820 3376 923 3429 per
959 3359 1114 3415 aliud
1140 3361 1348 3415 flumen
1375 3360 1437 3414 in
1464 3358 1768 3424 Oceanum,
1802 3356 1933 3409 inde
1962 3368 2064 3424 per

319 3439 526 3493 fretum
555 3437 949 3494 Gaditanum
932 3459 993 3495 in
1028 3456 1183 3495 mare
1219 3439 1690 3494 mediterraneum
1727 3432 1941 3489 redisse
1969 3431 2064 3484 Ti-

318 3534 512 3573 maeus
549 3519 761 3589 aliique
794 3520 1042 3576 tradunt.

138 3604 226 3654 57.
266 3597 619 3654 Heraclidae.
691 3599 971 3655 Trachine
1010 3598 1161 3668 apud
1197 3596 1435 3665 Ceycem
1470 3607 1664 3661 regem
1702 3587 1954 3652 educati,
1993 3587 2069 3639 ab

322 3677 752 3735 Atheniensibus
769 3682 969 3735 contra
978 3675 1391 3744 Eurystheum
1374 3691 1435 3726 in
1448 3669 1692 3725 tutelam
1705 3661 2066 3727 recipiuntur.
