2569 4061
961 410 988 463 1
1027 415 1111 465 53.
1143 414 1228 465 54.
1980 408 2067 474 93

140 574 740 661 προγινώσκουσαν
796 574 870 638 ἔκ
913 594 983 637 τε
1038 580 1154 655 τῆς
1197 576 1478 653 θυτικῆς
1532 570 1643 637 καὶ
1687 580 1802 655 τῆς
1858 570 2070 654 ἐγκοι-

144 683 402 766 μήσεως
462 688 580 763 τῆς
633 678 708 744 ἐν
771 689 910 756 τοῖς
966 679 1200 764 ἱεροῖς,
1264 679 1367 742 ἔτι
1418 673 1493 741 δὲ
1545 686 1680 741 τῶν
1731 679 1897 744 κατὰ
1950 679 2070 742 τὸν

141 786 439 873 οὐρανὸν
493 784 869 871 γινομένων
934 787 1244 869 σημείων.
1337 783 1711 869 γεγράφασι
1765 783 1842 849 δέ
1896 806 2072 862 τινες
2109 807 2141 853 9

143 892 256 960 καὶ
302 896 476 959 διότι
520 894 685 960 κατὰ
729 894 854 978 τὴν
888 890 1153 975 γένεσιν
1197 900 1321 956 τοῦ
1357 891 1740 967 Σεσοώσιος
1785 891 1822 955 ὁ
1857 891 2072 976 πατὴρ

90 1020 118 1061 5
146 1000 355 1067 αὐτοῦ
391 998 547 1067 καθ’
592 1000 810 1068 ὕπνον
849 999 1037 1079 δόξαι
1079 999 1201 1064 τὸν
1220 996 1601 1082 “Ηφαιστον
1637 997 1815 1084 αὐτῷ
1855 994 2074 1079 λέγειν

148 1107 251 1172 ὅτι
286 1107 501 1191 πάσης
526 1114 643 1189 τῆς
680 1104 1075 1191 οἰκουμένης
1111 1105 1147 1171 ὁ
1175 1103 1531 1188 γεννηθεὶς
1565 1116 1721 1181 παῖς
1745 1106 2073 1190 κρατήσει.

148 1214 261 1279 διὰ
314 1213 565 1296 ταύτην
630 1207 758 1278 οὗν
810 1213 934 1295 τὴν
989 1213 1208 1277 αἰτίαν
1265 1212 1385 1276 τὸν
1439 1207 1563 1295 μὲν
1614 1207 1865 1296 πατέρα
1917 1213 2074 1286 τοὺς
2113 1233 2177 1281 10

145 1318 499 1403 ἡλικιώτας
541 1328 665 1386 τοῦ
700 1315 1189 1405 προειρημένου
1233 1316 1551 1404 ἀθροῖσαι
1584 1316 1697 1384 καὶ
1732 1320 2076 1401 βασιλικῆς

150 1424 412 1509 ἀγωγῆς
458 1425 757 1510 ἀξιῶσαι,
801 1427 1589 1511 προκατασκευαζόμενον
1634 1425 1730 1500 εἰς
1772 1424 1896 1507 τὴν
1939 1434 2074 1488 τῶν

7 1572 16 1579 ·
67 1553 122 1594 ιο
151 1531 328 1597 ὅλων
384 1532 723 1616 ἐπίθεσιν,
778 1531 986 1598 αὐτὸν
1042 1528 1105 1595 δ’
1160 1530 1595 1616 ἀνδρωθέντα
1649 1529 1760 1596 καὶ
1812 1539 1891 1614 τῇ
1954 1539 2076 1595 τοῦ

148 1644 322 1704 θεοῦ
359 1640 723 1723 προρρήσει
758 1639 1202 1704 πιστεύσαντα
1235 1643 1716 1721 κατενεχθῆναι
1751 1639 1918 1722 πρὸς
1953 1638 2076 1719 τὴν

152 1740 516 1826 εἰρημένην
555 1746 915 1828 στρατείαν.
988 1746 1156 1831 πρὸς
1194 1739 1267 1810 δὲ
1312 1743 1563 1826 ταύτην
1598 1744 1722 1826 τὴν
1759 1742 2077 1825 ἐπιβολὴν
2096 1745 2183 1810 54

155 1858 426 1933 πρῶτον
480 1845 603 1933 μὲν
655 1850 777 1932 τὴν
830 1852 994 1937 πρὸς
1050 1850 1259 1916 αὐτὸν
1313 1850 1588 1915 εὔνοιαν
1642 1849 2077 1914 κατεσκεύασε

152 1964 319 2022 πᾶσι
364 1965 504 2034 τοῖς
545 1950 689 2022 κατ’
723 1963 1103 2043 Αἴγυπτον,
1148 1956 1520 2043 ἡγούμενος
1566 1957 1711 2022 δεῖν
1756 1957 1915 2033 τοὺς
1958 1951 2079 2041 μὲν

73 2084 127 2126 15
154 2066 722 2149 συστρατεύοντας
766 2065 1040 2149 ἑτοίμως
1085 2060 1252 2150 ὑπὲρ
1298 2076 1433 2131 τῶν
1478 2062 1873 2149 ἡγουμένων
1919 2062 2079 2128 ἀπο-

150 2173 501 2254 θνήσκειν,
537 2174 694 2247 τοὺς
732 2167 791 2236 δ’
828 2170 1396 2255 ἀπολειπομένους
1434 2170 1541 2236 ἐπὶ
1575 2182 1710 2236 τῶν
1741 2171 2081 2254 πατρίδων

154 2274 364 2362 μηδὲν
428 2277 872 2360 νεωτερίζειν,
935 2277 997 2340 εἰ
1060 2275 1282 2358 μέλλει
1343 2276 1469 2357 τὴν
1531 2278 1921 2358 προαίρεσιν
1976 2274 2081 2340 ἐπὶ

154 2384 340 2460 τέλος
386 2383 588 2462 ἄξειν.
681 2382 786 2446 διὸ
841 2377 953 2446 καὶ
1010 2380 1260 2456 πάντας
1314 2379 1387 2445 ἐκ
1440 2390 1575 2445 τῶν
1629 2378 2082 2464 ἐνδεχομένων

157 2487 516 2576 εὐηργέτει,
552 2490 711 2565 τοὺς
737 2484 861 2572 μὲν
894 2486 1249 2573 χρημάτων
1278 2487 1558 2572 δωρεαῖς
1594 2485 2083 2572 ἐκθεραπεύων,

74 2616 132 2658 20
157 2597 313 2672 τοὺς
368 2592 441 2661 δὲ
494 2595 715 2681 χώρας
760 2595 977 2678 δόσει,
1023 2595 1209 2671 τινὰς
1255 2589 1329 2660 δὲ
1383 2595 1700 2680 τιμωρίας
1745 2593 2083 2677 ἀπολύσει,

156 2701 408 2778 πάντας
455 2697 531 2766 δὲ
582 2709 730 2778 ταῖς
772 2700 1058 2785 ὁμιλίαις
1101 2699 1214 2768 καὶ
1271 2709 1352 2786 τῇ
1398 2711 1532 2767 τῶν
1576 2704 1842 2787 τρόπων
1887 2701 2082 2768 ἐπιει-

155 2812 303 2892 κείᾳ
350 2811 744 2892 προσήγετο·
790 2819 929 2875 τῶν
965 2831 1035 2874 τε
1082 2808 1210 2895 γὰρ
1255 2811 1620 2891 βασιλικῶν
1657 2807 2084 2893 ἐγκλημάτων

156 2913 455 2989 ἅπαντας
520 2911 790 3001 ἀθῴους
851 2914 1067 3000 ἀφῆκε
1130 2913 1243 2980 καὶ
1304 2918 1464 2992 τοὺς
1523 2916 1688 3002 πρὸς
1761 2915 2084 3002 ἀργύριον

50 3048 122 3098 64
159 3020 749 3105 συγκεκλειμένους
796 3020 1081 3088 ἀπέλυσε
1126 3032 1249 3087 τοῦ
1289 3021 1547 3109 χρέους,
1594 3025 1786 3101 ὄντος
1831 3028 2083 3089 πολλοῦ

78 3150 131 3191 25
158 3130 465 3212 πλήθους
531 3126 965 3214 [ἀνθρώπων]
1034 3127 1107 3193 ἐν
1168 3138 1314 3205 ταῖς
1379 3134 1723 3212 φυλακαῖς.
1812 3131 1936 3213 τὴν
2011 3123 2084 3191 δὲ

149 3235 383 3319 χώραν
444 3233 708 3299 ἅπασαν
761 3236 856 3313 εἰς
908 3234 977 3313 ἓξ
1031 3234 1145 3300 καὶ
1196 3236 1551 3320 τριάκοντα
1608 3234 1773 3322 μέρη
1823 3233 2085 3315 διελών,

158 3339 201 3404 ἃ
275 3344 602 3404 καλοῦσιν
666 3340 1027 3423 Αἰγύπτιοι
1099 3342 1381 3426 νομούς,
1454 3340 1811 3424 ἐπέστησεν
1883 3339 2086 3402 ἅπασι

160 3446 500 3532 νομάρχας
554 3447 711 3523 τοὺς
765 3445 1367 3532 ἐπιμελησομένους
1418 3458 1553 3511 τῶν
1606 3471 1676 3512 τε
1730 3444 2086 3529 προσόδων

274 3608 338 3657 12
376 3622 419 3656 π
455 3601 789 3672 οειρημένην
821 3603 927 3660 OF
979 3609 1045 3657 13
1077 3597 1523 3672 ἔγκατεσκεύασε
1553 3600 1758 3665 Βοίεῠςρ
1814 3604 1881 3653 22
1917 3616 2086 3666 προσ-

161 3669 406 3743 ηγάγετο
530 3678 602 3730 25
627 3669 953 3745 ἀνθρώπων
984 3690 1093 3729 om.
1115 3672 1202 3727 OF
1250 3678 1317 3727 27
1347 3668 1558 3739 νόμους
1576 3669 1627 3721 D
1682 3673 1751 3722 28
1779 3668 1889 3721 τῶν
1917 3668 2004 3736 τε]
2025 3684 2084 3719 τε

2119 2355 2191 2451 ¹0&

2122 3145 2154 3192 3
