2569 4061
357 176 441 239 10
1048 174 1356 231 DIODORI
1399 175 1633 231 slcUm

352 343 813 424 Βρεττανικῶν
867 339 1118 419 νήσων·
1176 339 1420 403 τούτου
1469 334 1527 402 δ’
1584 339 1658 403 αἰ
1707 349 1958 423 πρῶται
2013 338 2279 421 πράξεις

355 441 881 527 ἐπετελέσθησαν
929 444 1339 529 ὀλυμπιάδος
1377 454 1492 528 τῆς
1539 443 1892 528 ἑκατοστῆς
1937 442 2046 510 καὶ
2084 445 2279 527 ὀγδο-

353 558 636 633 ηκοστῆς
688 553 852 616 κατὰ
904 553 978 616 τὸ
1035 562 1302 637 πρῶτον
1354 555 1500 629 ἔτος
1556 546 1655 617 ἐπ’
1714 554 2035 637 ἄρχοντος
2083 545 2279 634 Ἀθή-

352 673 550 740 νησιν
587 654 914 744 Ἡρώδου.

271 765 316 830 5
540 768 691 829 Τῶν
767 762 839 831 δὲ
913 769 1175 852 χρόνων
1247 764 1505 829 τούτων
1576 763 2142 849 περιειλημμένων
2207 764 2279 828 ἐν
2320 784 2350 831 9

351 872 557 957 ταύτῃ
612 880 691 956 τῇ
747 873 1157 957 πραγματείᾳ
1213 874 1370 947 τοὺς
1425 866 1547 954 μὲν
1592 871 1719 954 πρὸ
1775 880 1910 933 τῶν
1964 872 2280 954 Τρωικῶν
2309 888 2333 925 6

356 978 438 1042 οὐ
495 979 921 1063 διοριζόμεθα
968 979 1253 1060 βεβαίως
1309 978 1426 1055 διὰ
1476 978 1549 1041 τὸ
1610 973 1820 1061 μηδὲν
1874 976 2280 1061 παράπηγμα

353 1080 835 1169 παρειληφέναι
899 1081 1050 1168 περὶ
1115 1083 1374 1147 τούτων
1436 1084 1947 1166 πιστευόμενον,
2013 1081 2140 1146 ἀπὸ
2207 1078 2280 1146 δὲ

352 1199 487 1252 τῶν
532 1193 848 1273 Τρωικῶν
888 1188 1280 1265 ἀκολούθως
1305 1187 1783 1277 Ἀπολλοδώρῳ
1821 1198 1913 1275 τῷ
1945 1186 2280 1275 Ἀθηναίῳ

355 1298 630 1378 τίθεμεν
667 1290 1054 1378 ὀγδοήκοντ’
1090 1297 1199 1378 ἔτη
1237 1298 1405 1382 πρὸς
1430 1296 1552 1379 τὴν
1588 1295 1892 1361 κάθοδον
1927 1306 2062 1360 τῶν
2078 1298 2279 1377 “Ηρα-
2309 1313 2360 1352 1⁰

351 1403 659 1484 κλειδῶν,
708 1401 835 1467 ἀπὸ
884 1399 957 1467 δὲ
994 1403 1236 1487 ταύτης
1282 1402 1389 1468 ἐπὶ
1425 1404 1549 1485 τὴν
1594 1403 1864 1489 πρώτην
1903 1402 2279 1487 ὀλυμπιάδα

354 1507 511 1572 δυσὶ
557 1511 869 1575 λείποντα
907 1519 1041 1575 τῶν
1087 1513 1487 1595 τριακοσίων
1532 1509 1644 1575 καὶ
1690 1511 2075 1596 τριάκοντα,
2125 1514 2279 1575 συλ-

352 1619 763 1700 λογιζόμενοι
808 1620 965 1693 τοὺς
1010 1619 1295 1702 χρόνους
1352 1617 1480 1681 ἀπὸ
1526 1627 1661 1681 τῶν
1708 1616 1781 1681 ἐν
1827 1620 2280 1701 Λακεδαίμονι

352 1724 914 1805 βασιλευσάντων,
964 1722 1090 1785 ἀπὸ
1127 1706 1213 1785 Ἴδὲ
1258 1730 1375 1802 τῆς
1418 1722 1683 1803 πρώτης
1729 1722 2140 1805 ὀλυμπιάδος
2184 1723 2279 1797 εἰς

349 1829 471 1910 τὴν
520 1828 729 1910 ἀρχὴν
774 1835 895 1890 τοῦ
935 1830 1259 1891 Κελτικοῦ
1306 1824 1631 1909 πολέμου,
1678 1826 1764 1908 ἣν
1810 1829 2122 1909 τελευτὴν
2167 1848 2278 1891 πε·
2310 1846 2358 1884 15

348 1935 686 2016 ποθήμεθα
749 1941 864 2016 τῆς
929 1931 1251 2017 ἱστορίας,
1321 1930 1676 1998 ἑπτακόσια
1731 1931 1841 1998 καὶ
1895 1933 2278 2019 τριάκοντα·

349 2040 516 2105 ὥστε
582 2041 706 2125 τὴν
786 2040 952 2124 ὅλην
1015 2042 1470 2127 πραγματείαν
1541 2039 1731 2125 ἡμῶν
1802 2042 2279 2127 τετταράκοντα

349 2149 602 2231 βίβλων
650 2142 861 2213 οὖσαν
906 2146 1235 2233 περιέχειν
1282 2150 1392 2233 ἔτη
1443 2145 1599 2212 δυσὶ
1646 2151 1958 2214 λείποντα
2002 2160 2138 2214 τῶν
2183 2175 2278 2233 χι-

350 2257 515 2319 λίων
571 2253 804 2320 ἑκατὸν
858 2256 1339 2340 τετταράκοντα
1393 2252 1594 2339 χωρὶς
1648 2266 1783 2320 τῶν
1836 2259 2099 2341 χρόνων
2144 2267 2276 2320 τῶν

348 2363 790 2444 περιεχόντων
834 2362 950 2436 τάς
993 2362 1122 2445 πρὸ
1169 2371 1305 2424 τῶν
1360 2363 1674 2443 Τρωικῶν
1718 2362 1999 2447 πράξεις.
2305 2381 2357 2417 20

279 2490 310 2536 2
536 2469 760 2530 Ταῦτα
796 2461 918 2549 μὲν
965 2461 1090 2530 οὖν
1128 2464 1414 2550 ἀκριβῶς
1457 2467 2070 2550 προδιωρισάμεθα,
2116 2470 2276 2549 βου-

352 2573 621 2655 λόμενοι
666 2574 823 2646 τοὺς
869 2567 990 2654 μὲν
1038 2568 1616 2652 ἀναγινώσκοντας
1662 2573 1756 2647 είς
1802 2562 2070 2636 ἔννοιαν
2118 2570 2275 2653 ἀγα-

350 2687 493 2761 γεῖν
555 2685 671 2760 τῆς
746 2676 904 2759 ὅλης
966 2676 1379 2761 προθέσεως,
1445 2680 1602 2753 τοὺς
1676 2673 1749 2742 δὲ
1824 2678 2275 2756 διασκευάζειν

349 2787 672 2861 εἰωθότας
725 2786 840 2861 τὰς
894 2787 1174 2868 βίβλους
1230 2784 1597 2871 ἀποτρέψαι
1650 2794 1772 2850 τοῦ
1829 2789 2274 2869 λυμαίνεσθαι

348 2895 463 2970 τὰς
510 2892 859 2977 ἀλλοτρίας
905 2895 1366 2977 πραγματείας.
1430 2891 1591 2976 ἡμῖν
1640 2888 1713 2956 δὲ
1759 2887 1911 2974 παρ’
1950 2892 2114 2976 ὅλην
2150 2894 2274 2976 τὴν
2304 2910 2354 2949 25

349 3001 651 3087 ἱστορίαν
668 3000 749 3063 τὰ
777 2995 899 3084 μὲν
916 2997 1256 3085 γραφέντα
1284 3003 1502 3074 καλῶς
1526 2998 1613 3082 μὴ
1644 2996 1957 3083 μετεχέτω
1980 3001 2273 3083 φθόνου,

346 3108 427 3171 τὰ
476 3103 550 3172 δὲ
596 3105 1016 3190 ἀγνοηθέντα
1060 3103 1437 3190 τυγχανέτω
1487 3105 1916 3190 διορθώσεως
1964 3104 2093 3169 ὑπὸ
2140 3115 2276 3171 τῶν

275 3232 308 3280 3
350 3211 840 3299 δυνατωτέρων.
932 3214 1404 3294 διεληλυθότες
1459 3207 1534 3277 δὲ
1578 3208 1745 3296 ὑπὲρ
1803 3207 1898 3277 ὧν
1944 3215 2275 3298 προῃρού-

490 3443 521 3487 2
563 3431 1027 3509 ἀπετελέσθησαν
1069 3439 1178 3494 OF
1321 3446 1351 3494 3
1391 3440 1637 3510 πρῶτον]
1676 3440 1864 3508 τρίτον
1901 3438 2216 3510 Holzapfel.
