<?xml version="1.0" encoding="UTF-8"?>
<!DOCTYPE html PUBLIC "-//W3C//DTD XHTML 1.0 Transitional//EN"
    "http://www.w3.org/TR/xhtml1/DTD/xhtml1-transitional.dtd">
<html xmlns="http://www.w3.org/1999/xhtml" xml:lang="en" lang="en">
 <head>
  <title>
</title>
<meta http-equiv="Content-Type" content="text/html;charset=utf-8" />
  <meta name='ocr-system' content='tesseract 3.04.00' />
  <meta name='ocr-capabilities' content='ocr_page ocr_carea ocr_par ocr_line ocrx_word'/>
</head>
<body>
  <div class='ocr_page' id='page_1' title='image "./diodoribiblioth02dindgoog_0471.png"; bbox 0 0 2569 4061; ppageno 0'>
   <div class='ocr_carea' id='block_1_1' title="bbox 1049 269 2196 333">
    <p class='ocr_par' dir='ltr' id='par_1_1' title="bbox 1049 269 2196 333">
     <span class='ocr_line' id='line_1_1' title="bbox 1049 269 2196 333; baseline 0.008 -10"><span class='ocrx_word' id='word_1_1' title='bbox 1049 269 1131 323; x_wconf 88' lang='lat'><strong><em>111</em></strong></span> <span class='ocrx_word' id='word_1_2' title='bbox 1170 276 1253 325; x_wconf 85' lang='lat'><strong><em>63.</em></strong></span> <span class='ocrx_word' id='word_1_3' title='bbox 1296 275 1379 323; x_wconf 80' lang='lat'><strong><em>64.</em></strong></span> <span class='ocrx_word' id='word_1_4' title='bbox 2071 269 2196 333; x_wconf 82' lang='lat'><strong><em>371</em></strong></span> 
     </span>
    </p>
   </div>
   <div class='ocr_carea' id='block_1_2' title="bbox 183 426 2271 3277">
    <p class='ocr_par' dir='ltr' id='par_1_2' title="bbox 272 426 2269 836">
     <span class='ocr_line' id='line_1_2' title="bbox 275 426 2204 516; baseline -0.001 -20"><span class='ocrx_word' id='word_1_5' title='bbox 275 426 371 497; x_wconf 82' lang='grc' dir='ltr'><strong><em>ὧν</em></strong></span> <span class='ocrx_word' id='word_1_6' title='bbox 432 430 858 516; x_wconf 80' lang='grc' dir='ltr'><strong><em>ἀπολυθῆναι</em></strong></span> <span class='ocrx_word' id='word_1_7' title='bbox 917 434 1075 508; x_wconf 88' lang='grc' dir='ltr'><strong><em>τοὺς</em></strong></span> <span class='ocrx_word' id='word_1_8' title='bbox 1136 433 1374 515; x_wconf 81' lang='grc' dir='ltr'><strong><em>ὄχλους</em></strong></span> <span class='ocrx_word' id='word_1_9' title='bbox 1438 440 1552 515; x_wconf 78' lang='grc' dir='ltr'><strong><em>τῆς</em></strong></span> <span class='ocrx_word' id='word_1_10' title='bbox 1615 437 1861 515; x_wconf 85' lang='grc' dir='ltr'><strong><em>πολλῆς</em></strong></span> <span class='ocrx_word' id='word_1_11' title='bbox 1918 453 2204 496; x_wconf 77' lang='grc' dir='ltr'><strong><em>κακοπα-</em></strong></span> 
     </span>
     <span class='ocr_line' id='line_1_3' title="bbox 272 532 2269 622; baseline -0.001 -20"><span class='ocrx_word' id='word_1_12' title='bbox 272 540 493 614; x_wconf 87' lang='grc' dir='ltr'><strong><em>θείας·</em></strong></span> <span class='ocrx_word' id='word_1_13' title='bbox 541 536 696 603; x_wconf 88' lang='grc' dir='ltr'><strong><em>ἀνθ’</em></strong></span> <span class='ocrx_word' id='word_1_14' title='bbox 752 534 848 604; x_wconf 83' lang='grc' dir='ltr'><strong><em>ὧν</em></strong></span> <span class='ocrx_word' id='word_1_15' title='bbox 892 541 1054 615; x_wconf 87' lang='grc' dir='ltr'><strong><em>τοὺς</em></strong></span> <span class='ocrx_word' id='word_1_16' title='bbox 1099 532 1174 603; x_wconf 82' lang='grc' dir='ltr'><strong><em>εὖ</em></strong></span> <span class='ocrx_word' id='word_1_17' title='bbox 1221 540 1567 614; x_wconf 77' lang='grc' dir='ltr'><strong><em>παθόντας</em></strong></span> <span class='ocrx_word' id='word_1_18' title='bbox 1614 537 1964 622; x_wconf 81' lang='grc' dir='ltr'><strong><em>ἀπονεῖμαι</em></strong></span> <span class='ocrx_word' id='word_1_19' title='bbox 2009 538 2200 620; x_wconf 80' lang='grc' dir='ltr'><strong><em>τιμὰς</em></strong></span> <span class='ocrx_word' id='word_1_20' title='bbox 2237 548 2269 595; x_wconf 82' lang='grc'><strong>2</strong></span> 
     </span>
     <span class='ocr_line' id='line_1_4' title="bbox 276 641 2203 733; baseline 0.001 -26"><span class='ocrx_word' id='word_1_21' title='bbox 276 641 593 721; x_wconf 77' lang='grc' dir='ltr'><strong><em>ἰσοθέους</em></strong></span> <span class='ocrx_word' id='word_1_22' title='bbox 639 644 816 733; x_wconf 78' lang='grc' dir='ltr'><strong><em>αὐτῷ</em></strong></span> <span class='ocrx_word' id='word_1_23' title='bbox 862 643 974 710; x_wconf 86' lang='grc' dir='ltr'><strong><em>καὶ</em></strong></span> <span class='ocrx_word' id='word_1_24' title='bbox 1019 647 1290 728; x_wconf 81' lang='grc' dir='ltr'><em>θυσίας,</em></span> <span class='ocrx_word' id='word_1_25' title='bbox 1334 645 1704 730; x_wconf 76' lang='grc' dir='ltr'><em>προθύμως</em></span> <span class='ocrx_word' id='word_1_26' title='bbox 1742 643 2052 708; x_wconf 83' lang='grc' dir='ltr'><strong><em>ἁπάντων</em></strong></span> <span class='ocrx_word' id='word_1_27' title='bbox 2090 643 2203 708; x_wconf 90' lang='grc' dir='ltr'><strong><em>ἀν-</em></strong></span> 
     </span>
     <span class='ocr_line' id='line_1_5' title="bbox 274 749 2199 836; baseline 0 -22"><span class='ocrx_word' id='word_1_28' title='bbox 274 751 574 835; x_wconf 82' lang='grc' dir='ltr'><strong><em>θρώπων</em></strong></span> <span class='ocrx_word' id='word_1_29' title='bbox 620 753 732 816; x_wconf 78' lang='grc' dir='ltr'><strong><em>διὰ</em></strong></span> <span class='ocrx_word' id='word_1_30' title='bbox 776 752 851 816; x_wconf 89' lang='grc' dir='ltr'><strong><em>τὸ</em></strong></span> <span class='ocrx_word' id='word_1_31' title='bbox 898 751 1185 836; x_wconf 88' lang='grc' dir='ltr'><strong><em>μέγεθος</em></strong></span> <span class='ocrx_word' id='word_1_32' title='bbox 1227 760 1346 835; x_wconf 80' lang='grc' dir='ltr'><strong><em>τῆς</em></strong></span> <span class='ocrx_word' id='word_1_33' title='bbox 1381 750 1763 835; x_wconf 74' lang='grc' dir='ltr'><strong><em>εὐεργεσίας</em></strong></span> <span class='ocrx_word' id='word_1_34' title='bbox 1800 749 2199 835; x_wconf 84' lang='grc' dir='ltr'><strong><em>ἀπονειμάν-</em></strong></span> 
     </span>
    </p>

    <p class='ocr_par' dir='ltr' id='par_1_3' title="bbox 220 850 2205 1366">
     <span class='ocr_line' id='line_1_6' title="bbox 220 850 2204 943; baseline 0.001 -26"><span class='ocrx_word' id='word_1_35' title='bbox 220 875 248 916; x_wconf 83' lang='grc'>5</span> <span class='ocrx_word' id='word_1_36' title='bbox 275 878 411 921; x_wconf 88' lang='grc' dir='ltr'><strong><em>των</em></strong></span> <span class='ocrx_word' id='word_1_37' title='bbox 464 858 588 941; x_wconf 80' lang='grc' dir='ltr'><strong><em>τὴν</em></strong></span> <span class='ocrx_word' id='word_1_38' title='bbox 645 857 1045 923; x_wconf 82' lang='grc' dir='ltr'><strong><em>ἀθανασίαν.</em></strong></span> <span class='ocrx_word' id='word_1_39' title='bbox 1138 857 1534 942; x_wconf 80' lang='grc' dir='ltr'><strong><em>παράσημον</em></strong></span> <span class='ocrx_word' id='word_1_40' title='bbox 1583 850 1641 921; x_wconf 91' lang='grc' dir='ltr'><strong><em>δ’</em></strong></span> <span class='ocrx_word' id='word_1_41' title='bbox 1697 855 1874 943; x_wconf 74' lang='grc' dir='ltr'><strong><em>αὐτῷ</em></strong></span> <span class='ocrx_word' id='word_1_42' title='bbox 1934 864 2204 938; x_wconf 80' lang='grc' dir='ltr'><strong><em>ποιῆσαι</em></strong></span> 
     </span>
     <span class='ocr_line' id='line_1_7' title="bbox 271 961 2205 1048; baseline -0.001 -21"><span class='ocrx_word' id='word_1_43' title='bbox 271 962 512 1048; x_wconf 87' lang='grc' dir='ltr'><strong><em>κέρατα</em></strong></span> <span class='ocrx_word' id='word_1_44' title='bbox 568 965 729 1040; x_wconf 88' lang='grc' dir='ltr'><strong><em>τοὺς</em></strong></span> <span class='ocrx_word' id='word_1_45' title='bbox 786 964 1392 1042; x_wconf 77' lang='grc' dir='ltr'><strong><em>κατασκευάζοντας</em></strong></span> <span class='ocrx_word' id='word_1_46' title='bbox 1449 963 1566 1041; x_wconf 76' lang='grc' dir='ltr'><strong><em>τὰς</em></strong></span> <span class='ocrx_word' id='word_1_47' title='bbox 1624 964 1887 1047; x_wconf 80' lang='grc' dir='ltr'><strong><em>γραφὰς</em></strong></span> <span class='ocrx_word' id='word_1_48' title='bbox 1945 961 1986 1045; x_wconf 78' lang='grc' dir='ltr'><em>ἢ</em></span> <span class='ocrx_word' id='word_1_49' title='bbox 2047 965 2205 1038; x_wconf 86' lang='grc' dir='ltr'><strong><em>τοὺς</em></strong></span> 
     </span>
     <span class='ocr_line' id='line_1_8' title="bbox 273 1065 2204 1155; baseline -0.002 -20"><span class='ocrx_word' id='word_1_50' title='bbox 273 1069 704 1155; x_wconf 90' lang='grc' dir='ltr'><strong><em>ἀνδριάντας,</em></strong></span> <span class='ocrx_word' id='word_1_51' title='bbox 763 1071 897 1155; x_wconf 74' lang='grc' dir='ltr'><strong><em>ἅμα</em></strong></span> <span class='ocrx_word' id='word_1_52' title='bbox 955 1065 1079 1153; x_wconf 72' lang='grc' dir='ltr'><strong><em>μὲν</em></strong></span> <span class='ocrx_word' id='word_1_53' title='bbox 1140 1070 1507 1151; x_wconf 81' lang='grc' dir='ltr'><strong><em>δηλοῦντας</em></strong></span> <span class='ocrx_word' id='word_1_54' title='bbox 1568 1068 1798 1155; x_wconf 82' lang='grc' dir='ltr'><strong><em>ἑτέραν</em></strong></span> <span class='ocrx_word' id='word_1_55' title='bbox 1854 1068 2204 1133; x_wconf 87' lang='grc' dir='ltr'><strong><em>Διονύσου</em></strong></span> 
     </span>
     <span class='ocr_line' id='line_1_9' title="bbox 272 1173 2204 1261; baseline -0.002 -20"><span class='ocrx_word' id='word_1_56' title='bbox 272 1176 503 1260; x_wconf 90' lang='grc' dir='ltr'><strong><em>φύσιν,</em></strong></span> <span class='ocrx_word' id='word_1_57' title='bbox 561 1177 694 1260; x_wconf 77' lang='grc' dir='ltr'><strong><em>ἅμα</em></strong></span> <span class='ocrx_word' id='word_1_58' title='bbox 753 1173 825 1241; x_wconf 73' lang='grc' dir='ltr'><strong><em>δὲ</em></strong></span> <span class='ocrx_word' id='word_1_59' title='bbox 882 1174 1010 1240; x_wconf 88' lang='grc' dir='ltr'><strong><em>ἀπὸ</em></strong></span> <span class='ocrx_word' id='word_1_60' title='bbox 1065 1183 1181 1257; x_wconf 83' lang='grc' dir='ltr'><strong><em>τῆς</em></strong></span> <span class='ocrx_word' id='word_1_61' title='bbox 1225 1173 1377 1261; x_wconf 80' lang='grc' dir='ltr'><strong><em>περὶ</em></strong></span> <span class='ocrx_word' id='word_1_62' title='bbox 1422 1177 1498 1241; x_wconf 92' lang='grc' dir='ltr'><strong><em>τὸ</em></strong></span> <span class='ocrx_word' id='word_1_63' title='bbox 1548 1176 1835 1261; x_wconf 75' lang='grc' dir='ltr'><strong><em>ἄροτρον</em></strong></span> <span class='ocrx_word' id='word_1_64' title='bbox 1883 1173 2204 1260; x_wconf 81' lang='grc' dir='ltr'><strong><em>εὑρέσεως</em></strong></span> 
     </span>
     <span class='ocr_line' id='line_1_10' title="bbox 271 1278 2202 1366; baseline -0.001 -20"><span class='ocrx_word' id='word_1_65' title='bbox 271 1281 719 1366; x_wconf 82' lang='grc' dir='ltr'><strong><em>ἐμφαίνοντας</em></strong></span> <span class='ocrx_word' id='word_1_66' title='bbox 770 1282 845 1346; x_wconf 91' lang='grc' dir='ltr'><strong><em>τὸ</em></strong></span> <span class='ocrx_word' id='word_1_67' title='bbox 903 1278 1192 1365; x_wconf 85' lang='grc' dir='ltr'><strong><em>μέγεθος</em></strong></span> <span class='ocrx_word' id='word_1_68' title='bbox 1234 1290 1351 1364; x_wconf 84' lang='grc' dir='ltr'><strong><em>τῆς</em></strong></span> <span class='ocrx_word' id='word_1_69' title='bbox 1398 1280 1866 1365; x_wconf 81' lang='grc' dir='ltr'><strong><em>ἐπινοηθείσης</em></strong></span> <span class='ocrx_word' id='word_1_70' title='bbox 1910 1291 2051 1357; x_wconf 79' lang='grc' dir='ltr'><strong><em>τοῖς</em></strong></span> <span class='ocrx_word' id='word_1_71' title='bbox 2096 1304 2202 1362; x_wconf 88' lang='grc' dir='ltr'><strong><em>γε-</em></strong></span> 
     </span>
    </p>

    <p class='ocr_par' dir='ltr' id='par_1_4' title="bbox 188 1385 2271 1898">
     <span class='ocr_line' id='line_1_11' title="bbox 188 1385 2271 1473; baseline 0 -21"><span class='ocrx_word' id='word_1_72' title='bbox 188 1408 242 1447; x_wconf 87' lang='lat'><strong><em>10</em></strong></span> <span class='ocrx_word' id='word_1_73' title='bbox 270 1399 514 1473; x_wconf 83' lang='grc' dir='ltr'><strong><em>ωργοῖς</em></strong></span> <span class='ocrx_word' id='word_1_74' title='bbox 568 1389 976 1473; x_wconf 84' lang='grc' dir='ltr'><strong><em>εὐχρηστίας.</em></strong></span> <span class='ocrx_word' id='word_1_75' title='bbox 1067 1390 1296 1472; x_wconf 90' lang='grc' dir='ltr'><strong><em>τρίτον</em></strong></span> <span class='ocrx_word' id='word_1_76' title='bbox 1352 1385 1426 1453; x_wconf 74' lang='grc' dir='ltr'><strong><em>δὲ</em></strong></span> <span class='ocrx_word' id='word_1_77' title='bbox 1481 1387 1799 1470; x_wconf 85' lang='grc' dir='ltr'><strong><em>γενέσθαι</em></strong></span> <span class='ocrx_word' id='word_1_78' title='bbox 1855 1389 2201 1454; x_wconf 90' lang='grc' dir='ltr'><strong><em>Διόνυσόν</em></strong></span> <span class='ocrx_word' id='word_1_79' title='bbox 2239 1396 2271 1445; x_wconf 84' lang='grc'><strong>3</strong></span> 
     </span>
     <span class='ocr_line' id='line_1_12' title="bbox 270 1492 2202 1578; baseline 0 -20"><span class='ocrx_word' id='word_1_80' title='bbox 270 1511 479 1577; x_wconf 88' lang='grc' dir='ltr'><strong><em>φασιν</em></strong></span> <span class='ocrx_word' id='word_1_81' title='bbox 528 1494 603 1559; x_wconf 86' lang='grc' dir='ltr'><strong><em>ἐν</em></strong></span> <span class='ocrx_word' id='word_1_82' title='bbox 640 1495 893 1577; x_wconf 84' lang='grc' dir='ltr'><strong><em>Θήβαις</em></strong></span> <span class='ocrx_word' id='word_1_83' title='bbox 937 1504 1081 1570; x_wconf 78' lang='grc' dir='ltr'><strong><em>ταῖς</em></strong></span> <span class='ocrx_word' id='word_1_84' title='bbox 1117 1496 1473 1571; x_wconf 83' lang='grc' dir='ltr'><strong><em>Βοιωτίαις</em></strong></span> <span class='ocrx_word' id='word_1_85' title='bbox 1519 1493 1589 1559; x_wconf 82' lang='grc' dir='ltr'><strong><em>ἐκ</em></strong></span> <span class='ocrx_word' id='word_1_86' title='bbox 1628 1496 1796 1571; x_wconf 90' lang='grc' dir='ltr'><strong><em>Διὸς</em></strong></span> <span class='ocrx_word' id='word_1_87' title='bbox 1839 1494 1952 1560; x_wconf 84' lang='grc' dir='ltr'><strong><em>καὶ</em></strong></span> <span class='ocrx_word' id='word_1_88' title='bbox 1998 1492 2202 1578; x_wconf 87' lang='grc' dir='ltr'><strong><em>Σεμέ·</em></strong></span> 
     </span>
     <span class='ocr_line' id='line_1_13' title="bbox 272 1597 2202 1684; baseline 0 -21"><span class='ocrx_word' id='word_1_89' title='bbox 272 1605 390 1681; x_wconf 91' lang='grc' dir='ltr'><strong><em>λης</em></strong></span> <span class='ocrx_word' id='word_1_90' title='bbox 433 1606 550 1681; x_wconf 83' lang='grc' dir='ltr'><strong><em>τῆς</em></strong></span> <span class='ocrx_word' id='word_1_91' title='bbox 595 1598 895 1682; x_wconf 90' lang='grc' dir='ltr'><strong><em>Κάδμου.</em></strong></span> <span class='ocrx_word' id='word_1_92' title='bbox 972 1604 1439 1684; x_wconf 87' lang='grc' dir='ltr'><strong><em>μυθολογοῦσι</em></strong></span> <span class='ocrx_word' id='word_1_93' title='bbox 1485 1600 1611 1684; x_wconf 79' lang='grc' dir='ltr'><strong><em>γὰρ</em></strong></span> <span class='ocrx_word' id='word_1_94' title='bbox 1659 1597 2030 1683; x_wconf 79' lang='grc' dir='ltr'><strong><em>ἐρασθέντα</em></strong></span> <span class='ocrx_word' id='word_1_95' title='bbox 2066 1602 2202 1663; x_wconf 91' lang='grc' dir='ltr'><strong><em>Δία</em></strong></span> 
     </span>
     <span class='ocr_line' id='line_1_14' title="bbox 270 1702 2202 1789; baseline 0.001 -22"><span class='ocrx_word' id='word_1_96' title='bbox 270 1713 544 1787; x_wconf 84' lang='grc' dir='ltr'><strong><em>μιγῆναι</em></strong></span> <span class='ocrx_word' id='word_1_97' title='bbox 579 1705 933 1781; x_wconf 85' lang='grc' dir='ltr'><strong><em>πλεονάκις</em></strong></span> <span class='ocrx_word' id='word_1_98' title='bbox 969 1705 1136 1789; x_wconf 77' lang='grc' dir='ltr'><strong><em>αὐτῇ</em></strong></span> <span class='ocrx_word' id='word_1_99' title='bbox 1176 1706 1289 1770; x_wconf 79' lang='grc' dir='ltr'><strong><em>διὰ</em></strong></span> <span class='ocrx_word' id='word_1_100' title='bbox 1323 1706 1398 1769; x_wconf 91' lang='grc' dir='ltr'><strong><em>τὸ</em></strong></span> <span class='ocrx_word' id='word_1_101' title='bbox 1435 1706 1699 1788; x_wconf 89' lang='grc' dir='ltr'><strong><em>κάλλος,</em></strong></span> <span class='ocrx_word' id='word_1_102' title='bbox 1736 1705 1860 1786; x_wconf 82' lang='grc' dir='ltr'><strong><em>τὴν</em></strong></span> <span class='ocrx_word' id='word_1_103' title='bbox 1889 1703 1949 1768; x_wconf 89' lang='grc' dir='ltr'><strong><em>δ’</em></strong></span> <span class='ocrx_word' id='word_1_104' title='bbox 1981 1702 2202 1788; x_wconf 69' lang='grc' dir='ltr'><strong><em>““Ἠραν</em></strong></span> 
     </span>
     <span class='ocr_line' id='line_1_15' title="bbox 273 1808 2201 1898; baseline 0 -24"><span class='ocrx_word' id='word_1_105' title='bbox 273 1813 777 1894; x_wconf 83' lang='grc' dir='ltr'><strong><em>ζηλοτυποῦσαν</em></strong></span> <span class='ocrx_word' id='word_1_106' title='bbox 835 1808 947 1876; x_wconf 87' lang='grc' dir='ltr'><strong><em>καὶ</em></strong></span> <span class='ocrx_word' id='word_1_107' title='bbox 1005 1809 1429 1895; x_wconf 85' lang='grc' dir='ltr'><strong><em>βουλομένην</em></strong></span> <span class='ocrx_word' id='word_1_108' title='bbox 1482 1814 1765 1898; x_wconf 77' lang='grc' dir='ltr'><strong><em>τιμωρίᾳ</em></strong></span> <span class='ocrx_word' id='word_1_109' title='bbox 1817 1812 2201 1895; x_wconf 79' lang='grc' dir='ltr'><strong><em>περιβαλεῖν</em></strong></span> 
     </span>
    </p>

    <p class='ocr_par' dir='ltr' id='par_1_5' title="bbox 188 1912 2270 2431">
     <span class='ocr_line' id='line_1_16' title="bbox 188 1912 2201 2004; baseline 0.001 -26"><span class='ocrx_word' id='word_1_110' title='bbox 188 1936 239 1977; x_wconf 87' lang='lat'><strong><em>15</em></strong></span> <span class='ocrx_word' id='word_1_111' title='bbox 266 1917 392 2000; x_wconf 85' lang='grc' dir='ltr'><strong><em>τὴν</em></strong></span> <span class='ocrx_word' id='word_1_112' title='bbox 437 1917 827 2004; x_wconf 75' lang='grc' dir='ltr'><strong><em>ἄνθρωπον,</em></strong></span> <span class='ocrx_word' id='word_1_113' title='bbox 876 1912 1295 2002; x_wconf 82' lang='grc' dir='ltr'><strong><em>ὁμοιωθῆναι</em></strong></span> <span class='ocrx_word' id='word_1_114' title='bbox 1341 1917 1464 2002; x_wconf 89' lang='grc' dir='ltr'><strong><em>μέν</em></strong></span> <span class='ocrx_word' id='word_1_115' title='bbox 1508 1942 1643 1983; x_wconf 89' lang='grc' dir='ltr'><strong><em>τινι</em></strong></span> <span class='ocrx_word' id='word_1_116' title='bbox 1686 1928 1821 1982; x_wconf 91' lang='grc' dir='ltr'><strong><em>τῶν</em></strong></span> <span class='ocrx_word' id='word_1_117' title='bbox 1867 1917 2201 2001; x_wconf 80' lang='grc' dir='ltr'><strong><em>ἀποδοχῆς</em></strong></span> 
     </span>
     <span class='ocr_line' id='line_1_17' title="bbox 266 2022 2200 2111; baseline -0.001 -22"><span class='ocrx_word' id='word_1_118' title='bbox 266 2036 744 2110; x_wconf 78' lang='grc' dir='ltr'><strong><em>τυγχανουσῶν</em></strong></span> <span class='ocrx_word' id='word_1_119' title='bbox 781 2022 934 2111; x_wconf 86' lang='grc' dir='ltr'><strong><em>παρ’</em></strong></span> <span class='ocrx_word' id='word_1_120' title='bbox 982 2024 1148 2110; x_wconf 74' lang='grc' dir='ltr'><strong><em>αὐτῇ</em></strong></span> <span class='ocrx_word' id='word_1_121' title='bbox 1187 2036 1554 2110; x_wconf 90' lang='grc' dir='ltr'><strong><em>γυναικῶν,</em></strong></span> <span class='ocrx_word' id='word_1_122' title='bbox 1599 2025 2200 2111; x_wconf 86' lang='grc' dir='ltr'><strong><em>παρακρούσασθαι</em></strong></span> 
     </span>
     <span class='ocr_line' id='line_1_18' title="bbox 268 2127 2270 2218; baseline 0 -22"><span class='ocrx_word' id='word_1_123' title='bbox 268 2127 343 2197; x_wconf 78' lang='grc' dir='ltr'><strong><em>δὲ</em></strong></span> <span class='ocrx_word' id='word_1_124' title='bbox 387 2133 518 2216; x_wconf 79' lang='grc' dir='ltr'><strong><em>τὴν</em></strong></span> <span class='ocrx_word' id='word_1_125' title='bbox 558 2130 893 2216; x_wconf 85' lang='grc' dir='ltr'><strong><em>Σεμέλην·</em></strong></span> <span class='ocrx_word' id='word_1_126' title='bbox 942 2134 1154 2197; x_wconf 80' lang='grc' dir='ltr'><strong><em>εἰπεῖν</em></strong></span> <span class='ocrx_word' id='word_1_127' title='bbox 1197 2134 1327 2217; x_wconf 82' lang='grc' dir='ltr'><strong><em>γὰρ</em></strong></span> <span class='ocrx_word' id='word_1_128' title='bbox 1374 2134 1541 2218; x_wconf 89' lang='grc' dir='ltr'><strong><em>πρὸς</em></strong></span> <span class='ocrx_word' id='word_1_129' title='bbox 1587 2132 1797 2215; x_wconf 79' lang='grc' dir='ltr'><strong><em>αὐτὴν</em></strong></span> <span class='ocrx_word' id='word_1_130' title='bbox 1843 2132 1945 2196; x_wconf 84' lang='grc' dir='ltr'><strong><em>ὅτι</em></strong></span> <span class='ocrx_word' id='word_1_131' title='bbox 1989 2137 2198 2215; x_wconf 83' lang='grc' dir='ltr'><strong><em>καθῆ-</em></strong></span> <span class='ocrx_word' id='word_1_132' title='bbox 2234 2139 2270 2188; x_wconf 83' lang='lat'>4</span> 
     </span>
     <span class='ocr_line' id='line_1_19' title="bbox 266 2234 2198 2323; baseline 0 -21"><span class='ocrx_word' id='word_1_133' title='bbox 266 2261 389 2303; x_wconf 88' lang='grc' dir='ltr'><strong><em>κον</em></strong></span> <span class='ocrx_word' id='word_1_134' title='bbox 433 2234 520 2322; x_wconf 79' lang='grc' dir='ltr'><strong><em>ἦν</em></strong></span> <span class='ocrx_word' id='word_1_135' title='bbox 563 2239 684 2303; x_wconf 90' lang='grc' dir='ltr'><strong><em>τὸν</em></strong></span> <span class='ocrx_word' id='word_1_136' title='bbox 732 2241 869 2303; x_wconf 89' lang='grc' dir='ltr'><strong><em>Δία</em></strong></span> <span class='ocrx_word' id='word_1_137' title='bbox 915 2239 1078 2322; x_wconf 76' lang='grc' dir='ltr'><strong><em>μετὰ</em></strong></span> <span class='ocrx_word' id='word_1_138' title='bbox 1123 2247 1238 2321; x_wconf 84' lang='grc' dir='ltr'><strong><em>τῆς</em></strong></span> <span class='ocrx_word' id='word_1_139' title='bbox 1286 2238 1490 2321; x_wconf 83' lang='grc' dir='ltr'><strong><em>αὐτῆς</em></strong></span> <span class='ocrx_word' id='word_1_140' title='bbox 1538 2239 1925 2323; x_wconf 85' lang='grc' dir='ltr'><strong><em>ἐπιφανείας</em></strong></span> <span class='ocrx_word' id='word_1_141' title='bbox 1968 2262 2038 2303; x_wconf 90' lang='grc' dir='ltr'><strong><em>τε</em></strong></span> <span class='ocrx_word' id='word_1_142' title='bbox 2087 2235 2198 2303; x_wconf 81' lang='grc' dir='ltr'><strong><em>καὶ</em></strong></span> 
     </span>
     <span class='ocr_line' id='line_1_20' title="bbox 265 2335 2198 2431; baseline 0.001 -25"><span class='ocrx_word' id='word_1_143' title='bbox 265 2353 457 2427; x_wconf 83' lang='grc' dir='ltr'><strong><em>τιμῆς</em></strong></span> <span class='ocrx_word' id='word_1_144' title='bbox 500 2351 843 2410; x_wconf 84' lang='grc' dir='ltr'><strong><em>ποιεῖσθαι</em></strong></span> <span class='ocrx_word' id='word_1_145' title='bbox 888 2346 1011 2428; x_wconf 81' lang='grc' dir='ltr'><strong><em>τὴν</em></strong></span> <span class='ocrx_word' id='word_1_146' title='bbox 1058 2343 1326 2429; x_wconf 85' lang='grc' dir='ltr'><strong><em>ὁμιλίαν</em></strong></span> <span class='ocrx_word' id='word_1_147' title='bbox 1371 2335 1539 2430; x_wconf 78' lang='grc' dir='ltr'><strong><em>ᾗπερ</em></strong></span> <span class='ocrx_word' id='word_1_148' title='bbox 1585 2354 1821 2431; x_wconf 82' lang='grc' dir='ltr'><strong><em>χρᾶται</em></strong></span> <span class='ocrx_word' id='word_1_149' title='bbox 1864 2346 2029 2409; x_wconf 80' lang='grc' dir='ltr'><strong><em>κατὰ</em></strong></span> <span class='ocrx_word' id='word_1_150' title='bbox 2073 2344 2198 2427; x_wconf 85' lang='grc' dir='ltr'><strong><em>τὴν</em></strong></span> 
     </span>
    </p>

    <p class='ocr_par' dir='ltr' id='par_1_6' title="bbox 185 2446 2197 2963">
     <span class='ocr_line' id='line_1_21' title="bbox 185 2446 2197 2537; baseline 0 -24"><span class='ocrx_word' id='word_1_151' title='bbox 185 2469 240 2509; x_wconf 80' lang='lat'><strong><em>20</em></strong></span> <span class='ocrx_word' id='word_1_152' title='bbox 265 2451 433 2534; x_wconf 90' lang='grc' dir='ltr'><strong><em>πρὸς</em></strong></span> <span class='ocrx_word' id='word_1_153' title='bbox 485 2453 607 2536; x_wconf 79' lang='grc' dir='ltr'><strong><em>τὴν</em></strong></span> <span class='ocrx_word' id='word_1_154' title='bbox 656 2450 875 2537; x_wconf 89' lang='grc' dir='ltr'><strong><em>Ἥραν</em></strong></span> <span class='ocrx_word' id='word_1_155' title='bbox 932 2452 1458 2537; x_wconf 86' lang='grc' dir='ltr'><strong><em>συμπεριφοράν.</em></strong></span> <span class='ocrx_word' id='word_1_156' title='bbox 1562 2453 1667 2516; x_wconf 90' lang='grc' dir='ltr'><strong><em>διὸ</em></strong></span> <span class='ocrx_word' id='word_1_157' title='bbox 1728 2448 1838 2516; x_wconf 81' lang='grc' dir='ltr'><strong><em>καὶ</em></strong></span> <span class='ocrx_word' id='word_1_158' title='bbox 1897 2452 2015 2516; x_wconf 90' lang='grc' dir='ltr'><strong><em>τὸν</em></strong></span> <span class='ocrx_word' id='word_1_159' title='bbox 2074 2446 2197 2534; x_wconf 78' lang='grc' dir='ltr'><strong><em>μὲν</em></strong></span> 
     </span>
     <span class='ocr_line' id='line_1_22' title="bbox 268 2555 2196 2642; baseline 0.002 -24"><span class='ocrx_word' id='word_1_160' title='bbox 268 2557 435 2637; x_wconf 90' lang='grc' dir='ltr'><strong><em>Δία,</em></strong></span> <span class='ocrx_word' id='word_1_161' title='bbox 500 2565 615 2640; x_wconf 80' lang='grc' dir='ltr'><strong><em>τῆς</em></strong></span> <span class='ocrx_word' id='word_1_162' title='bbox 673 2555 978 2642; x_wconf 88' lang='grc' dir='ltr'><strong><em>Σεμέλης</em></strong></span> <span class='ocrx_word' id='word_1_163' title='bbox 1043 2556 1357 2640; x_wconf 81' lang='grc' dir='ltr'><strong><em>ἀξιούσης</em></strong></span> <span class='ocrx_word' id='word_1_164' title='bbox 1421 2558 1775 2642; x_wconf 82' lang='grc' dir='ltr'><strong><em>τυγχάνειν</em></strong></span> <span class='ocrx_word' id='word_1_165' title='bbox 1830 2567 1966 2621; x_wconf 89' lang='grc' dir='ltr'><strong><em>τῶν</em></strong></span> <span class='ocrx_word' id='word_1_166' title='bbox 2031 2562 2196 2621; x_wconf 80' lang='grc' dir='ltr'><strong><em>ἴσων</em></strong></span> 
     </span>
     <span class='ocr_line' id='line_1_23' title="bbox 248 2658 2196 2749; baseline 0.002 -24"><span class='ocrx_word' id='word_1_167' title='bbox 248 2658 428 2749; x_wconf 62' lang='grc' dir='ltr'><strong><em>’Ήρᾳ</em></strong></span> <span class='ocrx_word' id='word_1_168' title='bbox 463 2675 695 2747; x_wconf 80' lang='grc' dir='ltr'><strong><em>τιμῶν,</em></strong></span> <span class='ocrx_word' id='word_1_169' title='bbox 733 2662 1233 2749; x_wconf 79' lang='grc' dir='ltr'><strong><em>παραγενέσθαι</em></strong></span> <span class='ocrx_word' id='word_1_170' title='bbox 1271 2664 1439 2748; x_wconf 83' lang='grc' dir='ltr'><strong><em>μετὰ</em></strong></span> <span class='ocrx_word' id='word_1_171' title='bbox 1474 2666 1780 2748; x_wconf 81' lang='grc' dir='ltr'><strong><em>βροντῶν</em></strong></span> <span class='ocrx_word' id='word_1_172' title='bbox 1815 2661 1925 2728; x_wconf 81' lang='grc' dir='ltr'><strong><em>καὶ</em></strong></span> <span class='ocrx_word' id='word_1_173' title='bbox 1962 2687 2196 2749; x_wconf 89' lang='grc' dir='ltr'><strong><em>κεραυ-</em></strong></span> 
     </span>
     <span class='ocr_line' id='line_1_24' title="bbox 262 2765 2197 2854; baseline 0.002 -23"><span class='ocrx_word' id='word_1_174' title='bbox 262 2778 424 2851; x_wconf 86' lang='grc' dir='ltr'><strong><em>νῶν,</em></strong></span> <span class='ocrx_word' id='word_1_175' title='bbox 471 2770 596 2853; x_wconf 85' lang='grc' dir='ltr'><strong><em>τὴν</em></strong></span> <span class='ocrx_word' id='word_1_176' title='bbox 645 2765 718 2835; x_wconf 78' lang='grc' dir='ltr'><strong><em>δὲ</em></strong></span> <span class='ocrx_word' id='word_1_177' title='bbox 762 2769 1071 2854; x_wconf 87' lang='grc' dir='ltr'><strong><em>Σεμέλην</em></strong></span> <span class='ocrx_word' id='word_1_178' title='bbox 1117 2770 1239 2854; x_wconf 88' lang='grc' dir='ltr'><strong><em>οὐχ</em></strong></span> <span class='ocrx_word' id='word_1_179' title='bbox 1287 2768 1747 2853; x_wconf 84' lang='grc' dir='ltr'><strong><em>ὑπομείνασαν</em></strong></span> <span class='ocrx_word' id='word_1_180' title='bbox 1789 2772 1865 2835; x_wconf 93' lang='grc' dir='ltr'><strong><em>τὸ</em></strong></span> <span class='ocrx_word' id='word_1_181' title='bbox 1913 2769 2197 2853; x_wconf 88' lang='grc' dir='ltr'><strong><em>μέγεθος</em></strong></span> 
     </span>
     <span class='ocr_line' id='line_1_25' title="bbox 263 2874 2193 2963; baseline 0 -24"><span class='ocrx_word' id='word_1_182' title='bbox 263 2884 380 2958; x_wconf 85' lang='grc' dir='ltr'><strong><em>τῆς</em></strong></span> <span class='ocrx_word' id='word_1_183' title='bbox 426 2876 870 2961; x_wconf 80' lang='grc' dir='ltr'><strong><em>περιστάσεως</em></strong></span> <span class='ocrx_word' id='word_1_184' title='bbox 906 2881 1291 2958; x_wconf 84' lang='grc' dir='ltr'><strong><em>τελευτῆσαι</em></strong></span> <span class='ocrx_word' id='word_1_185' title='bbox 1327 2874 1437 2942; x_wconf 88' lang='grc' dir='ltr'><strong><em>καὶ</em></strong></span> <span class='ocrx_word' id='word_1_186' title='bbox 1474 2878 1549 2942; x_wconf 88' lang='grc' dir='ltr'><strong><em>τὸ</em></strong></span> <span class='ocrx_word' id='word_1_187' title='bbox 1588 2876 1838 2963; x_wconf 81' lang='grc' dir='ltr'><strong><em>βρέφος</em></strong></span> <span class='ocrx_word' id='word_1_188' title='bbox 1874 2876 2193 2961; x_wconf 88' lang='grc' dir='ltr'><strong><em>ἐκτρῶσαι</em></strong></span> 
     </span>
    </p>

    <p class='ocr_par' dir='ltr' id='par_1_7' title="bbox 183 2979 2264 3277">
     <span class='ocr_line' id='line_1_26' title="bbox 183 2979 2264 3067; baseline 0.002 -21"><span class='ocrx_word' id='word_1_189' title='bbox 183 2998 234 3039; x_wconf 78' lang='lat'><strong><em>25</em></strong></span> <span class='ocrx_word' id='word_1_190' title='bbox 261 2982 391 3064; x_wconf 89' lang='grc' dir='ltr'><strong><em>πρὸ</em></strong></span> <span class='ocrx_word' id='word_1_191' title='bbox 454 2990 574 3047; x_wconf 88' lang='grc' dir='ltr'><strong><em>τοῦ</em></strong></span> <span class='ocrx_word' id='word_1_192' title='bbox 634 2984 1050 3064; x_wconf 83' lang='grc' dir='ltr'><strong><em>καθήκοντος</em></strong></span> <span class='ocrx_word' id='word_1_193' title='bbox 1109 2985 1377 3066; x_wconf 88' lang='grc' dir='ltr'><strong><em>χρόνου.</em></strong></span> <span class='ocrx_word' id='word_1_194' title='bbox 1468 2981 1579 3048; x_wconf 88' lang='grc' dir='ltr'><strong><em>καὶ</em></strong></span> <span class='ocrx_word' id='word_1_195' title='bbox 1637 2992 1836 3049; x_wconf 83' lang='grc' dir='ltr'><strong><em>τοῦτο</em></strong></span> <span class='ocrx_word' id='word_1_196' title='bbox 1893 2979 2016 3067; x_wconf 73' lang='grc' dir='ltr'><strong><em>μὲν</em></strong></span> <span class='ocrx_word' id='word_1_197' title='bbox 2073 2984 2191 3046; x_wconf 89' lang='grc' dir='ltr'><strong><em>τὸν</em></strong></span> <span class='ocrx_word' id='word_1_198' title='bbox 2231 3002 2264 3050; x_wconf 79' lang='lat'>5</span> 
     </span>
     <span class='ocr_line' id='line_1_27' title="bbox 263 3086 2193 3174; baseline -0.001 -23"><span class='ocrx_word' id='word_1_199' title='bbox 263 3090 402 3151; x_wconf 89' lang='grc' dir='ltr'><strong><em>Δία</em></strong></span> <span class='ocrx_word' id='word_1_200' title='bbox 447 3086 696 3171; x_wconf 87' lang='grc' dir='ltr'><strong><em>ταχέως</em></strong></span> <span class='ocrx_word' id='word_1_201' title='bbox 741 3089 836 3164; x_wconf 84' lang='grc' dir='ltr'><strong><em>εἰς</em></strong></span> <span class='ocrx_word' id='word_1_202' title='bbox 878 3089 999 3152; x_wconf 92' lang='grc' dir='ltr'><strong><em>τὸν</em></strong></span> <span class='ocrx_word' id='word_1_203' title='bbox 1056 3086 1299 3153; x_wconf 81' lang='grc' dir='ltr'><strong><em>ἑαυτοῦ</em></strong></span> <span class='ocrx_word' id='word_1_204' title='bbox 1356 3089 1571 3174; x_wconf 89' lang='grc' dir='ltr'><strong><em>μηρὸν</em></strong></span> <span class='ocrx_word' id='word_1_205' title='bbox 1627 3087 1976 3173; x_wconf 82' lang='grc' dir='ltr'><strong><em>ἐγκρύψαι·</em></strong></span> <span class='ocrx_word' id='word_1_206' title='bbox 2032 3087 2193 3170; x_wconf 80' lang='grc' dir='ltr'><strong><em>μετὰ</em></strong></span> 
     </span>
     <span class='ocr_line' id='line_1_28' title="bbox 266 3189 2193 3277; baseline -0.002 -20"><span class='ocrx_word' id='word_1_207' title='bbox 266 3189 339 3257; x_wconf 74' lang='grc' dir='ltr'><strong><em>δὲ</em></strong></span> <span class='ocrx_word' id='word_1_208' title='bbox 381 3202 591 3258; x_wconf 88' lang='grc' dir='ltr'><strong><em>ταῦτα</em></strong></span> <span class='ocrx_word' id='word_1_209' title='bbox 635 3201 757 3257; x_wconf 82' lang='grc' dir='ltr'><strong><em>τοῦ</em></strong></span> <span class='ocrx_word' id='word_1_210' title='bbox 802 3194 967 3257; x_wconf 78' lang='grc' dir='ltr'><strong><em>κατὰ</em></strong></span> <span class='ocrx_word' id='word_1_211' title='bbox 1013 3194 1224 3276; x_wconf 90' lang='grc' dir='ltr'><strong><em>φύσιν</em></strong></span> <span class='ocrx_word' id='word_1_212' title='bbox 1268 3203 1386 3277; x_wconf 80' lang='grc' dir='ltr'><strong><em>τῆς</em></strong></span> <span class='ocrx_word' id='word_1_213' title='bbox 1429 3192 1747 3276; x_wconf 86' lang='grc' dir='ltr'><strong><em>γενέσεως</em></strong></span> <span class='ocrx_word' id='word_1_214' title='bbox 1782 3194 2033 3276; x_wconf 88' lang='grc' dir='ltr'><strong><em>χρόνου</em></strong></span> <span class='ocrx_word' id='word_1_215' title='bbox 2068 3191 2193 3274; x_wconf 88' lang='grc' dir='ltr'><strong><em>τὴν</em></strong></span> 
     </span>
    </p>
   </div>
   <div class='ocr_carea' id='block_1_3' title="bbox 260 3377 2188 3581">
    <p class='ocr_par' dir='ltr' id='par_1_8' title="bbox 260 3377 2188 3581">
     <span class='ocr_line' id='line_1_29' title="bbox 319 3377 2188 3474; baseline -0.003 -34"><span class='ocrx_word' id='word_1_216' title='bbox 319 3455 343 3468; x_wconf 81' lang='lat'><strong><em>-</em></strong></span> <span class='ocrx_word' id='word_1_217' title='bbox 448 3391 477 3440; x_wconf 80' lang='lat'><strong><em>&#39;7</em></strong></span> <span class='ocrx_word' id='word_1_218' title='bbox 518 3379 715 3455; x_wconf 73' lang='grc' dir='ltr'><strong><em>ἑτέρου</em></strong></span> <span class='ocrx_word' id='word_1_219' title='bbox 747 3383 850 3440; x_wconf 82' lang='lat' dir='ltr'><strong><em>GF</em></strong></span> <span class='ocrx_word' id='word_1_220' title='bbox 928 3390 1024 3471; x_wconf 58' lang='lat'><strong><em>,19</em></strong></span> <span class='ocrx_word' id='word_1_221' title='bbox 1061 3383 1363 3456; x_wconf 77' lang='grc' dir='ltr'><strong><em>γενέσθαι]</em></strong></span> <span class='ocrx_word' id='word_1_222' title='bbox 1404 3384 1678 3474; x_wconf 47' lang='grc' dir='ltr'><strong><em>λέγεσθαι</em></strong></span> <span class='ocrx_word' id='word_1_223' title='bbox 1707 3385 1755 3438; x_wconf 95' lang='lat' dir='ltr'><strong>D</strong></span> <span class='ocrx_word' id='word_1_224' title='bbox 1869 3387 1934 3435; x_wconf 81' lang='lat'><strong><em>15</em></strong></span> <span class='ocrx_word' id='word_1_225' title='bbox 1973 3377 2188 3465; x_wconf 77' lang='grc' dir='ltr'><strong><em>ὡμοιω-</em></strong></span> 
     </span>
     <span class='ocr_line' id='line_1_30' title="bbox 260 3452 2187 3581; baseline -0.003 -71"><span class='ocrx_word' id='word_1_226' title='bbox 260 3455 634 3581; x_wconf 51' lang='lat' dir='ltr'><strong><em>gssws‘yfffflg&#39;</em></strong></span> <span class='ocrx_word' id='word_1_227' title='bbox 767 3461 832 3510; x_wconf 89' lang='grc'><strong><em>16</em></strong></span> <span class='ocrx_word' id='word_1_228' title='bbox 871 3475 1048 3524; x_wconf 79' lang='grc' dir='ltr'><strong><em>αυτης</em></strong></span> <span class='ocrx_word' id='word_1_229' title='bbox 1088 3456 1193 3511; x_wconf 82' lang='lat' dir='ltr'><strong><em>OF</em></strong></span> <span class='ocrx_word' id='word_1_230' title='bbox 1301 3461 1367 3510; x_wconf 86' lang='lat'><strong><em>18</em></strong></span> <span class='ocrx_word' id='word_1_231' title='bbox 1406 3476 1586 3526; x_wconf 80' lang='grc' dir='ltr'><strong><em>αυτης</em></strong></span> <span class='ocrx_word' id='word_1_232' title='bbox 1623 3472 1729 3510; x_wconf 88' lang='lat' dir='ltr'><strong><em>om.</em></strong></span> <span class='ocrx_word' id='word_1_233' title='bbox 1771 3452 1875 3508; x_wconf 80' lang='lat' dir='ltr'><strong><em>OF</em></strong></span> <span class='ocrx_word' id='word_1_234' title='bbox 1978 3459 2046 3506; x_wconf 79' lang='lat'><strong><em>27</em></strong></span> <span class='ocrx_word' id='word_1_235' title='bbox 2085 3472 2187 3519; x_wconf 86' lang='grc' dir='ltr'><strong><em>την</em></strong></span> 
     </span>
    </p>
   </div>
   <div class='ocr_carea' id='block_1_4' title="bbox 1757 3613 1869 3667">
    <p class='ocr_par' dir='ltr' id='par_1_9' title="bbox 1757 3613 1869 3667">
     <span class='ocr_line' id='line_1_31' title="bbox 1757 3613 1869 3667; baseline 0 0"><span class='ocrx_word' id='word_1_236' title='bbox 1757 3613 1869 3667; x_wconf 78' lang='grc'><strong><em>24*</em></strong></span> 
     </span>
    </p>
   </div>
  </div>
 </body>
</html>
