2569 4061
379 212 506 276 146
1042 208 1350 265 DIODORI
1390 208 1619 266 SICULI

376 398 581 460 μενον
601 372 923 457 ’Ἀνουβιν
959 372 1436 458 παρεισάγουσι
1470 374 1670 449 κυνὸς
1707 373 1942 455 ἔχοντα
1976 375 2300 456 κεφαλήν,

379 481 815 565 ἐμφαίνοντες
886 479 987 544 ’ότι
1052 477 1536 561 σωματοφύλαξ
1609 472 1695 560 ἦν
1758 488 1894 543 τῶν
1957 478 2108 565 περὶ
2181 481 2302 544 τὸν

307 609 339 656 3
364 585 621 671 Ὄσιριν
658 582 768 650 καὶ
808 586 931 668 τὴν
958 575 1137 649 Ἰσιν.
1203 586 1374 648 ἔνιοι
1410 582 1490 648 δέ
1521 600 1688 667 φασι
1724 592 1838 667 τῆς
1856 583 2105 662 Ἴσιδος
2141 607 2301 671 προ-

376 689 791 777 ηγουμένους
845 693 1002 768 τοὺς
1046 691 1252 766 κύνας
1307 688 1462 755 καθ’
1517 690 1597 755 ὃν
1641 692 1878 776 καιρὸν
1926 689 2129 774 ἐζήτει
2184 693 2303 756 τὸν

359 797 644 883 ’Όσιριν,
672 798 753 862 τά
788 820 858 862 τε
895 800 1106 882 θηρία
1140 796 1252 862 καὶ
1278 799 1437 874 τοὺς
1475 795 1904 873 ἀπαντῶντας
1940 796 2358 883 ἀπείργειν,5

378 908 473 970 ἔτι
521 903 586 969 δ’
631 905 948 980 εὐνοϊκῶς
994 901 1453 987 διακειμένους
1499 907 1802 986 συζητεῖν
1850 901 2302 989 ὠρυομένους·

380 1011 486 1075 διὸ
550 1009 660 1075 καὶ
732 1020 873 1086 τοϊς
931 1003 1186 1085 Ἰσείοις
1256 1009 1797 1094 προπορεύεσθαι
1869 1013 2027 1087 τοὺς
2097 1010 2303 1085 κύνας

377 1119 542 1181 κατὰ
606 1116 728 1199 τὴν
791 1118 1091 1199 πομπήν,
1164 1126 1299 1180 τῶν
1363 1116 1892 1195 καταδειξάντων
1964 1125 2161 1181 τοῦτο
2225 1118 2302 1180 τὸ

379 1224 664 1306 νόμιμον
712 1223 1175 1306 σημαινόντων
1217 1222 1343 1305 τὴν
1378 1223 1666 1286 παλαιὰν
1712 1232 1834 1287 τοῦ
1881 1218 2051 1310 ζῴου
2086 1223 2299 1308 χάριν.

310 1349 343 1398 4
380 1327 490 1392 καὶ
526 1329 646 1392 τὸν
673 1325 795 1412 μὲν
835 1332 1154 1413 αἴλουρον
1190 1330 1358 1412 πρός
1391 1350 1462 1393 τε
1489 1328 1605 1404 τὰς
1641 1327 1923 1406 ἀσπίδας
1957 1329 2302 1412 θανάσιμα
2332 1347 2384 1386 10

383 1433 757 1510 δακνούσας
799 1434 1080 1499 εὔθετον
1126 1434 1448 1518 ὑπάρχειν
1484 1432 1594 1498 καὶ
1640 1435 1848 1499 τᾶλλα
1894 1435 2132 1500 δάκετα
2167 1445 2304 1499 τῶν

382 1539 691 1624 ἑρπετῶν,
739 1542 857 1605 τὸν
904 1536 965 1605 δ’
1019 1541 1377 1625 ἰχνεύμονα
1422 1550 1558 1605 τῶν
1602 1542 2051 1626 κροκοδείλων
2095 1551 2304 1627 παραέ

379 1656 712 1733 τηροῦντα
765 1650 922 1724 τοὺς
975 1650 1221 1730 γόνους
1275 1649 1357 1710 τὰ
1410 1634 1924 1732 καταληφθέντα
1972 1659 2108 1713 τῶν
2155 1643 2305 1737 ᾠῶν

382 1757 784 1840 συντρίβειν,
832 1751 940 1819 καὶ
981 1751 1164 1818 ταῦτ’
1212 1753 1531 1837 ἐπιμελῶς
1575 1751 1686 1818 καὶ
1724 1756 2087 1839 φιλοτίμως
2125 1754 2304 1839 ἐνερ-

311 1882 343 1930 5
381 1870 525 1943 γεῖν
564 1856 772 1943 μηδὲν
810 1859 1301 1943 ὠφελούμενον.
1374 1868 1572 1924 τοῦτο
1612 1853 1672 1923 δ’
1717 1860 1781 1923 εἰ
1823 1860 1911 1944 μὴ
1951 1857 2303 1942 συνέβαινε
2333 1876 2384 1916 1⁵

380 1969 723 2051 γίνεσθαι,
772 1967 883 2030 διὰ
927 1967 1003 2030 τὸ
1057 1970 1321 2050 πλῆθος
1366 1977 1500 2030 τῶν
1554 1965 1993 2051 γεννωμένων
2038 1969 2304 2053 θηρίων

381 2075 631 2158 ἄβατον
678 2072 761 2139 ἂν
807 2073 1124 2156 γενέσθαι
1178 2075 1299 2138 τὸν
1344 2075 1664 2158 ποταμόν.
1756 2073 2181 2139 ἀπόλλυσθαι
2230 2069 2306 2138 δὲ

380 2180 490 2247 καὶ
557 2184 713 2257 τοὺς
775 2181 1245 2264 κροκοδείλους
1311 2180 1555 2256 αὐτοὺς
1616 2180 1748 2245 ὑπὸ
1813 2190 1935 2247 τοῦ
1997 2201 2306 2267 προειρη-

381 2286 589 2371 μένου
648 2284 817 2375 ζςόου
870 2285 1260 2371 παραδόξως
1306 2283 1416 2350 καὶ
1470 2291 1807 2362 παντελῶς
1858 2285 2306 2372 ἀπιστουμένῃ

382 2394 677 2479 μεθόδῳ·
743 2394 900 2467 τοὺς
953 2391 1080 2475 γὰρ
1139 2391 1534 2474 ἰχνεύμονας
1591 2391 2031 2478 κυλιομένους
2085 2392 2159 2458 έν
2212 2402 2303 2481 τῷ
2335 2410 2387 2449 20

380 2502 567 2583 πηλςό
611 2498 992 2581 χασκόντων
1029 2495 1250 2560 αὐτῶν
1296 2494 1454 2561 καθ’
1500 2497 1580 2562 ὃν
1626 2497 1710 2562 ἂν
1755 2502 2003 2583 χρόνον
2049 2498 2156 2563 ἐπὶ
2192 2508 2306 2582 τῆς
2344 2517 2415 2566 98

380 2601 625 2687 χέρσου
670 2602 1094 2667 καθεύδωσιν
1143 2603 1469 2686 εἰσπηδᾶν
1516 2605 1628 2669 διὰ
1672 2613 1794 2669 τοῦ
1842 2607 2164 2688 στόματος
2211 2607 2305 2681 εἰς

382 2708 587 2793 μέσον
632 2709 707 2772 τὸ
757 2718 971 2791 σῶμα·
1029 2710 1249 2774 ἔπειτα
1297 2713 1641 2795 συντόμως
1688 2710 1809 2792 τὴν
1854 2713 2112 2774 κοιλίαν
2160 2710 2303 2774 δια-

383 2818 718 2901 φαγόντας
774 2814 1016 2892 αὐτοὺς
1077 2813 1199 2900 μὲν
1255 2817 1627 2893 ἀκινδύνως
1681 2815 1954 2899 ἐξιέναι,
2013 2818 2172 2892 τοὺς
2229 2812 2303 2881 δὲ

312 2946 344 2994 6
382 2932 577 2989 τοῦτο
617 2924 959 3000 παθόντας
994 2926 1273 3008 νεκροὺς
1319 2933 1537 2988 ποιεῖν
1573 2929 1984 3007 παραχρῆμα.
2057 2932 2193 2987 τῶν
2234 2921 2294 2987 δ’
2333 2940 2388 2980 25

382 3029 636 3117 ὀρνέων
699 3029 823 3111 τὴν
878 3026 1001 3113 μὲν
1059 3024 1194 3113 ἶβιν
1249 3031 1579 3113 χρησίμην
1636 3027 1960 3112 ὑπάρχειν
2014 3029 2179 3115 πρός
2231 3050 2302 3097 τε

381 3140 537 3214 τοὺς
584 3138 771 3219 ὄφεις
816 3133 927 3199 καὶ
964 3137 1078 3212 τὰς
1125 3134 1398 3219 ἀκρίδας
1444 3132 1554 3199 καὶ
1599 3134 1715 3209 τὰς
1750 3134 2032 3218 κάμπας,
2077 3136 2194 3198 τὸν
2234 3129 2296 3198 δ’

501 3326 562 3382 ‘3
601 3330 745 3391 ἴσως
779 3312 829 3380 13
977 3334 1007 3382 7
1060 3333 1176 3390 τοῖς
1210 3322 1443 3416 Ἰσείοις]
1483 3328 1582 3395 τῆς
1619 3326 1759 3390 ῖσιος
1804 3326 1853 3379 D
2001 3334 2065 3382 11
2103 3324 2302 3408 τᾶλλα]

383 3394 451 3449 τὰ
504 3399 631 3452 add.
680 3397 729 3450 D
872 3405 936 3452 13
995 3397 1446 3467 καταληφθέντα
1490 3397 1562 3466 Ε,
1618 3398 2083 3467 καταλειφθέντα
2128 3400 2305 3452 cotem

384 3469 453 3516 24
489 3461 834 3530 ἀκινδύνους
868 3469 1018 3539 vulg.
2163 3499 2170 3507 ·
