2569 4061
756 447 854 501 DE
894 446 1239 504 SERMONE
1275 446 1668 506 DIODOREO.
2046 448 2177 504 LIII

236 617 307 676 in
343 615 419 694 D,
464 618 671 675 tamen
714 635 900 693 quum
947 617 1007 691 4,
1039 618 1140 695 20,
1174 618 1211 676 3
1259 615 1345 688 εἴς
1389 637 1553 689 τινας
1606 616 1916 695 θάμνους,
1972 612 2037 675 ἕν
2083 608 2179 687 αἷς

242 720 521 791 τεκοῦσα,
566 713 727 773 idem
763 715 1052 790 praebeat
1088 706 1201 790 οἷς,
1247 714 1440 774 altero
1479 735 1715 792 quoque
1752 717 1880 776 loco
1916 715 2176 776 fortasse

238 812 400 871 latet
445 810 659 872 vitium
673 857 688 886 ,
748 830 934 889 quum
978 811 1132 870 mire
1182 811 1415 871 dictum
1464 812 1545 872 sit
1590 812 1833 890 βαθεῖαι
1877 818 2177 889 τοσαῦται,

239 912 307 968 et
355 907 734 969 scribendum
790 907 972 988 βάθει
1027 915 1313 969 τοσοῦτοι.
1386 909 1686 970 Feminini
1730 909 1893 969 enim
1938 909 2176 987 generis

240 1023 428 1081 quam
448 1009 728 1083 suspecta
756 1006 839 1066 sit
863 1005 1014 1066 fides
1037 1005 1219 1065 etiam
1239 1005 1562 1067 Themistii
1590 1005 1854 1067 ostendit
1883 1024 1947 1065 se
1976 1006 2177 1081 ipsum

237 1101 524 1164 refellens
572 1103 912 1179 exemplum
959 1102 1121 1178 quod
1166 1104 1423 1163 allatum
1468 1104 1532 1163 in
1579 1104 1757 1164 Thes.
1796 1102 2103 1178 Stephani.

429 1200 682 1279 Θραῦμα
716 1220 906 1278 quum
938 1201 997 1276 3,
1029 1201 1132 1276 12,
1162 1202 1199 1260 6
1240 1219 1313 1260 ex
1348 1202 1521 1261 libris
1550 1199 1784 1278 ABOG,
1831 1201 1992 1260 iuter
2028 1217 2176 1275 quos

242 1298 462 1376 optimi
506 1298 641 1377 duo,
689 1302 752 1358 et
787 1295 1305 1376 Agatharchidem
1340 1298 1737 1361 describentis
1772 1298 1979 1359 Photii
2013 1297 2174 1357 Bibl.

236 1417 300 1472 p.
332 1397 592 1473 448,17
643 1395 843 1456 codice
892 1393 1121 1471 optimo
1166 1414 1256 1470 pr.
1305 1415 1505 1475 manu,
1551 1398 1969 1474 restituissem,
2015 1395 2177 1455 idem

240 1492 373 1553 sine
418 1494 592 1553 libris
644 1496 746 1568 17,
779 1495 880 1567 20,
913 1494 951 1553 5
1000 1490 1214 1567 scripsi
1262 1512 1372 1568 pro
1416 1498 1734 1573 θραῦσμα,
1781 1496 1940 1572 quod
1989 1494 2176 1553 etiam

236 1591 459 1650 Aesch.
485 1589 654 1651 Pers.
689 1591 817 1650 425
848 1587 1012 1650 tollit
1049 1590 1236 1648 codex
1261 1590 1585 1669 Mediceus,
1621 1596 1686 1652 et
1710 1593 1989 1652 meliores
2018 1591 2176 1650 Pau-

237 1688 448 1748 saniae
497 1689 558 1762 5,
590 1690 692 1765 20,
723 1689 781 1760 8,
828 1691 890 1747 et
932 1686 1182 1746 Luciani
1229 1687 1389 1749 Hist.
1426 1709 1474 1751 c.
1516 1691 1598 1751 25
1646 1708 1802 1749 unus
1860 1689 1963 1766 qui
2016 1693 2175 1747 θαυ-

236 1784 478 1864 μάτων,
535 1788 605 1843 ut
650 1803 825 1844 nemo
884 1786 962 1844 sit
1015 1784 1407 1845 dubitaturus
1453 1787 1527 1846 de
1574 1785 1968 1862 expungendo
2015 1785 2176 1860 apud

233 1883 420 1965 mum
458 1900 699 1957 quoque
737 1898 787 1940 σ.
849 1882 946 1942 Ita
980 1882 1337 1960 κονιάσμασι
1372 1902 1530 1943 unus
1568 1902 1677 1959 pro
1712 1879 2035 1959 κονιάμασι
2073 1883 2176 1956 20,

239 1983 303 2059 8,
334 1982 394 2057 3,
441 1983 504 2041 et
549 1997 730 2056 saepe
789 1980 1067 2041 scribitur
1123 1987 1395 2061 κροῢσμα
1438 2000 1550 2059 pro
1594 1985 1858 2060 κροῢμα,
1915 1982 1980 2041 et
2007 1995 2177 2055 ‘quae

241 2082 388 2139 sunt
435 2079 556 2137 alia
602 2078 782 2137 huius
828 2080 1083 2156 generis,
1130 2081 1205 2138 ut
1248 2078 1491 2158 χρίσμα,
1538 2080 1612 2139 de
1658 2098 1775 2155 quo
1824 2078 1945 2138 dixi
1990 2095 2178 2154 supra

239 2168 331 2257 (p.
358 2169 556 2255 XLII)
604 2175 713 2235 ubi
758 2174 831 2236 de
877 2176 1147 2252 perfecto
1193 2172 1515 2255 κέχρισμαι.

408 2266 735 2351 Ἱππάρχην
785 2275 888 2352 11,
918 2275 1022 2350 30,
1056 2276 1121 2351 3,
1166 2272 1261 2332 bis
1311 2273 1691 2332 scribendum
1736 2269 2059 2350 ἵππαρχον,
2106 2273 2176 2330 ut
2287 2291 2292 2294 ²

239 2371 337 2430 est
386 2373 485 2445 12,
517 2372 619 2445 64,
653 2373 718 2449 13
773 2372 874 2448 12,
908 2371 1012 2445 80,
1045 2372 1110 2447 73
1162 2371 1262 2443 14,
1297 2370 1398 2442 93,
1432 2371 1504 2442 2;
1555 2370 1656 2444 15,
1685 2368 1790 2442 85,
1823 2369 1888 2443 7;
1942 2367 2041 2442 19,
2074 2367 2176 2443 72,

241 2470 311 2545 6;
363 2470 460 2545 19,
493 2470 596 2542 76,
627 2470 687 2542 3,
735 2471 807 2527 ut
853 2470 957 2542 20,
989 2470 1045 2544 7,
1076 2469 1118 2526 4
1165 2466 1324 2525 male
1373 2465 1614 2525 illatum
1659 2469 2026 2545 τριηραρχῶν
2061 2482 2172 2539 pro

236 2563 625 2643 τριηράρχων,
671 2564 833 2642 quod
880 2567 977 2626 est
1025 2566 1129 2636 20,
1160 2564 1265 2638 51,
1297 2564 1335 2623 3
1379 2565 1440 2623 et
1481 2565 1581 2637 13,
1614 2566 1714 2636 71,
1745 2565 1813 2639 23
1866 2562 1968 2636 13,
2001 2563 2102 2636 77,
2134 2562 2171 2621 6

237 2661 610 2741 τριηράρχαις
667 2681 778 2739 pro
830 2660 1219 2742 τριηράρχοις,
1267 2660 1429 2737 quod
1476 2662 1570 2720 est
1614 2658 1677 2718 in
1721 2678 1840 2719 uno
1890 2661 1994 2736 20,
2038 2661 2094 2735 7,
2133 2660 2173 2718 4

245 2756 340 2836 [at
382 2758 741 2839 τριηράρχην
793 2763 893 2835 24,
927 2764 985 2837 1,
1018 2756 1106 2835 6].
1180 2758 1487 2817 Neutrum
1532 2757 1689 2817 enim
1742 2756 1988 2815 illorum
2024 2756 2177 2815 dixit

237 2855 565 2933 Diodorus,
623 2856 1010 2934 qnantumvis
1069 2855 1299 2915 diceret
1343 2851 1738 2933 βοιωτάρχης,
1792 2853 1910 2913 6τεί
1953 2853 2018 2912 in
2062 2854 2175 2914 hoc

242 2972 482 3031 quoque
528 2953 772 3014 variant
814 2951 959 3014 libri
997 2954 1100 3033 15,
1132 2954 1235 3030 62,
1264 2952 1327 3025 4,
1373 2954 1436 3011 et
1481 2949 1798 3029 νομάρχης.

408 3045 609 3130 Ἰχθῦς
653 3050 1094 3112 nominativum
1138 3050 1395 3126 pluralis
1432 3049 1729 3126 praebent
1777 3048 1921 3108 libri
1959 3049 2172 3125 optimi

238 3152 298 3217 3,
330 3150 435 3227 15,
463 3150 521 3223 4,
560 3148 667 3209 ubi
706 3148 1033 3209 deteriores
1063 3140 1172 3230 (O)
1213 3166 1350 3208 eum
1384 3146 1837 3223 Agatharchide
1873 3167 1931 3222 p.
1962 3148 2111 3225 449,
2133 3149 2168 3205 7

38 3259 41 3334 χ
237 3244 466 3326 ἰχθύες,
513 3244 621 3307 sed
659 3243 866 3325 ἰχθύες
909 3244 1094 3305 iidem
1134 3247 1190 3320 1,
1219 3246 1327 3321 35,
1355 3246 1416 3322 5,
1462 3244 1569 3303 ubi
1606 3244 1793 3305 ceteri
1839 3242 2032 3322 ἰχθῦς.
2088 3243 2174 3301 Et

234 3361 584 3423 quanquam
602 3340 810 3421 ἰχθύες
827 3345 922 3403 est
953 3342 1138 3402 etiam
1167 3341 1329 3419 apud
1346 3341 1603 3419 Atticos,
1630 3345 1837 3402 tamen
1855 3338 2015 3416 apud
2034 3339 2175 3398 Dio-

231 3443 450 3504 dorum
469 3441 632 3500 haud
651 3440 832 3500 dubie
849 3442 1108 3517 utroque
1125 3442 1399 3515 praestat
1416 3440 1545 3499 loeo
1565 3438 1763 3518 ἰχθῦς,
1782 3458 1968 3516 quum
1983 3437 2170 3496 etiam

235 3538 401 3616 apud
447 3537 832 3612 Pausaniam,
878 3537 982 3614 qui
1029 3535 1205 3615 ἰχθῦς
1249 3537 1436 3596 habet
1473 3536 1535 3612 4,
1566 3538 1668 3611 34,
1701 3540 1760 3613 1,
1791 3539 1857 3609 23
1906 3537 1966 3606 8,
1998 3534 2099 3602 21,
2130 3528 2170 3583 2

233 3637 363 3714 bis;
415 3638 475 3710 9,
506 3637 610 3712 24,
642 3637 701 3712 2,
746 3653 903 3694 unus
948 3635 1190 3694 tantum
1225 3633 1418 3692 altero
1455 3632 1585 3690 1000
1621 3629 1910 3703 praebeat
1946 3620 2173 3698 ἰχθύες.

376 3739 692 3811 Ἰδρυνθείς
729 3739 954 3811 saepius
991 3756 1096 3809 pro
1136 3736 1397 3809 ἴδρύθείς
1433 3737 1495 3790 in
1527 3732 1692 3786 libris
1728 3729 1781 3781 11
1820 3722 2034 3776 classis·
