2569 4061
260 2602 346 2667 62

365 311 497 378 366
1030 307 1339 367 DIODORI
1376 310 1611 367 SICULI

361 483 485 541 τοῦ
519 477 826 557 πλήθους
860 470 1110 559 πατέρα
1135 479 1814 560 προσαγορευθῆναι..
1853 470 2309 551 διαδέξασθαι

363 578 425 646 δ’
478 578 685 644 αὐτόν
741 595 910 663 φασι
964 579 1088 663 τὴν
1130 582 1478 663 βασιλείαν
1523 579 1596 646 οἱ
1635 576 1760 664 μὲν
1804 577 2124 656 ἑκουσίως
2169 587 2307 644 τοῦ

360 686 608 771 πατρὸς
643 689 1270 774 παραχωρήσαντος,
1319 686 1393 750 οἱ
1425 681 1486 750 δ’
1520 686 1651 752 ὑπὸ
1687 696 1823 751 τῶν
1861 687 2079 771 ὄχλων
2116 686 2305 771 αἶρε-

361 790 572 858 θέντα
618 792 731 859 διὰ
775 793 850 859 τὸ
896 802 1091 878 μῖσος
1134 793 1209 857 τὸ
1265 793 1433 878 πρὸς
1484 794 1606 859 τὸν
1658 790 1932 878 πατέρα·
1989 791 2303 877 ἐπιστρα-

362 899 721 977 τεύσαντος
758 894 821 964 δ’
856 896 957 965 ἐπ’
992 898 1200 964 αὐτὸν
1234 907 1358 964 τοῦ
1394 902 1671 985 Κρόνου
1715 900 1878 984 μετὰ
1922 909 2058 965 τῶν
2103 900 2296 963 Τιτά-
2337 914 2371 955 5

362 1029 503 1072 νων
529 1014 852 1092 κρατῆσαι
876 1013 958 1090 τῇ
985 1006 1160 1091 μάχῃ
1186 1005 1308 1070 τὸν
1336 1007 1496 1088 Δία,
1524 1002 1637 1070 καὶ
1663 1006 1901 1091 κύριον
1927 1007 2299 1089 γενόμενον

362 1122 497 1178 τῶν
552 1112 731 1177 ὅλων
784 1110 1094 1176 ἐπελθεῖν
1148 1110 1415 1176 ἅπασαν
1459 1111 1584 1195 τὴν
1629 1108 2055 1195 οἰκουμένην,
2110 1110 2299 1197 εὐερ-

363 1226 686 1302 γετοῦντα
738 1217 815 1281 τὸ
870 1214 1065 1299 γένος
1117 1227 1253 1282 τῶν
1309 1217 1708 1303 ἀνθρώπων.
1803 1218 2173 1301 διενεγκεῖν
2226 1213 2289 1281 δ’

364 1323 570 1389 αὐτὸν
621 1319 734 1387 καὶ
789 1323 1094 1407 σώματος
1148 1323 1335 1409 ῥώμῃ
1391 1322 1503 1390 καὶ
1547 1335 1691 1401 ταῖς
1736 1325 1969 1401 ἄλλαις
2013 1323 2299 1400 ἁπάσαις

364 1430 625 1515 ἀρεταῖς
635 1477 654 1511 ,
711 1426 822 1493 καὶ
877 1429 990 1494 διὰ
1044 1437 1244 1495 τοῦτο
1302 1434 1469 1516 ταχὺ
1523 1432 1763 1517 κύριον
1808 1429 2130 1513 γενέσθαι
2173 1439 2297 1495 τοῦ
2330 1444 2388 1486 10

364 1536 749 1620 σύμπαντος
791 1537 1065 1621 κόσμου.
1149 1540 1454 1603 καθόλου
1501 1535 1561 1604 δ’
1608 1537 1818 1603 αὐτὸν
1862 1539 1986 1621 τὴν
2031 1538 2296 1602 ἅπασαν

364 1642 671 1726 σπουδὴν
742 1644 919 1728 ἔχειν
982 1644 1078 1720 εἰς
1137 1645 1418 1709 κόλασιν
1479 1638 1602 1727 μὲν
1663 1653 1799 1708 τῶν
1862 1642 2124 1727 ἀσεβῶν
2184 1641 2298 1708 καὶ

364 1760 705 1835 πονηρῶν,
752 1749 1140 1836 εὐεργεσίαν
1186 1747 1262 1815 δὲ
1306 1760 1443 1815 τῶν
1488 1750 1723 1834 ὄχλων.
1798 1746 1957 1814 ἀνθ’
2003 1744 2100 1815 ὧν
2133 1750 2298 1833 μετὰ

363 1856 488 1940 τὴν
516 1854 584 1937 ἐξ
612 1855 995 1942 ἀνθρώπων
1022 1856 1421 1940 μετάστασιν
1458 1855 1924 1940 ὀνομασθῆναι
1960 1852 2080 1940 μὲν
2106 1858 2294 1936 Ζῆνα

366 1964 479 2027 διὰ
531 1964 607 2028 τὸ
665 1962 892 2029 δοκεῖν
936 1970 1057 2028 τοῦ
1102 1967 1321 2040 καλῶς
1369 1965 1484 2046 ζῆν
1530 1968 1749 2029 αἴτιον
1792 1961 2107 2046 γενέσθαι
2149 1969 2291 2037 τοῖς
2323 1976 2384 2017 15

366 2069 787 2156 ἀνθρώποις,
840 2069 1349 2156 καθιδρυθῆναι
1395 2067 1456 2133 δ’
1511 2068 1585 2135 ἐν
1628 2077 1720 2158 τῷ
1766 2074 1991 2158 κόσμῳ
2036 2077 2116 2155 τῇ
2159 2078 2298 2133 τῶν

365 2171 443 2242 εὖ
488 2180 853 2243 παθόντων
896 2185 1077 2263 τιμῇ,
1120 2177 1393 2242 πάντων
1436 2177 1806 2263 προθύμως
1852 2175 2299 2262 ἀναγορευόν-

365 2307 502 2351 των
545 2285 713 2351 θεὸν
759 2283 892 2351 καὶ-
915 2285 1153 2371 κύριον
1198 2285 1295 2361 εἰς
1338 2284 1459 2348 τὸν
1505 2284 1716 2348 αἰῶνα
1754 2291 1876 2347 τοῦ
1915 2282 2301 2366 σύμπαντος

365 2394 638 2476 κόσμου.
710 2400 847 2457 τῶν
884 2387 1007 2475 μὲν
1043 2384 1169 2456 οὖν
1212 2389 1394 2475 παρὰ
1437 2400 1577 2465 τοῖς
1615 2385 2020 2464 Ἀτλαντίοις
2059 2392 2298 2454 θεεολοὸ

365 2496 717 2582 γουμένων
760 2500 842 2562 τὰ
887 2497 1214 2581 κεφάλαια
1260 2494 1444 2561 ταῦτ’
1499 2498 1698 2560 ἔστιν.
2325 2511 2382 2550 20

532 2600 765 2685 Ἡμεῖς
810 2599 873 2665 δ’
918 2598 1060 2667 ἐπεὶ
1103 2604 1594 2687 προειρήκαμεν
1639 2600 1715 2667 έν
1756 2611 1898 2678 τοῖς
1932 2603 2299 2685 Αἰγυπτια-

365 2717 509 2785 κοῖς
553 2705 707 2792 περὶ
748 2715 867 2790 τῆς
910 2715 1032 2772 τοῦ
1078 2707 1431 2773 Διονύσου
1475 2705 1799 2791 γενέσεως
1840 2706 1953 2773 καὶ
1998 2719 2135 2773 τῶν
2180 2705 2291 2773 ὑπ’

366 2813 575 2880 αὐτοῦ
619 2810 1062 2898 πραχθέντων
1109 2813 1503 2892 ἀκολούθως
1545 2825 1691 2893 ταῖς
1737 2813 2080 2901 ἐγχωρίοις
2126 2816 2298 2880 ίστο-

368 2924 572 3008 ρίαις,
629 2921 880 2986 οἰκεῖον
935 2913 1110 2985 εἶναι
1163 2920 1703 3005 διαλαμβάνομεν
1756 2927 2159 3006 προσθεῖναι
2214 2922 2292 2985 τὰ

366 3029 932 3114 μυθολογούμενα
989 3025 1144 3112 περὶ
1201 3036 1325 3094 τοῦ
1382 3031 1556 3092 θεοῦ
1613 3028 1859 3092 τούτου
1917 3027 2098 3112 παρὰ
2161 3036 2299 3104 τοῖς
2325 3061 2377 3102 25

295 3154 327 3203 2
354 3133 647 3219 Ἕλλησι.
721 3145 857 3200 τῶν
893 3129 970 3200 δὲ
1003 3139 1308 3200 παλαιῶν
1344 3135 1813 3219 μυθογράφων
1850 3131 1962 3198 καὶ
2006 3144 2299 3217 ποιητῶν

366 3239 517 3326 περὶ
554 3243 905 3307 Διονύσου
939 3243 1376 3327 γεγραφότων
1422 3240 1733 3324 ἀλλήλοις
1780 3240 2155 3324 ἀσύμφωνα
2191 3236 2300 3304 καὶ

366 3349 658 3423 πολλοὺς
719 3345 831 3412 καὶ
884 3347 1277 3432 τερατώδεις
1350 3348 1594 3429 λόγους
1664 3344 2280 3430 καταβεβλημένων,
2299 3366 2393 3416 231

546 3504 580 3551 2
620 3500 762 3566 φασὶ
801 3518 909 3556 om.
942 3500 1056 3556 OF
1192 3497 1425 3563 ἑκόντος
1460 3499 1514 3553 II
1552 3502 1634 3569 (et
1659 3501 1785 3555 Eas.
1814 3519 1897 3571 pr.
1929 3517 2011 3556 ev.
2041 3500 2096 3554 II
2123 3506 2175 3569 2,
2205 3503 2294 3570 49)

371 3567 436 3612 13
478 3561 679 3636 ὄχλων]
718 3566 961 3636 ἀγαθῶν
999 3571 1131 3624 Eue.
1168 3571 1205 3626 1.
1247 3588 1296 3625 0.
1444 3576 1509 3625 19
1547 3569 2066 3641 μυθολογουμένων
2105 3570 2156 3624 D
