2569 4061
365 248 497 315 270
1031 246 1341 303 DIODORI
1378 244 1612 303 SICULI

290 433 326 482 4
362 409 633 496 λέγουσι
681 405 756 476 δὲ
798 407 912 474 καὶ
957 418 1074 493 τῆς
1110 411 1205 487 εἰς
1248 413 1325 477 τὸ
1360 416 1556 476 θεῖον
1602 408 1941 494 εὐσεβείας
1977 420 2292 495 φανερῶς

363 519 609 593 αὐτοὺς
643 518 1033 601 κομίζεσθαι
1067 517 1185 594 τὰς
1218 518 1510 603 χάριτας,
1548 515 1874 602 μηδέποτε
1904 517 2295 593 δεσποτείας

361 623 690 704 ἐπήλυδος
728 632 968 709 πεῖραν
1013 625 1365 707 λαβόντας·
1412 622 1479 704 ἐξ
1526 626 1771 700 αἰῶνος
1806 624 1934 709 γὰρ
1981 622 2057 689 ἐν
2103 621 2292 689 ἐλευή

358 730 561 816 θερίᾳ
615 728 1052 815 μεμενηκέναι
1096 726 1205 795 καὶ
1259 736 1341 814 τῇ
1386 732 1553 815 πρὸς
1597 730 1928 815 ἀλλήλους
1983 729 2291 815 ὁμονοίᾳ,

359 840 629 901 πολλῶν
663 832 789 920 μὲν
821 833 932 902 καὶ
970 835 1279 901 δυνατῶν
1315 835 1847 921 ἐστρατευκότων
1884 833 1984 902 ἐπ’
2019 835 2289 918 αὐτούς,
2322 852 2352 894 ⁵

291 943 332 1008 3
362 943 649 1027 μηδενὸς
703 939 777 1008 δὲ
821 951 939 1025 τῆς
991 941 1303 1027 ἐπιβολῆς
1347 941 1821 1027 καθικομένου.
1913 942 2291 1028 Καμβύσην

360 1045 483 1133 μὲν
519 1051 646 1133 γὰρ
682 1048 935 1133 μεγάλῃ
972 1049 1255 1134 δυνάμει
1292 1050 1784 1136 στρατεύσαντα
1817 1052 1944 1134 τήν
1983 1072 2056 1114 τε
2094 1065 2290 1134 στρα-

358 1156 510 1221 τιὰν
551 1155 913 1237 ἀποβαλεῖν
957 1154 1222 1221 ἅπασαν
1257 1153 1370 1221 καὶ
1414 1155 1620 1222 αὐτὸν
1655 1166 1796 1233 τοῖς
1841 1155 2023 1232 ὅλοις
2058 1155 2289 1220 κινδυ-

360 1269 618 1326 νεῦσαι·
681 1263 1058 1346 Σεμίραμιν
1119 1259 1223 1344 δέ,
1276 1270 1370 1351 τῷ
1430 1261 1700 1347 μεγέθει
1760 1273 1898 1328 τῶν
1957 1261 2290 1345 ἐπιβολῶν

359 1365 472 1433 καὶ
517 1364 821 1451 πράξεων
858 1367 1433 1455 διωνομασμένην,
1481 1365 1587 1435 ἐπὶ
1632 1371 1850 1455 βραχὺ
1895 1377 2013 1453 τῆς
2047 1370 2289 1434 Αἰθιο-
2321 1385 2377 1426 10

359 1475 516 1551 πίας
568 1478 1042 1559 προελθοῦσαν
1095 1474 1484 1559 ἀπογνῶναι
1536 1476 1659 1560 τὴν
1720 1473 1827 1541 ἐπὶ
1885 1475 1961 1540 τὸ
2019 1476 2288 1560 σύμπαν

361 1581 566 1656 ἔθνος
595 1583 978 1668 στρατείαν·
1023 1581 1183 1659 τούς
1216 1605 1289 1647 τε
1335 1580 1487 1666 περὶ
1514 1579 1842 1668 ““Ηρακλεά
1885 1580 1999 1647 καὶ
2032 1584 2289 1648 Διόνυ-

362 1702 486 1752 σον
543 1685 848 1765 ἐπιόντας
893 1689 1157 1754 ἅπασαν
1209 1690 1335 1774 τὴν
1381 1686 1783 1775 οἰκουμένην
1837 1691 2089 1774 μόνους
2131 1690 2290 1766 τοὺς

362 1795 702 1872 Αἰθίοπας
753 1798 914 1872 τοὺς
969 1791 1139 1881 ὑπὲρ
1198 1795 1549 1878 Αήκύπτου
1607 1797 1697 1881 μὴ
1755 1801 2291 1880 καταπολεμῆσαι

363 1901 476 1966 διά
527 1925 598 1967 τε
643 1902 766 1986 τὴν
822 1900 1168 1984 εὐσέβειαν
1208 1911 1350 1967 τῶν
1405 1901 1677 1988 ἀνδρῶν
1720 1900 1831 1969 καὶ
1876 1905 1952 1969 τὸ
2000 1901 2286 1985 δυσκρά-
2320 1917 2380 1958 1⁵

360 2032 564 2093 τητον
607 2018 725 2094 τῆς
768 2008 1094 2095 ἐπιβολῆς.
1182 2006 1352 2093 φασὶ
1398 2005 1474 2076 δὲ
1517 2007 1630 2076 καὶ
1673 2012 1833 2088 τοὺς
1876 2010 2291 2094 Αἰγυπτίους

363 2113 627 2182 ἑαυτῶν·
678 2117 998 2195 ἀποίκους
1064 2116 1388 2204 ὑπάρχειν
1403 2166 1423 2202 ,
1473 2111 1802 2205 Ὀσίριδος
1861 2115 2289 2202 ἡγησαμένου

292 2242 325 2292 2
363 2231 478 2307 τῆς
522 2223 843 2301 ἀποικίας.
933 2227 1234 2291 καθόλου
1289 2225 1417 2309 γὰρ
1460 2224 1586 2307 τὴν
1639 2233 1769 2290 νῦν
1814 2218 2027 2290 οὖσαν
2079 2228 2291 2306 Αἴγυ-

362 2349 531 2396 πτον
567 2329 882 2415 λέγουσιν
928 2331 1012 2397 οὐ
1054 2331 1304 2416 χώραν,
1350 2330 1518 2396 ἀλλά
1553 2330 1895 2395 θάλατταν
1939 2326 2292 2412 γεγονέναι

362 2436 527 2499 κατὰ
571 2436 695 2519 τὴν
751 2437 817 2516 ἐξ
868 2436 1075 2523 ἀρχῆς
1117 2445 1240 2502 τοῦ
1295 2439 1552 2521 κόσμου
1602 2438 1948 2502 σύστασιν·
2003 2435 2290 2521 ὕστερον
2318 2451 2379 2491 2⁰

364 2539 589 2624 μέντοι
633 2550 756 2608 τοῦ
800 2546 1058 2608 Νείλου
1109 2544 1275 2608 κατὰ
1318 2545 1437 2620 τὰς
1481 2543 1836 2627 ἀναβάσεις
1888 2544 2013 2627 τὴν
2057 2541 2131 2608 ἐκ
2174 2552 2291 2626 τῆς

363 2647 731 2726 Αἰθιοπίας
787 2650 939 2715 ἰλὺν
1001 2647 1494 2737 καταφέροντος
1552 2649 1625 2716 ἐκ
1683 2659 1805 2716 τοῦ
1861 2643 2005 2716 κατ’
2056 2650 2290 2732 ὀλίγον

362 2760 900 2838 προσχωσθῆναι.
991 2756 1095 2821 ὅτι
1151 2755 1212 2822 δ’
1266 2755 1450 2824 ἐστὶν
1504 2757 1727 2822 αὐτῶν
1779 2756 1823 2841 ἡ
1872 2757 2057 2843 χώρα
2110 2764 2290 2820 πᾶσα

363 2862 872 2946 ποταμόχωστος
945 2862 1429 2949 ἐναργεστάτην
1502 2865 1678 2949 ἔχειν
1749 2863 2091 2943 ἀπόδειξιν
2162 2864 2289 2947 τὴν

293 2991 325 3040 3
362 2966 725 3053 γινομένην
768 2970 933 3035 κατὰ
968 2970 1084 3046 τὰς
1130 2968 1408 3054 ἐκβολὰς
1450 2978 1573 3036 τοῦ
1609 2972 1892 3036 Νείλου·
1938 2964 2096 3036 καθ’
2139 2967 2288 3034 ἕκα-
2316 2982 2375 3023 25

365 3092 525 3143 στον
569 3077 697 3162 γὰρ
734 3077 879 3153 ἔτος
924 3073 1025 3142 ἀεὶ
1061 3074 1217 3155 νέας
1264 3077 1450 3154 ἰλύος
1485 3074 1969 3162 ἀθροιζομένης
2004 3078 2170 3161 πρὸς
2205 3078 2289 3141 τὰ

363 3187 657 3269 στόματα
714 3193 836 3249 τοῦ
898 3192 1199 3268 ποταμοῦ
1262 3189 1633 3268 καθορᾶται
1687 3185 1761 3248 τὸ
1826 3179 1949 3269 μὲν
2001 3181 2289 3266 πέλαγος

364 3288 832 3375 ἐξωθούμενον
895 3300 1036 3367 τοῖς
1096 3290 1604 3376 προσχώμασιν,
1666 3289 1710 3374 ἡ
1775 3286 1851 3355 δὲ
1912 3290 2096 3375 χώρα
2162 3289 2288 3372 τὴν

364 3396 644 3480 αὔξησιν
689 3396 1140 3480 λαμβάνουσα.
1229 3397 1312 3462 τὰ
1357 3393 1432 3462 δὲ
1476 3401 1751 3463 πλεῖστα
1803 3407 1939 3463 τῶν
1983 3399 2288 3482 νομίμων

508 3520 543 3566 8
572 3516 1047 3570 συνκινδυνεῦσαι
1076 3516 1118 3573 C
1174 3523 1206 3571 9
1235 3517 1337 3590 τῷ]
1369 3518 1445 3591 τῷ
1473 3536 1533 3572 τε
1567 3516 1676 3572 OF
1732 3524 1803 3573 28
1829 3515 2195 3588 προχώμασιν
2226 3516 2286 3574 0.
