2569 4061
372 272 507 338 246
1043 269 1354 327 DIODORI
1388 266 1619 325 SICULI

375 430 464 500 δι’
516 433 682 499 ἐτῶν
727 430 1194 497 ἐννεακαίδεκα
1237 441 1570 498 καταντᾶν
1614 433 1711 509 εἰς
1752 433 1877 516 τὴν
1921 441 2162 516 νῆσον,
2226 431 2303 497 έν

375 535 475 616 οἷς
519 540 596 604 αἱ
632 550 770 604 τῶν
815 540 1082 625 ἄστρων
1119 538 1681 616 ἀποκαταστάσεις
1726 537 1835 603 ἐπὶ
1877 537 2066 616 τέλος
2100 540 2301 622 ἄγον-

369 664 505 711 ται·
550 643 665 710 καὶ
702 645 815 711 διὰ
857 655 1057 711 τοῦτο
1093 647 1214 710 τὸν
1250 644 1835 728 ἐννεακαιδεκαετῆ
1881 647 2132 731 χρόνον
2167 646 2300 712 ὑπὸ

301 773 331 822 ’1
370 763 506 817 τῶν
533 749 873 837 Ἑλλήνων
895 751 1222 829 Μέτωνος
1257 751 1571 817 ἐνιαυτὸν
1600 752 2061 836 ὀνομάζεσθαι.
2133 755 2303 818 κατὰ

373 855 448 925 δὲ
492 860 617 945 τὴν
670 859 1066 944 ἐπιφάνειαν
1110 859 1363 942 ταύτην
1416 859 1537 923 τὸν
1589 858 1757 923 θεὸν
1813 861 2187 943 κιθαρίζειν
2230 881 2302 925 τε
2329 874 2355 915 5

370 965 482 1032 καὶ
543 968 849 1053 χορεύειν
914 977 1209 1050 συνεχῶς
1271 966 1390 1042 τὰς
1450 966 1718 1042 νύκταςς
1765 964 1894 1030 ἀπὸ
1959 968 2306 1051 ἰσημερίας

372 1072 643 1159 ἐαρινῆς
687 1072 812 1149 ἕως
846 1073 1161 1148 πλειάδος
1207 1071 1538 1155 ἀνατολῆς
1581 1069 1689 1136 ἐπὶ
1724 1082 1867 1148 τοῖς
1913 1072 2113 1148 ἰδίοις
2149 1071 2304 1154 εὐη-

371 1180 700 1263 μερήμασι
760 1180 1189 1263 τερπόμενον.
1283 1179 1667 1260 βασιλεύειν
1731 1174 1806 1243 δὲ
1868 1186 1986 1261 τῆς
2046 1181 2305 1256 πόλεως

369 1285 612 1367 ταύτης
656 1281 768 1348 καὶ
811 1293 935 1348 τοῦ
979 1283 1299 1368 τεμένους
1344 1284 1654 1370 ἐπάρχειν
1698 1287 1857 1361 τοὺς
1902 1283 2303 1368 ὀνομαζομέ-

368 1412 533 1466 νους
577 1390 941 1475 Βορεάδας,
992 1390 1371 1475 ἀπογόνους
1415 1392 1615 1468 ὄντας
1650 1389 1932 1476 Βορέου,
1978 1387 2091 1455 καὶ
2134 1392 2305 1456 κατὰ
2331 1406 2384 1446 1⁰

368 1494 564 1579 γένος
608 1496 712 1562 ἀεὶ
759 1498 1191 1584 διαδέχεσθαι
1234 1500 1354 1576 τὰς
1399 1498 1619 1585 ἀρχάς.

260 1604 348 1668 48
557 1605 834 1670 Τούτων
871 1601 932 1670 δ’
965 1605 1128 1689 ἡμῖν
1166 1603 1734 1690 διευκρινημένων
1770 1604 2304 1698 μεταβιβάσομεν

368 1712 489 1775 τὸν
535 1714 741 1795 λόγον
788 1710 894 1777 ἐπὶ
938 1713 1021 1777 τὰ
1066 1711 1257 1798 ἕτερα
1305 1710 1470 1795 μέρη
1516 1719 1633 1793 τῆς
1670 1708 1893 1788 Ἀσίας
1936 1711 2018 1776 τὰ
2063 1711 2152 1794 μὴ
2198 1733 2302 1775 τε-

366 1820 646 1902 τευχότα
689 1827 807 1901 τῆς
852 1819 1276 1904 ἀναγραφῆς,
1335 1815 1447 1882 καὶ
1503 1818 1787 1900 μάλιστα
1839 1818 1922 1881 τὰ
1966 1818 2132 1882 κατὰ
2174 1817 2303 1899 τὴν

361 1918 694 2011 Ἀραβίαν.
780 1924 947 2008 αὕτη
992 1925 1122 2008 γὰρ
1167 1933 1379 1989 κεῖται
1425 1918 1547 2007 μὲν
1592 1920 1835 2006 μεταξὺ
1883 1925 2142 2008 Συρίας
2183 1920 2299 1987 καὶ
2331 1936 2383 1979 15

368 2040 486 2115 τῆς
530 2032 914 2115 Αἰγύπτου,
972 2036 1247 2108 πολλοῖς
1294 2025 1369 2095 δὲ
1413 2026 1526 2095 καὶ
1571 2030 2022 2106 παντοδαποῖς
2067 2025 2303 2094 ἔθνεσι

372 2137 760 2222 διείληπται.
833 2139 915 2204 τὰ
950 2134 1076 2223 μὲν
1114 2133 1240 2204 οὖν
1275 2139 1444 2224 πρὸς
1482 2137 1608 2220 τὴν
1634 2135 1720 2201 ἕω
1759 2134 1926 2222 μέρη
1954 2145 2302 2201 κατοικοῦ-

373 2259 484 2309 σιν
511 2242 796 2329 ’Ἀραβες
841 2244 960 2322 οὓς
1005 2245 1407 2329 ὀνομάζουσι
1449 2245 1898 2327 Ναβαταίους,
1945 2245 2304 2326 νεμόμενοι

373 2350 598 2436 χώραν
643 2351 769 2434 τὴν
815 2348 937 2435 μὲν
983 2353 1254 2436 ἔρημον,
1300 2352 1425 2435 τὴν
1464 2346 1538 2415 δὲ
1584 2349 1904 2434 ἄνυδρον,
1951 2348 2188 2432 ὀλίγην
2225 2344 2303 2413 δὲ

301 2476 333 2522 2
370 2458 824 2541 καρποφόρον.
899 2459 1128 2540 ἔχουσι
1165 2452 1240 2520 δὲ
1277 2458 1433 2538 βίον
1470 2457 1845 2541 λῃστρικόν,
1896 2451 2009 2518 καὶ
2043 2455 2301 2538 πολλὴν
2330 2473 2387 2513 20

368 2568 487 2642 τῆς
522 2560 776 2646 ὁμόρου
811 2562 1030 2645 χώρας
1065 2560 1577 2648 κατατρέχοντες
1611 2560 2074 2646 λῃστεύουσιν,
2111 2561 2303 2638 ὄντες

370 2666 700 2749 δύσμαχοι
785 2668 953 2732 κατὰ
1032 2669 1192 2744 τοὺς
1262 2666 1611 2751 πολέμους.
1719 2667 1887 2731 κατὰ
1965 2667 2095 2751 γᾲρ
2176 2668 2303 2750 τὴν

370 2771 668 2855 ἄνυδρον
723 2771 948 2857 χώραν
1004 2773 1372 2859 λεγομένην
1429 2774 1980 2849 κατεσκευακότες
2024 2773 2303 2858 εὔκαιρα

370 2876 658 2964 φρέατα,
721 2877 835 2944 καὶ
897 2890 1104 2946 ταῦτα
1167 2883 1598 2965 πεποιηκότες
1658 2893 1799 2958 τοῖς
1857 2879 2302 2946 ἀλλοεθνέσιν

371 2988 702 3070 ἄγνωστα,
742 2988 1250 3072 συμφεύγουσιν
1286 2990 1383 3065 εἰς
1415 2988 1541 3071 τὴν
1567 2988 1793 3072 χώραν
1826 2988 2079 3070 ταύτην
2116 2986 2300 3052 ἀκιν-
2328 3001 2385 3043 25

297 3111 331 3160 3
370 3093 606 3170 δύνως.
699 3090 891 3157 αὐτοὶ
951 3089 1074 3178 μὲν
1118 3095 1246 3179 γὰρ
1294 3095 1544 3171 εἰδότες
1586 3094 1668 3158 τὰ
1712 3091 2300 3179 κατακεκρυμμένα

364 3209 501 3263 τῶν
554 3198 857 3283 ὑδάτων,
917 3198 1028 3265 καὶ
1073 3199 1258 3266 ταῦτ’
1313 3201 1718 3284 ἀνοίγοντες,
1764 3211 2056 3286 χρῶνται
2103 3199 2301 3278 δαψι-

421 3454 431 3463 .
507 3393 540 3439 2
589 3386 697 3458 οἷς]
754 3387 840 3450 οἷς
886 3390 984 3444 καὶ
1024 3389 1073 3445 0
1246 3399 1281 3445 4
1336 3390 1636 3463 Μέτωνος]
1693 3389 1874 3460 μέγαν
1915 3391 1964 3445 G
2140 3396 2175 3445 8
2231 3388 2299 3445 δὲ

363 3451 626 3532 ᾨωᾶοτΐ,
683 3477 743 3512 τε
798 3459 933 3539 Ιξοτί
1028 3524 1051 3541 l
1114 3466 1179 3514 18
1220 3456 1598 3530 ὀνομάζουσιν
1644 3457 1959 3543 άβαταίους
1993 3459 2044 3513 D
2227 3467 2301 3515 24

364 3522 736 3580 αλλοεθνέσιν
774 3528 1028 3598 Dmdorf,
1065 3526 1258 3594 ἄλλοις
1297 3529 1533 3586 ἔθνεσιν
1569 3533 1717 3586 libr1.
