2569 4061
993 277 1070 332 IV
1109 284 1194 333 67.
1234 284 1320 333 68.
1737 236 1740 240 Ι
2002 277 2129 343 507

175 440 505 524 Νηλεύς·
564 441 821 505 τούτων
884 436 957 504 δὲ
1015 442 1262 516 Πελίας
1320 436 1442 524 μὲν
1494 435 1762 507 Ἰωλκοῦ
1800 419 1933 506 “καὶ
1997 450 2133 505 τῶν

175 549 494 629 πλησίον
538 547 803 632 χωρίων
841 545 1246 629 ἐβασίλευσε,
1295 548 1564 629 Νηλεὺς
1611 542 1685 610 δὲ
1728 546 2133 632 παραλαβὼν

182 653 630 737 Μελάμποδα
657 650 770 719 καὶ
801 654 1050 718 Βίαντα
1076 656 1234 729 τοὺς
1257 646 1674 737 Ἀμυθάονος
1701 650 1812 717 καὶ
1830 647 2133 735 Ἀγλαΐας
2171 642 2177 647 ’
2233 703 2249 720 .

181 760 400 836 υἱοὺς
435 762 554 825 καί
590 783 776 837 τινας
812 760 1055 836 ἄλλους
1090 769 1227 824 τῶν
1256 757 1538 844 Ἀχαιῶν
1588 757 1751 840 [καὶ]
1801 761 2132 824 Φθιωτῶν

115 889 152 930 5
186 864 313 931 καὶ
375 877 512 932 τῶν
572 865 874 932 Αἰολέων
934 866 1369 952 ἐστράτευσεν
1434 867 1528 943 εἰς
1585 867 2130 948 Πελοπόννησον.

185 971 309 1037 καὶ
342 974 755 1057 Μελάμπους
792 969 915 1056 μὲν
951 973 1184 1056 μάντις
1221 973 1317 1037 ὢν
1344 973 1461 1049 τὰς
1480 970 1778 1058 Ἀργείας
1813 980 2133 1056 γυναῖκας
2169 989 2205 1039 4

189 1082 524 1162 μανείσας
589 1080 698 1145 διὰ
772 1079 895 1161 τὴν
958 1080 1310 1145 Διονύσου
1382 1087 1584 1164 μῆνιν
1658 1078 2129 1165 ἐθεράπευσεν,

192 1183 354 1250 ἀντὶ
414 1181 487 1249 δὲ
542 1184 781 1268 ταύτης
841 1193 956 1269 τῆς
1012 1184 1391 1271 εὐεργεσίας
1449 1186 1645 1271 χάριν
1705 1187 1898 1268 ἔλαβε
1953 1185 2131 1270 παρὰ

189 1301 323 1357 τοῦ
371 1288 696 1373 βασιλέως
740 1301 875 1356 τῶν
905 1285 1220 1377 Ἀργείων
1250 1289 1698 1377 Ἀναξαγόρου
1744 1300 1865 1357 τοῦ
1900 1296 2130 1375 Μεγα-

99 1421 165 1462 10
195 1396 506 1474 πένθους
550 1399 631 1461 τὰ
678 1397 802 1462 δύο
849 1395 1013 1483 μέρη
1051 1405 1167 1481 τῆς
1211 1400 1575 1480 βασιλείας·
1622 1401 2019 1482 κατοικήσας
2058 1396 2118 1463 δ’

195 1502 274 1568 ἐν
305 1501 536 1589 ’Ἀργει
591 1504 828 1586 κοινὴν
883 1502 1236 1586 ἐποιήσατο
1302 1504 1426 1586 τὴν
1485 1506 1827 1585 βασιλείαν
1893 1507 2129 1569 Βίαντι

195 1618 293 1698 τῷ
335 1609 622 1696 ἀδελφῷ.
688 1611 901 1692 γήμας
940 1605 1013 1674 δὲ
1035 1606 1444 1695 Ἰφιάνειραν
1481 1609 1606 1693 τὴν
1633 1609 2128 1692 Μεγαπένθους
2167 1626 2199 1675 5

198 1713 564 1781 ἐτέκνωσεν
585 1711 987 1799 Ἀντιφάτην
1017 1712 1129 1779 καὶ
1164 1715 1446 1798 Μαντώ,
1484 1716 1579 1778 ἔτι
1614 1711 1688 1779 δὲ
1727 1717 1979 1780 Βίαντα
2017 1713 2128 1780 καὶ

201 1824 548 1909 Προνόην·
598 1819 998 1904 Ἀντιφάτου
1046 1817 1120 1885 δὲ
1173 1818 1288 1885 καὶ
1336 1819 1708 1903 Ζευξίππης
1757 1828 1872 1903 τῆς
1909 1818 2127 1886 Ἱππο-

117 1950 174 1991 15
200 1931 492 2005 κόωντος
549 1931 795 2011 Οἰκλῆς
847 1925 961 1993 καὶ
999 1921 1377 2012 Ἀμφάλκης
1426 1919 1759 2014 ὑπῆρξαν,
1810 1927 2129 2005 Οἰκλέους

205 2032 279 2100 δὲ
342 2035 451 2100 καὶ
496 2034 1027 2122 Ἵπερμνήστρας
1081 2043 1196 2119 τῆς
1252 2037 1548 2101 Θεσπίου
1597 2028 1961 2122 Ἰφιάνειρα
2015 2034 2127 2107 καὶ

211 2141 555 2223 Πολύβοια
634 2141 746 2207 καὶ
811 2139 1220 2227 Ἀμφιάραος
1302 2140 1629 2224 ἐγένοντο.
1713 2141 2126 2226 Μελάμπους
2164 2159 2195 2208 6
2253 2169 2258 2172 ’

207 2243 327 2332 μὲν
378 2241 502 2311 οὗν
546 2246 655 2312 καὶ
702 2250 865 2324 Βίας
909 2247 1020 2313 καὶ
1068 2247 1139 2313 οἱ
1179 2245 1291 2313 ἀπ’
1346 2246 1623 2313 ἐκείνων
1669 2247 1843 2314 οὕτω
1890 2256 2005 2332 τῆς
2051 2249 2125 2314 ἐν

193 2351 416 2438 ’Ἀργει
477 2355 814 2436 βασιλείας
876 2352 1228 2438 μετέσχον,
1296 2356 1564 2439 Νηλεὺς
1629 2350 1704 2419 δὲ
1767 2355 1928 2438 μετὰ
1990 2365 2125 2420 τῶν

130 2483 184 2523 20
212 2461 946 2543 συνακολουθησάντων
1004 2463 1542 2547 παραγενόμενος
1602 2462 1697 2538 εἰς
1755 2463 2127 2545 Μεσσήνην

210 2568 400 2632 πόλιν
454 2568 665 2631 ἔκτισε
723 2566 989 2648 Πύλον,
1047 2568 1307 2633 δόντων
1354 2566 1531 2656 αὐτῷ
1587 2578 1722 2632 τῶν
1767 2567 2124 2654 ἐγχωρίων.

209 2673 442 2756 ταύτης
499 2668 573 2737 δὲ
626 2673 1004 2756 βασιλεύων
1056 2672 1168 2738 καὶ
1221 2676 1434 2758 γήμας
1488 2678 1757 2760 Χλῶριν
1815 2674 1940 2758 τὴν
1980 2668 2126 2759 Ἀμ-

214 2782 438 2864 φίονος
491 2788 614 2844 τοῦ
663 2781 995 2863 Θηβαίου,
1042 2781 1286 2858 παῖδας
1332 2779 1646 2865 ἐγέννησε
1695 2781 1980 2865 δώδεκα,
2029 2775 2125 2846 ὧν

119 2932 146 2943 -
213 2882 292 2970 ἦν
350 2888 801 2973 πρεσβύτατος
869 2882 992 2971 μὲν
1057 2888 1586 2972 Περικλύμενος,
1656 2887 1983 2963 νεώτατος
2049 2883 2123 2950 δὲ

141 3012 192 3053 25
218 2991 481 3079 Νέστωρ
528 2993 564 3058 ὁ
613 2991 720 3058 ἐπὶ
775 2994 1024 3078 Τροίαν
1071 2993 1491 3078 στρατεύσας.

378 3098 549 3186 Περὶ
603 3096 727 3184 μὲν
774 3094 900 3165 οὖν
954 3107 1089 3164 τῶν
1135 3097 1477 3185 Νέστορος
1531 3100 1884 3184 προγόνων
1931 3095 2123 3182 ἀρκε-

378 3263 409 3311 2
455 3258 691 3326 πλησίον
737 3257 936 3326 χωρῶν
977 3256 1092 3323 OF,
1141 3253 1542 3325 πλησιοχώρων
1579 3254 1626 3308 Ε
1775 3250 2001 3323 Νηλεὺς
2052 3253 2117 3310 δὲ

219 3325 542 3454 ῗέιέἕαβώἔ
556 3327 807 3468 ιῖῖῗὲῗξξ
830 3322 2122 3521 ’3⁰53“mffl'az‘stdffnfisssstssin““⁹g²fissffssca{{

224 3465 277 3524 ἐν
299 3466 467 3539 ’Ἀργει
504 3469 557 3523 11
685 3475 752 3525 13
796 3470 1030 3541 Βίαντα]
1058 3466 1298 3543 ’Ἄβαντα
1334 3469 1559 3522 Palmer
1688 3472 1754 3522 15
1794 3465 1985 3535 ἰοκλῆς
2022 3486 2097 3521 κα

223 3534 453 3611 ἆμαλκῆς
488 3540 537 3593 D
651 3537 904 3604 ἰοκλέους
939 3541 988 3594 D
1102 3546 1168 3595 16
1209 3540 1447 3595 Θεστίου
1484 3537 1725 3594 Palmer.
