2569 4061
1029 349 1108 402 111
1147 355 1231 404 73.
1264 356 1349 406 74.
2044 353 2174 419 389

245 509 399 597 περὶ
434 512 553 576 τὸν
582 510 925 596 Ἄμμωνα,
961 510 1073 577 καὶ
1108 510 1405 597 πολέμου
1434 515 1726 598 μεγάλου
1765 526 2177 593 συνεστῶτος

245 617 319 683 ἐν
373 626 452 703 τῇ
505 621 724 707 νήσω,
778 616 1025 702 ταχέως
1078 617 1190 684 καὶ
1243 622 1403 698 τοὺς
1455 618 1607 704 περὶ
1659 623 1778 687 τὸν
1827 625 2177 689 Διόνυσον

242 723 354 791 καὶ
399 726 522 809 τιὴν
571 720 867 809 Ἀθηνᾶν
921 728 1040 792 καί
1075 749 1263 804 τινας
1308 737 1444 792 τῶν
1490 728 1713 792 ἄλλων
1758 734 1944 794 θεῶν
1988 753 2177 814 νομιω

129 829 552 902 2436θέντων
581 835 990 919 συνδραμεῖν
1015 834 1112 910 εἰς
1137 836 1430 918 Κρήτην.
1475 831 1839 918 γενομένης
1867 833 1942 899 δὲ
1968 856 2176 921 παρα·
2214 857 2246 906 8

188 954 215 995 5
242 937 484 1016 τάξεως
521 939 810 1023 μεγάλης
847 936 1277 1026 ἐπικρατῆσαι
1314 941 1473 1016 τοὺς
1508 937 1661 1026 περὶ
1686 941 1805 1006 τὸν
1832 943 2177 1006 Διόνυσον

241 1042 351 1110 καὶ
404 1045 654 1122 πάντας
710 1045 973 1111 ἀνελεῖν
1028 1046 1186 1121 τοὺς
1239 1048 1542 1122 Τιτᾶνας.
1635 1047 1796 1130 μετὰ
1853 1043 1927 1112 δὲ
1972 1056 2179 1111 ταῦτα

224 1145 575 1236 ’Ἀμμωνος
614 1149 728 1216 καὶ
755 1151 1106 1216 Διονύσου
1143 1152 1610 1235 μεταστάντων
1648 1151 1720 1218 ἐκ
1756 1162 1873 1237 τῆς
1910 1152 2177 1238 ἀνθρω-

240 1259 436 1341 πίνης
494 1258 762 1342 φύσεως
828 1259 922 1334 εἰς
982 1258 1107 1340 τὴν
1168 1257 1575 1343 ἀθανασίαν,
1633 1260 1753 1325 τὸν
1811 1262 1950 1326 Δία
2009 1257 2177 1345 φασὶ

240 1366 629 1446 βασιλεῦσαι
688 1372 811 1429 τοῦ
873 1364 1257 1449 σύμπαντος
1318 1367 1608 1450 κόσμου,
1672 1365 2176 1451 κεκολασμένων

160 1488 214 1528 10
241 1481 378 1535 τῶν
434 1470 758 1552 Τιτάνων,
804 1467 915 1535 καὶ
961 1470 1247 1554 μηδενὸς
1302 1472 1498 1547 ὄντος
1551 1481 1673 1538 τοῦ
1726 1475 2176 1557 τολμήσοντος

244 1573 334 1640 δι’
388 1573 699 1657 ἀσέβειαν
747 1575 1248 1661 ἀμφισβητῆσαι
1293 1586 1409 1660 τῆς
1455 1576 1675 1662 ἀρχῆς.

430 1681 566 1745 Τὸν
620 1676 743 1764 μὲν
804 1675 930 1746 οὖν
989 1691 1256 1767 πρῶτον
1309 1685 1657 1747 Διόνυσον
1711 1681 1780 1762 ἐξ
1825 1681 2176 1767 ’Ἄμμωνος
2198 1686 2284 1750 74

140 1812 145 1815 >
240 1782 354 1850 καὶ
393 1782 788 1870 Ἀμαλθείας
832 1790 1199 1872 γενόμενον
1242 1789 1558 1865 τοιαύτας
1605 1789 1676 1853 οἰ
1706 1790 1955 1872 Λίβυες
2003 1789 2176 1854 ἱστο-

243 1902 482 1978 ροῦσιν
513 1891 1022 1960 ἐπιτελέσασθαι
1048 1895 1341 1981 πράξεις·
1368 1895 1489 1961 τὸν
1519 1891 1593 1961 δὲ
1622 1896 1939 1981 δεύτερόν
1967 1912 2177 1979 φασιν

161 2017 215 2059 15
244 1997 311 2078 ἐξ
350 1997 520 2077 Ἰοῦς
564 2009 680 2084 τῆς
729 1998 996 2086 Ἰνάχου
1040 1999 1164 2067 Διὶ
1206 2005 1574 2088 γενόμενον
1619 2005 2009 2086 βασιλεῦσαι
2054 1998 2176 2087 μὲν

240 2115 357 2191 τῆς
385 2109 758 2192 Αἰγύπτου,
794 2109 1173 2189 καταδεῖξαι
1211 2105 1286 2175 δὲ
1321 2111 1439 2187 τὰς
1472 2111 1757 2186 τελετάς·
1795 2114 2176 2175 τελευταῖον

242 2211 317 2279 δὲ
359 2217 480 2280 τὸν
525 2213 599 2280 ἐκ
642 2217 813 2291 Διὸς
856 2213 967 2280 καὶ
1004 2213 1305 2300 Σεμέλης
1347 2214 1768 2281 τεκνωθέντα
1813 2216 1992 2300 παρὰ
2035 2227 2176 2293 τοῖς

225 2314 502 2405 ’Ἕλλησι
559 2322 856 2405 ζηλωτὴν
909 2319 1231 2405 γενέσθαι
1283 2331 1421 2387 τῶν
1478 2320 1839 2407 προτέρων.
1931 2322 2048 2399 τὰς
2103 2320 2164 2387 δ’
2209 2345 2243 2393 2

243 2426 638 2514 ἀμφοτέρων
663 2427 1085 2515 προαιρέσεις
1121 2428 1582 2512 μιμησάμενον
1619 2437 2015 2512 στρατεῦσαι
2051 2425 2200 2514 μὲν·

162 2548 217 2589 20
246 2530 353 2596 ἐπὶ
407 2542 629 2599 πᾶσαν
682 2536 807 2618 τὴν
863 2533 1294 2619 οἰκουμένην,
1353 2535 1598 2617 στήλας
1653 2531 1713 2598 δ’
1769 2534 1892 2599 οὐκ
1946 2534 2175 2617 ὀλίγας

243 2636 595 2705 ἀπολιπεῖν
653 2651 790 2706 τῶν
850 2641 1030 2728 ὅρων
1086 2649 1205 2725 τῆς
1263 2642 1634 2726 στρατείας·
1687 2639 1802 2705 καὶ
1864 2642 1987 2724 τὴν
2051 2637 2173 2725 μὲν

249 2745 477 2832 χώραν
567 2744 933 2831 ἐξημεροῦν
1023 2757 1167 2824 ταῖς
1258 2750 1565 2832 φυτείαις
1583 2795 1604 2830 ,
1699 2749 2174 2834 στρατιώτιδας

244 2845 306 2915 δ’
342 2837 776 2931 ἐπιλέξασθαι
813 2863 1159 2937 γυναῖκας,
1197 2853 1503 2939 καθάπερ
1538 2850 1650 2918 καὶ
1688 2852 1724 2919 ὁ
1752 2855 2032 2932 παλαιὸς
2056 2856 2174 2931 τὰς

233 2954 615 3043 Ἀμαζόνας.
689 2958 1042 3047 ἐνεργῆσαι
1081 2958 1142 3025 δ’
1179 2957 1287 3026 ἐπὶ
1323 2957 1528 3025 πλέον
1563 2957 1674 3024 καὶ
1709 2961 1792 3025 τὰ
1826 2958 1979 3045 περὶ
2013 2963 2173 3035 τοὺς

160 3079 211 3121 25
240 3063 670 3150 ὀργιασμούς,
714 3064 827 3131 καὶ
871 3067 1133 3143 τελετὰς
1178 3065 1257 3143 ἃς
1302 3062 1423 3149 μὲν
1470 3073 1862 3150 μεταθεῖναι
1893 3066 2061 3148 πρὸς
2095 3065 2170 3129 τὸ

236 3182 565 3257 κρεῖττον,
623 3171 702 3250 ἃς
759 3171 821 3238 δ’
874 3172 1242 3257 ἐπινοῆσαι.
1337 3173 1450 3237 διὰ
1505 3168 1579 3237 δὲ
1624 3171 1700 3236 τὸ
1745 3174 2006 3251 πλῆθος
2049 3177 2170 3233 τοῦ
2209 3189 2240 3236 3

237 3280 492 3364 χρόνου
553 3290 691 3345 τῶν
749 3278 1095 3367 προτέρων
1153 3279 1445 3366 εὑρετῶν
1503 3273 1981 3360 ἀγνοηθέντων
2038 3273 2168 3339 ὑπὸ

383 3477 417 3525 3
453 3472 640 3543 θεῶν]
678 3475 791 3527 τῶν
827 3472 988 3527 θεῶν
1023 3472 1282 3526 Hertlein
1410 3475 1479 3524 23
1518 3466 1583 3523 δὲ
1622 3483 1752 3534 περι
1732 3466 2038 3531 ιδὲξασθαι
2068 3465 2173 3521 CF

234 3540 593 3681 Ξὲρὲιῖὶῦοω.
632 3543 680 3597 D
752 3547 825 3598 26
861 3540 1087 3606 τελετὰς
1125 3536 1221 3613 ἃς]
1258 3536 1529 3603 τελετάς.
1560 3535 1785 3599 καὶτὰς
1813 3536 1862 3589 D
1936 3540 2003 3590 27
2034 3555 2168 3607 προ·
