2569 4061
349 312 482 378 282
1044 310 1354 367 DIODORI
1393 311 1626 368 SICULI

348 479 694 560 βάνοντες,
762 475 1065 559 δρασμοῦ
1123 471 1196 539 δὲ
1250 470 1497 552 παντὸς
1553 477 1918 560 φιλοτίμως
1977 477 2277 560 εἰργόμε-

350 603 484 647 νοι·
560 579 851 664 φυλακαὶ
925 583 1052 667 γὰρ
1123 581 1193 647 ἐκ
1258 593 1680 667 στρατιωτῶν
1743 583 2104 667 βαρβάρων
2166 581 2283 647 καὶ

346 698 488 763 ταῖς
543 686 910 765 διαλέκτοις
976 690 1328 774 διαφόροις
1386 688 1747 774 χρωμένων
1812 688 2279 773 ἐφεστήκασιν),

346 794 512 860 ὥστε
559 794 816 880 μηδένα
863 796 1201 860 δύνασθαι
1249 790 1337 859 δι’
1391 795 1650 879 ὁμιλίας
1694 794 1736 878 ἢ
1785 797 2281 881 φιλανθρώπου

345 903 526 979 τινὸς
580 902 929 981 ἐντεύξεως
989 905 1275 987 φθεῖραί
1323 925 1473 966 τινα
1532 914 1668 967 τῶν
1725 901 2275 966 ἐπιστατούντων.
2309 921 2335 960 5

270 1026 310 1073 4
347 1018 463 1091 τῆς
511 1006 583 1074 δὲ
628 1011 747 1074 τὸν
792 1010 1044 1092 χρυσὸν
1092 1008 1374 1092 ἐχούσης
1416 1017 1539 1092 γῆς
1583 1009 1706 1091 τὴν
1753 1004 1876 1093 μὲν
1914 1009 2277 1093 σκληροτά-

344 1137 469 1197 την
513 1113 674 1200 πυρὶ
719 1107 943 1202 πολλῷ
990 1115 1358 1192 καύσαντες
1413 1112 1525 1179 καὶ
1578 1116 1974 1196 ποιήσαντες
2019 1114 2279 1199 χαύνην

344 1223 760 1306 προσάγουσι
814 1221 939 1303 τὴν
985 1221 1097 1285 διὰ
1153 1232 1290 1286 τῶν
1335 1232 1577 1307 χειρῶν
1622 1224 2091 1306 κατεργασίαν·
2152 1222 2277 1304 τὴν

346 1323 419 1390 δὲ
477 1325 833 1410 ἀνειμένην
877 1327 1126 1412 πέτραν
1182 1326 1295 1393 καὶ
1349 1332 1590 1416 μετρίῳ
1647 1330 1831 1415 πόνῳ
1890 1326 2275 1412 δυναμένην

342 1433 640 1497 ὑπείκειν
705 1438 1037 1522 λατομικῷ
1113 1436 1367 1523 σιδήρῳ
1440 1443 1892 1500 καταπονοῦσι
1957 1435 2275 1519 μυριάδες
2306 1454 2358 1492 10

270 1556 305 1604 5
346 1538 819 1624 ἀκληρούντων
884 1539 1280 1625 ἀνθρώπων.
1372 1539 1484 1606 καὶ
1547 1550 1662 1624 τῆς
1719 1538 1841 1626 μὲν
1897 1542 2056 1625 ὅλης
2109 1564 2272 1627 πρα-

339 1648 649 1729 γματείας
688 1647 723 1711 ὁ
761 1648 880 1712 τὸν
918 1649 1120 1712 λίθον
1156 1649 1520 1732 διακρίνων
1547 1650 1844 1731 τεχνίτης
1878 1654 2272 1731 καθηγεῖται

340 1750 451 1816 καὶ
514 1764 655 1829 τοῖς
719 1752 1180 1839 ἐργαζομένοις
1241 1754 1707 1818 ὑποδείκνυσι·
1773 1765 1907 1819 τῶν
1965 1751 2040 1819 δὲ
2102 1757 2272 1837 πρὸς

339 1859 461 1941 τὴν
509 1859 786 1945 ἀτυχίαν
832 1861 1082 1943 ταύτην
1119 1859 1660 1944 ἀποδειχθέντων
1698 1861 1770 1925 οἱ
1809 1856 1932 1944 μὲν
1969 1862 2267 1943 σώματος

341 1965 527 2052 ῥώμῃ
577 1965 1007 2052 διαφέροντες
1044 1969 1270 2030 τυπίσι
1309 1968 1614 2052 σιδηραῖς
1658 1967 1782 2051 τὴν
1827 1969 2265 2053 μαρμαρίζου-
2299 1987 2356 2027 15

340 2089 467 2138 σαν
512 2072 759 2157 πέτραν
804 2077 1189 2156 κόπτουσιν,
1238 2073 1322 2139 οὐ
1358 2071 1598 2158 τέχνην
1633 2084 1774 2151 τοῖς
1815 2076 2053 2159 ἔργοις,
2101 2073 2268 2139 ἀλλά

337 2183 495 2263 βίαν
539 2182 1009 2266 προσάγοντες,
1055 2181 1440 2265 ὑπονόμους
1488 2177 1561 2244 δὲ
1611 2181 2097 2262 διακόπτοντες,
2144 2181 2269 2245 οὐκ

340 2283 439 2352 ἐπ’
495 2288 794 2371 εὐθείας,
861 2287 1004 2353 ἀλλ’
1060 2289 1148 2364 ὡς
1212 2287 1297 2352 ἂν
1352 2287 1393 2371 ἡ
1451 2287 1770 2371 διάφυσις
1830 2278 1872 2372 ᾖ
1927 2296 2042 2371 τῆς
2106 2287 2266 2352 ἀπο-

266 2412 300 2459 6
340 2394 736 2478 στιλβούσης
781 2394 1037 2480 πέτρας.
1123 2390 1309 2458 οὗτοι
1357 2389 1479 2477 μὲν
1521 2387 1646 2458 οὖν
1695 2395 1806 2457 διὰ
1851 2395 1967 2470 τὰς
2013 2393 2085 2459 ἐν
2123 2404 2267 2470 ταῖς

339 2500 613 2584 διώρυξι
668 2502 925 2584 καμπὰς
979 2497 1088 2565 καὶ
1145 2502 1573 2585 σκολιότητας
1629 2499 1702 2565 ἐν
1750 2502 1968 2565 σκότει
2016 2501 2264 2586 διατρί-
2293 2521 2349 2559 20

334 2607 566 2687 βοντες
594 2606 881 2688 λύχνους
910 2603 1016 2670 ἐπὶ
1042 2616 1177 2669 τῶν
1207 2606 1527 2689 μετώπων
1555 2604 2264 2692 πεπραγματευμένους

334 2709 796 2808 περιφέρουσι·
834 2717 1180 2796 πολλαχῶς
1218 2709 1294 2777 δὲ
1321 2715 1486 2798 πρὸς
1521 2715 1638 2790 τὰς
1669 2722 1783 2797 τῆς
1817 2712 2058 2799 πέτρας
2099 2715 2263 2779 ἰδιό-

335 2841 532 2900 τητας
577 2822 1243 2903 μετασχηματίζοντες
1288 2821 1368 2885 τὰ
1416 2821 1684 2904 σώματα
1730 2821 2262 2904 καταβάλλουσιν

215 2955 218 2956 ’
336 2926 430 3002 εἰς
494 2926 744 3010 ἔδαφος
796 2928 877 2990 τὰ
930 2929 1393 3012 λατομούμενα
1445 2927 1828 3012 θραύματα·
1892 2925 2004 2992 καὶ
2061 2936 2259 2992 τοῦτο

335 3032 769 3110 ἀδιαλείπτως
806 3031 1155 3119 ἐνεργοῦσι
1191 3036 1358 3120 πρὸς
1385 3033 1736 3099 ἐπιστάτου
1774 3034 2111 3128 βαρύτητα
2147 3032 2260 3098 καὶ
2289 3052 2344 3092 25

233 3138 313 3201 13
335 3140 603 3223 πληγάς.
698 3140 769 3205 oc
811 3137 885 3205 δὲ
930 3141 1172 3224 ἄνηβοι
1217 3142 1451 3216 παῖδες
1495 3141 1916 3223 εἰσδυόμενοι
1966 3141 2078 3204 διὰ
2122 3149 2258 3204 τῶν

330 3244 693 3328 ὑπονόμων
749 3248 843 3322 εἰς
895 3248 975 3309 τά
1033 3244 1481 3331 κεκοιλωμένα
1526 3256 1641 3329 τῆς
1684 3244 1926 3331 πέτρας
1973 3245 2259 3330 ἀναβάλ-
2324 3241 2335 3244 ’

330 3353 567 3414 λουσιν
640 3351 968 3426 ἐπιπόνως
1049 3353 1171 3434 τὴν
1246 3351 1695 3438 ῥιπτουμένην
1767 3354 1933 3418 κατὰ
2015 3354 2256 3438 μικρὸν

473 3507 505 3551 3
544 3503 832 3571 διαφόρως
869 3505 1027 3574 libri,
1081 3523 1219 3563 corr.
1266 3507 1431 3560 Dind.
1613 3513 1681 3561 20
1737 3507 1836 3561 καὶ
1891 3507 2255 3579 σκολιότητας

332 3578 437 3616 om.
467 3568 548 3631 M;
590 3572 659 3626 cf.
687 3575 1029 3641 Agatharch.
1059 3579 1211 3645 apud
1238 3577 1504 3632 Photium
1540 3583 1609 3631 25
1648 3578 1756 3646 (ed.
1787 3578 1843 3631 C.
1883 3578 2132 3649 Miiller).
