2569 4061
1018 330 1098 385 111
1134 338 1221 387 43.
1251 337 1339 388 44.
2038 334 2168 400 333

228 497 515 580 Ἴσιδος,
579 497 827 581 ἔρημον
891 488 1133 578 οὖσαν,
1199 499 1503 560 παλαιῶν
1568 493 1628 560 δ’
1701 499 1931 563 οἰκιῶν
1995 498 2170 581 ἔχειν

245 603 514 679 λιθίνας
548 601 983 685 ὑποστάθμας
1027 597 1140 666 καὶ
1186 603 1429 684 στήλας
1472 600 1809 687 γράμμασι
1853 605 2172 689 βαρβαρι·

245 717 391 785 κοῖς
423 705 936 794 κεχαραγμένας·
983 705 1230 791 ὁμοίως
1257 703 1333 772 δὲ
1360 703 1473 772 καὶ
1500 707 1615 783 τὰς
1650 708 1851 784 ἄλλας
1881 708 2168 793 ἐρήμους

246 814 591 901 ὑπάρχειν·
649 814 865 891 πάσας
919 807 981 878 δ’
1029 812 1283 891 ἐλαίαις
1328 820 1961 897 καταπεφυτεῦσθαι
2027 816 2169 880 δια-

192 937 220 977 5
251 923 486 1007 φόροις
530 931 670 986 τῶν
715 920 882 1007 παρ’
920 919 1097 1004 ἡμῖν.
1172 920 1337 1003 μετὰ
1383 915 1458 984 δὲ
1493 920 1611 996 τὰς
1646 922 1896 1003 νήσους
1931 920 2174 997 ταύτας
2209 942 2243 990 4

247 1028 546 1109 αἰγιαλὸς
592 1029 876 1113 παρήκει
921 1025 1320 1111 κρημνώδης
1354 1022 1465 1091 καὶ
1502 1026 2021 1113 δυσπαράπλους
2067 1023 2174 1090 ἐπὶ

247 1134 561 1210 σταδίους
618 1132 707 1209 ὡς
757 1133 1041 1217 χιλίους·
1103 1131 1261 1196 οὔτε
1316 1133 1445 1218 γὰρ
1500 1133 1700 1217 λιμὴν
1756 1133 1910 1198 οὔτε
1969 1132 2170 1208 σάλος

244 1233 347 1305 ἐπ’
419 1238 715 1324 ἀγκύρας
786 1238 1127 1302 ὑπόκειται
1198 1247 1339 1315 τοῖς
1410 1240 1782 1321 ναυτίλοις,
1856 1238 1940 1303 οὐ
2003 1237 2171 1323 χηλὴ

247 1343 587 1429 δυναμένη
663 1353 803 1420 τοῖς
875 1341 1361 1429 ἀπορουμένοις
1431 1355 1567 1410 τῶν
1637 1348 1977 1411 πλεόντων
2047 1345 2172 1430 τὴν

161 1469 219 1509 10
247 1450 615 1533 ἀναγκαίαν
668 1449 1003 1514 ὑπόδυσιν
1069 1448 1549 1535 παρασχέσθαι.
1642 1453 1799 1538 ὅρος
1844 1448 1920 1517 δὲ
1965 1452 2172 1537 ταύτῃ

245 1556 636 1642 παράκειται
679 1555 844 1620 κατὰ
899 1551 1022 1639 μὲν
1069 1555 1244 1638 [τὴν]
1294 1558 1604 1641 κορυφὴν
1647 1555 1889 1644 πέτρας
1935 1557 2172 1623 ἀποτο-

249 1662 463 1746 μάδας
508 1663 665 1746 ἔχον
708 1659 819 1727 καὶ
862 1671 1002 1738 τοῖς
1047 1661 1250 1739 ὕψεσι
1301 1663 1854 1745 καταπληκτικάς,
1910 1662 2041 1728 ὑπὸ
2099 1658 2173 1727 δὲ

245 1768 363 1845 τὰς
408 1767 589 1853 ῥίζας
635 1768 960 1844 σπιλάδας
1004 1767 1219 1847 ὀξείας
1266 1767 1382 1834 καὶ
1425 1769 1682 1845 πυκνὰς
1727 1767 2175 1845 ἐνθαλάττους

245 1871 357 1939 καὶ
414 1876 695 1939 κατόπιν
754 1873 976 1939 αὐτῶν
1037 1874 1388 1960 φάραγγας
1444 1871 2001 1961 ὑποβεβρωμένας
2061 1872 2174 1939 καὶ

166 1996 219 2040 15
246 1980 533 2058 σκολιάς.
633 1978 1178 2067 συντετρημένων
1241 1978 1304 2046 δ’
1358 1980 1579 2047 αὐτῶν
1638 1981 1804 2069 πρὸς
1865 1980 2173 2065 ἀλλήλας,
2213 2001 2246 2051 5

246 2086 358 2152 καὶ
411 2097 526 2172 τῆς
581 2088 915 2172 θαλάττης
973 2087 1191 2171 βάθος
1247 2086 1555 2172 ἐχούσης,
1612 2087 1649 2153 ὁ
1703 2088 1971 2153 κλύδων
2016 2084 2176 2154 ποτὲ

247 2190 370 2278 μὲν
414 2195 802 2276 εἰσπίπτων,
847 2190 1007 2258 ποτὲ
1054 2190 1129 2258 δὲ
1174 2198 1600 2260 παλισσυτῶν
1646 2197 1875 2282 βρόμφ
1912 2196 2172 2284 μεγάλῳ

245 2302 712 2387 παραπλήσιον
755 2294 924 2384 ἦχον
970 2299 1195 2384 ἐξίησι.
1268 2309 1392 2365 τοῦ
1439 2297 1514 2366 δὲ
1559 2300 1903 2377 κλύδωνος
1937 2303 2013 2367 τὸ
2051 2298 2175 2386 μὲν

247 2407 414 2491 πρὸς
486 2406 773 2490 μεγάλας
843 2405 1084 2493 πέτρας
1155 2409 1783 2494 προσαραττόμενον
1847 2409 1941 2485 εἰς
2003 2408 2176 2487 ὕψος

170 2529 223 2569 20
251 2510 508 2576 ἵσταται
542 2509 652 2576 καὶ
687 2512 804 2576 τὸν
851 2512 1072 2597 ἀφρὸν
1114 2514 1511 2597 θαυμαστὸν
1555 2513 1632 2577 τὸ
1677 2517 1938 2597 πλῆθος
1981 2537 2177 2579 κατα-

144 2637 248 2688 212
269 2617 595 2700 σκευάζει,
640 2619 716 2683 τὸ
764 2615 839 2683 δὲ
883 2621 1411 2704 καταπινόμενον
1455 2620 1824 2704 κοιλώμασι
1868 2625 2176 2707 σπασμὸν

246 2725 775 2807 καταπληκτικὸν
827 2722 1129 2810 παρέχει,
1187 2725 1354 2792 ὥστε
1407 2729 1564 2804 τοὺς
1619 2726 1947 2806 ἀκουσίως
2001 2729 2175 2813 ἐγγί-

249 2846 493 2907 σαντας
550 2840 692 2906 τοῖς
736 2832 964 2906 τόποις
1010 2832 1123 2895 διὰ
1167 2832 1242 2896 τὸ
1291 2831 1445 2909 δέος
1491 2830 1701 2898 οἱονεὶ
1743 2838 2176 2920 προαποθνή-

249 2952 448 3002 σκειν.
522 2936 772 3020 ταύτην
808 2933 930 3021 μὲν
967 2932 1093 3002 οὖν
1137 2939 1260 3022 τὴν
1306 2940 1634 3025 παράλιον
1679 2942 1949 3025 ἔχουσιν
1978 2940 2176 3027 ’Ἀρα-
2215 2958 2247 3006 6

170 3059 221 3100 25
247 3045 360 3126 βες
407 3043 478 3107 οἰ
516 3043 917 3127 καλούμενοι
966 3045 1421 3129 Θαμουδηνοί·
1487 3047 1610 3130 τὴν
1657 3040 1719 3110 δ’
1772 3045 1918 3130 ἑξῆς
1963 3043 2177 3128 έπέχει

387 3230 403 3251 e
429 3170 457 3218 1
499 3161 619 3234 ἔχει
653 3165 808 3234 vulg.
896 3230 913 3252 ‚
962 3171 998 3219 4
1034 3166 1600 3254 καταπεπυκνοξσθμι
1636 3166 1689 3220 Π
1760 3236 1771 3247 ·
1833 3173 1866 3221 6
1901 3164 2174 3250 παρήκει]

247 3253 593 3360 παραίῧῗωι
621 3235 671 3289 D
695 3311 761 3361 13
784 3236 1484 3378 gssssssssfflssvffitssfffssg‘
1513 3242 1626 3362 {1213
1648 3237 2175 3367 οἷὼοῖῖιιεέὶέηέ

250 3321 496 3447 ῗὲὶπρός
563 3376 644 3440 εἰς
680 3378 735 3431 Π
894 3383 961 3432 18
998 3375 1310 3447 κλύδωνος]
1347 3329 1597 3447 κγύματος
1630 3348 1693 3458 .ΙΙ.
1741 3350 1783 3457 ’·
1834 3382 1899 3432 19
1939 3371 2175 3446 ἀραττό-

249 3466 423 3518 μενον
500 3449 562 3502 F
659 3454 728 3503 21
766 3445 1076 3521 κοιλώμασι
1113 3448 1329 3517 Wurm,
1368 3451 1617 3519 κοίλωμα
1652 3447 1790 3500 hbn
1897 3453 1965 3501 22
2003 3464 2175 3500 κατα-

246 3515 556 3644 ἒτλητὲτιῧὸν
595 3517 833 3591 παρέχει
860 3518 927 3588 D,
966 3526 1131 3575 ποιεῖ
1155 3516 1613 3588 καταπληκτικόν
1643 3518 1696 3571 Π
1842 3523 1910 3572 25
1952 3518 2176 3587 Θαμου-

286 3608 373 3644 ινο
490 3632 503 3644 .
