2569 4061
1029 284 1106 340 1V
1146 289 1230 341 59.
1272 289 1355 339 60.
2010 283 2141 348 491

210 451 510 524 πολλοὺς
538 447 944 531 ἀνθρώπους
971 445 1406 532 ἀναιροῦσαν,
1428 443 1823 514 ἀπέκτεινεν.
1871 447 2143 514 ἐκόλασε

215 551 296 620 δὲ
344 552 454 620 καὶ
499 556 850 639 Σκείρωνα
893 553 1013 618 τὸν
1068 555 1384 619 οἰκοῦντα
1437 561 1552 636 τῆς
1595 556 1983 640 Μεγαρίδος
2028 555 2144 632 τὰς

213 658 709 746 ὀνομαζομένας
735 655 845 725 ἀπ’
871 659 1132 726 ἐκείνου
1152 659 1609 745 Σκειρωνίδας
1634 656 1897 745 πέτρας·
1947 655 2144 739 οὗτος

213 768 349 853 γὰρ
405 768 633 833 εἰώθει
677 770 835 844 τοὺς
889 768 1250 851 παριόντας
1306 765 1697 849 ἀναγκάζειν
1752 762 2141 833 ἀπονίπτειν

149 895 184 937 5
215 871 461 940 ἑαυτὸν
506 873 621 941 ἐπί
648 897 832 951 τινος
877 873 1311 958 ἀποκρήμνου
1350 874 1592 955 τόπου,
1638 872 2024 956 λακτίσματι
2072 870 2133 938 δ’

212 982 411 1065 ἄφνω
476 982 742 1047 τύπτων
803 979 1175 1065 περιεκύλιε
1239 979 1405 1043 κατὰ
1467 989 1604 1044 τῶν
1666 990 1981 1065 κρημνῶν
2047 980 2141 1057 εἰς

207 1089 559 1153 θάλατταν
604 1087 769 1152 κατὰ
812 1085 936 1169 τὴν
984 1084 1480 1171 ὀνομαζομένην
1519 1085 1853 1170 Χελώνην.
1919 1084 2139 1152 ἀνεῖλε
2176 1112 2209 1162 5

211 1190 291 1259 δὲ
348 1191 460 1260 καὶ
524 1189 677 1278 περὶ
740 1192 864 1276 τὴν
904 1189 1250 1258 Ἐλευσῖνα
1308 1195 1662 1276 Κερκυόνα
1723 1193 1844 1258 τὸν
1904 1194 2141 1259 διαπα-
2207 1198 2211 1201 ”

209 1303 488 1379 λαίοντα
532 1310 674 1375 τοῖς
716 1307 1035 1386 παριοῦσι
1088 1296 1199 1364 καὶ
1242 1299 1364 1364 τὸν
1406 1298 1778 1384 ἡττηθέντα
1826 1300 2138 1384 διαφθεί-

117 1430 178 1470 10
211 1429 439 1491 ροντα.
523 1404 683 1488 μετὰ
731 1400 804 1470 δὲ
848 1413 1053 1470 ταῦτα
1099 1405 1219 1469 τὸν
1265 1404 1756 1489 ὀνομαζόμενον
1787 1408 2136 1493 Προκρού-

212 1528 381 1595 στην
448 1509 818 1595 ἀπέκτεινε,
888 1512 1008 1576 τὸν
1093 1512 1408 1577 οἰκοῦντα
1488 1511 1564 1576 ἐν
1634 1521 1725 1599 τῷ
1800 1512 2134 1602 λεγομένω

208 1618 629 1706 Κορυδαλλῷ
674 1625 791 1701 τῆς
829 1614 1144 1701 Ἀττικῆς·
1202 1611 1398 1694 οὗτος
1445 1613 1519 1683 δὲ
1571 1620 1732 1695 τοὺς
1775 1622 2135 1702 παριόντας

209 1723 614 1811 ὁδοιπόρους
657 1723 1023 1807 ἠνάγκαζεν
1069 1722 1181 1789 ἐπί
1219 1746 1402 1800 τινος
1446 1725 1675 1807 κλίνης
1720 1721 2132 1808 ἀναπίπτειν,

207 1828 319 1896 καὶ
366 1842 503 1897 τῶν
557 1833 676 1916 μὲν
720 1828 1148 1918 μακροτέρων
1203 1831 1283 1896 τὰ
1329 1827 1736 1916 ὑπερέχοντα
1789 1828 1954 1917 μέρη
2010 1839 2133 1896 τοῦ

125 1959 180 2000 15
208 1940 511 2024 σώματος
575 1937 928 2021 ἀπέκοπτε,
984 1947 1119 2002 τῶν
1174 1931 1236 2002 δ’
1284 1936 1656 2004 ἐλαττόνων
1712 1939 1870 2015 τοὺς
1923 1938 2133 2014 πόδας

212 2044 648 2129 προέκρουεν,
727 2039 846 2131 ἀφ’
898 2039 1106 2131 οὗπερ
1191 2045 1670 2131 Προκρούστης
1743 2044 2129 2130 ὠνομάσθη.

209 2153 640 2239 κατορθώσας
686 2148 761 2219 δὲ
804 2154 886 2218 τὰ
930 2150 1376 2239 προειρημένα
1422 2154 1831 2235 κατήντησεν
1878 2153 1972 2229 εἰς
2015 2153 2132 2230 τὰς
2169 2177 2202 2226 6

104 2281 211 2332 304
224 2253 532 2341 Ἀθήνας,
576 2257 687 2325 καὶ
723 2260 843 2325 τὸν
878 2258 1091 2342 Αἰγέα
1130 2259 1240 2324 διὰ
1277 2269 1412 2323 τῶν
1449 2260 1806 2343 συμβόλων
1843 2258 2131 2342 ἀνεγνώ-

213 2379 374 2448 ρισε.
439 2367 600 2449 μετὰ
647 2362 720 2432 δὲ
764 2376 973 2432 ταῦτα
1018 2367 1137 2432 τὸν
1182 2364 1257 2431 ἐν
1303 2370 1685 2452 Μαραθῶνι
1730 2374 2002 2452 ταῦρον,
2050 2366 2131 2431 ὃν

132 2466 535 2556 20“Ηρακλῆς
596 2476 804 2537 τελῶν
876 2468 1095 2538 ἆθλον
1159 2470 1232 2537 ἐκ
1293 2474 1563 2558 Κρήτης
1633 2471 1972 2556 ἀπήγαγεν
2034 2474 2131 2550 εἰς

212 2575 767 2663 Πελοπόννησονζ,
813 2576 1215 2662 συμπλακεὶς
1260 2576 1372 2644 καὶ
1416 2580 1745 2664 κρατήσας
1789 2588 1910 2645 τοῦ
1958 2576 2130 2668 ζῴου

208 2682 548 2766 ἀπήγαγεν
593 2685 690 2760 εἰς
731 2685 850 2761 τὰς
879 2678 1192 2769 Ἀθήνας·
1237 2692 1481 2751 τοῦτον
1529 2681 1593 2750 δ’
1629 2686 1877 2768 Αἰγεὺς
1918 2707 2128 2773 παρα-

207 2791 429 2875 λαβὼν
475 2793 725 2857 ἔθυσεν
764 2788 1147 2858 Ἀπόλλωνι.

380 2901 697 2964 Λείπεται
743 2893 806 2965 δ’
838 2898 1002 2983 ἡμῖν
1048 2900 1259 2964 εἰπεῖν
1304 2895 1456 2985 περὶ
1501 2900 1959 2985 Μινωταύρου
2002 2909 2125 2965 τοῦ
2147 2901 2235 2965 60

131 3023 183 3066 25
210 3002 678 3091 ἀναιρεθέντος
733 3004 866 3071 ὑπὸ
924 3003 1224 3089 Θησέως,
1287 3004 1399 3070 ἵνα
1458 3004 1957 3090 συντελέσωμεν
2009 3006 2127 3082 τὰς

205 3119 321 3176 τοῦ
366 3110 636 3197 Θησέως
689 3112 976 3199 πράξεις.
1066 3110 1434 3194 ἀναγκαῖον
1481 3109 1544 3176 δ’
1598 3109 1736 3177 ἐστὶ
1789 3126 2126 3195 προσανα-

377 3346 410 3394 3
457 3335 563 3394 ἀπ’
606 3336 832 3396 ἐκείνου
878 3357 988 3395 om.
1029 3338 1136 3395 OF
1312 3340 1648 3409 σκιρωνίδας
1684 3336 1754 3405 ΙΙ,
1810 3340 2123 3406 σκιρωνίτι-

204 3411 303 3473 δας
338 3410 388 3464 D
560 3418 596 3466 4
632 3408 766 3483 γὰρ]
804 3406 863 3465 δ’
902 3410 956 3464 Π
1130 3416 1198 3465 14
1231 3407 1549 3480 προέχοντα
1586 3409 1639 3462 lI
1811 3414 1878 3463 16
1917 3401 2122 3480 οὗπερ]

205 3473 267 3535 οὗ
318 3481 532 3537 conicio
714 3488 783 3537 22
831 3478 1154 3553 κατήγαγεν
1202 3480 1255 3535 11
1435 3486 1505 3535 25
1543 3481 1640 3535 ἵνα
1680 3523 1691 3535 .
1733 3521 1745 3534 .
1786 3522 1797 3535 .
1838 3521 1852 3535 .
1891 3476 2125 3550 πράξεις

206 3568 308 3609 om.
345 3551 409 3607 11„
