2569 4061
352 254 485 337 304
1017 248 1325 306 DIODORI
1361 247 1593 305 s1cUL1

285 439 318 487 3
356 440 508 499 τον,
566 415 841 498 διχήλου
895 421 1011 496 τῆς
1077 414 1333 494 βάσεως
1386 411 1606 495 οὔσης.
1696 419 1895 477 τοῦτο
1958 409 2281 478 πέτεσθαι

355 522 478 608 μὲν
532 517 864 621 μετέωρον
909 519 992 585 οὐ
1038 520 1321 584 δύναται
1375 519 1488 583 διὰ
1531 519 1606 582 τὸ
1662 518 1897 602 βάρος,
1942 516 2160 603 τρέχει
2206 515 2281 583 δὲ

354 629 624 694 πάντων
663 626 1023 709 ὠκύτατον,
1071 625 1310 710 μικρὸν
1355 626 1585 711 ἄκροις
1620 635 1761 702 τοῖς
1803 623 1964 690 ποσὶ
2009 633 2124 708 τῆς
2159 634 2282 709 γῆς

354 733 712 811 ἐπιψαῦον·
750 735 1033 819 μάλιστα
1062 728 1124 797 δ’
1163 732 1324 798 ὅταν
1349 728 1490 796 κατ’
1528 730 1780 816 ἀνέμου
1805 733 2017 809 πνοὰς
2055 731 2280 818 ἐξαίρῃ

355 843 471 919 τὰς
524 840 881 926 πτέρυγας,
925 839 1236 921 ὑπεξάγει
1287 841 1660 922 καθαπερεί
1705 860 1806 915 τις
1857 846 2023 915 ναῦς
2080 839 2281 903 ίστιο-
2310 853 2335 894 5

359 949 728 1031 δρομοῦσα·
792 948 951 1021 τοὺς
1015 942 1090 1009 δὲ
1154 945 1518 1021 διώκοντας
1591 944 1908 1028 ἀμύνεται
1973 945 2084 1008 διὰ
2146 955 2280 1009 τῶν

357 1055 587 1119 ποδῶν
634 1053 1163 1136 ἀποσφενδονῶν
1215 1050 1606 1135 παραδόξως
1649 1053 1889 1128 λίθους
1935 1055 2282 1135 χειροπλη-

287 1184 322 1231 4
359 1163 646 1236 θιαίους.
738 1158 901 1223 ὅταν
956 1156 1018 1222 δ’
1072 1157 1146 1223 ἐν
1191 1161 1473 1245 νηνεμία
1519 1159 1866 1242 διώκηται,
1911 1161 2077 1242 ταχὺ
2124 1173 2282 1223 συν-

360 1268 699 1350 ιδρουσῶν
753 1275 888 1329 τῶν
941 1266 1290 1349 πτερύγων
1347 1264 1668 1330 ἀδυνατεῖ
1714 1267 2096 1350 χρήσασθαι
2142 1274 2285 1342 τοῖς

360 1379 477 1454 τῆς
524 1372 789 1455 φύσεως
833 1374 1306 1458 προτερήμασι,
1351 1370 1463 1437 καὶ
1500 1371 1746 1458 ῥᾳδίως
1785 1374 2284 1455 καταλαμβανό-
2315 1387 2368 1426 10

291 1501 323 1548 5
361 1502 567 1563 μενον
622 1478 972 1544 ἁλίσκεται.
1061 1479 1320 1544 τούτων
1368 1474 1442 1544 δὲ
1495 1489 1633 1544 τῶν
1680 1474 1861 1566 ζῴων
1917 1478 2285 1562 ἀμυθήτων

363 1586 581 1652 ὄντων
643 1594 735 1674 τῷ
800 1589 1046 1670 πλήθει
1102 1586 1268 1651 κατὰ
1329 1587 1454 1668 τὴν
1516 1586 1771 1671 χώραν,
1834 1585 1905 1650 οἱ
1956 1586 2286 1671 βάρβαροι

361 1692 787 1769 παντοδαπὰς
859 1695 1152 1777 μηχανὰς
1223 1691 1569 1758 ἐπινοοῦσι
1648 1688 1788 1757 κατ’
1870 1691 2090 1756 αὐτῶν
2169 1699 2287 1774 τῆς

361 1802 604 1886 θήρας·
670 1799 917 1886 ῥᾳδίως
980 1796 1055 1864 δὲ
1119 1803 1385 1864 πολλῶν
1449 1797 1904 1881 ἁλισκομένων
1961 1807 2102 1872 ταῖς
2158 1793 2285 1879 μὲν

365 1905 557 1992 σαρξὶ
592 1916 879 1992 χρῶνται
914 1906 1081 1993 πρὸς
1116 1907 1511 1991 διατροφήν,
1557 1915 1702 1982 ταῖς
1741 1901 1814 1971 δὲ
1857 1905 2081 1988 δοραῖς
2113 1902 2284 1987 πρὸς
2315 1918 2371 1958 15

295 2034 326 2080 6
366 2011 617 2096 ἐσθῆτα
662 2010 775 2078 καὶ
820 2014 1191 2100 στρωμνήν.
1280 2012 1411 2078 ὑπὸ
1461 2008 1537 2078 δὲ
1584 2023 1719 2078 τῶν
1765 2015 1998 2097 Σιμῶν
2043 2008 2286 2095 ὀνομα-

366 2118 658 2204 ζομένων
723 2121 1081 2185 Αὐθιόπων
1153 2120 1638 2204 πολεμούμενοι
1702 2117 2289 2183 διακινδυνεύουσι

363 2229 531 2313 πρὸς
583 2230 740 2304 τοὺς
786 2225 1320 2311 ἐπιτιθεμένους,
1367 2227 1596 2302 ὅπλοις
1647 2225 2075 2312 ἀμυντηρίοις
2118 2223 2288 2309 χρώ-

365 2357 557 2418 μενοι
593 2342 734 2409 τοῖς
769 2343 904 2398 τῶν
941 2332 1208 2418 ὀρύγων
1242 2331 1498 2419 κέρασι·
1535 2340 1741 2397 ταῦτα
1779 2328 1853 2397 δὲ
1890 2332 2141 2416 μεγάλα
2176 2327 2289 2395 καὶ

364 2441 640 2523 τμητικὰ
692 2444 1079 2504 καθεστῶτα
1124 2440 1420 2523 μεγάλην
1472 2437 1820 2525 παρέχεται
1874 2440 2130 2524 χρείαν,
2177 2437 2287 2502 δα·
2315 2450 2369 2491 2⁰

365 2546 624 2620 ψιλείας
669 2544 875 2627 οὔσης
918 2546 1083 2609 κατὰ
1127 2545 1250 2628 τὴν
1296 2545 1520 2630 χώραν
1556 2546 1668 2609 διὰ
1712 2547 1787 2610 τὸ
1833 2549 2093 2629 πλῆθος
2136 2553 2272 2607 τῶν
2293 2558 2396 2609 195

367 2647 656 2731 ἐχόντων
702 2649 868 2713 αὐτὰ
916 2646 1114 2736 ζςόων.

261 2755 344 2820 29
546 2758 778 2840 Βραχὺ
808 2752 883 2820 δὲ
919 2756 1177 2822 τούτων
1206 2756 1558 2842 ἀπέχοντες
1578 2752 2049 2841 Ἀκριδοφάγοι
2074 2778 2289 2822 κατοι-

369 2869 564 2926 κοῦσι
618 2862 699 2925 τὰ
746 2863 1179 2948 συνορίζοντα
1231 2864 1399 2949 πρὸς
1442 2863 1567 2945 τὴν
1611 2864 1890 2948 ἔρημον,
1937 2862 2291 2947 ἄνθρωποι
2360 2932 2365 2938 ,

373 2970 752 3054 μικρότεροι
806 2963 928 3052 μὲν
971 2978 1107 3033 τῶν
1161 2970 1411 3052 ἄλλων,
1462 2966 1677 3052 ἰσχνοὶ
1734 2964 1809 3034 δὲ
1851 2975 1991 3044 τοῖς
2046 2969 2290 3051 ὄγκοις,
2320 2984 2373 3025 25

371 3074 648 3159 μέλανες
696 3071 769 3140 δὲ
813 3069 971 3141 καθ’
1004 3074 1401 3161 ὑπερβολήν.
1475 3076 1640 3140 κατὰ
1684 3076 1811 3160 γὰρ
1857 3074 1981 3158 τὴν
2014 3073 2293 3160 ἐαρινὴν

371 3184 554 3266 ὥραν
609 3179 763 3265 παρ’
818 3181 1041 3256 αὐτοῖς
1108 3180 1381 3267 ζέφυροι
1443 3178 1551 3245 καὶ
1614 3183 1795 3264 λίβες
1846 3179 2293 3264 παμμεγέθεις

512 3375 547 3422 4
600 3372 781 3439 πνοῆς
819 3370 868 3424 D
1016 3378 1045 3424 7
1103 3366 1596 3440 ἀποσφενδονῶσα
1644 3372 1890 3439 codicem
1930 3388 2067 3428 corr.
2108 3373 2291 3427 Wese,

371 3440 716 3503 πληθιαίους
759 3443 809 3494 D
957 3447 1022 3494 19
1071 3436 1293 3511 ὀρύγων
1344 3442 1406 3495 F
1453 3444 1512 3494 et
1558 3442 1763 3511 Agath.
1814 3441 1910 3513 57]
1958 3437 2184 3513 ὅνύχων
2232 3442 2292 3503 C.

374 3499 595 3569 ᾆύγχων
633 3508 681 3558 D
718 3510 812 3577 (cf.
848 3510 901 3562 II
938 3515 1023 3578 50,
1062 3513 1133 3576 4).
