2569 4061
375 260 511 325 230
1037 258 1349 314 DIODORI
1386 258 1622 315 SICULI

371 433 523 501 ποῖς
582 424 653 488 οί
705 422 870 486 κατὰ
923 422 1046 504 τὴν
1085 419 1376 506 Ἰνδικὴν
1431 418 1974 504 ἐπιτυγχάνουσι,
2031 418 2309 484 πάντων

373 529 478 612 δέ,
542 527 1175 615 τελεσφορουμένων
1242 526 1537 614 θατέρου
1604 537 1739 592 τῶν
1806 534 2110 612 καρπῶν,
2175 524 2305 590 οὐκ

300 659 336 705 5
374 634 971 719 ἀποτυγχάνουσιν.
1064 634 1136 699 οἵ
1182 657 1251 699 τε
1308 634 1851 718 αὐτοματίζοντες
1902 629 2144 717 καρποὶ
2188 629 2304 695 καὶ

368 740 444 804 αί
491 742 655 806 κατὰ
715 745 873 818 τοὺς
929 739 1198 817 ἑλώδεις
1249 743 1497 817 τόπους
1553 742 1885 825 φυόμεναι
1938 738 2111 824 ῥίζαι
2158 738 2302 801 διά-

369 870 570 933 φοροι
636 858 780 925 ταῖς
843 846 1252 929 γλυκύτησιν
1317 840 1515 911 οὖσαι
1577 846 1835 929 πολλὴν
1899 843 2299 931 παρέχονται
2331 862 2362 903 5

366 964 506 1031 τοῖς
570 953 958 1039 ἀνθρώποις
1018 952 1396 1029 δαψίλειαν·
1454 952 1671 1017 πάντα
1730 953 1857 1037 γὰρ
1918 951 2161 1035 σχεδὸν
2217 951 2300 1014 τὰ

367 1060 532 1125 κατὰ
578 1058 701 1141 τὴν
746 1059 971 1143 χώραν
1024 1059 1221 1123 πεδία
1266 1062 1583 1140 γλυκεῖαν
1634 1059 1766 1142 ἔχει
1811 1058 1935 1140 τὴν
1991 1055 2118 1121 ἀπὸ
2164 1066 2301 1120 τῶν

366 1174 681 1248 ποταμῶν
737 1163 982 1246 ἰκμάδα
1026 1161 1139 1228 καὶ
1192 1165 1318 1247 τὴν
1354 1164 1482 1231 ἀπὸ
1536 1174 1673 1229 τῶν
1719 1165 1991 1249 ὄμβρων
2046 1172 2179 1228 τῶν
2224 1160 2299 1226 ἐν

364 1278 455 1356 τῷ
516 1267 706 1354 θέρει
758 1268 1186 1353 [γινομένων]
1252 1265 1394 1335 κατ’
1457 1270 1767 1336 ἐνιαυτὸν
1829 1274 2105 1354 κυκλικῇ
2162 1291 2299 1332 τινι

366 1375 657 1463 περιόδῳ
711 1376 1104 1462 παραδόξως
1157 1378 1503 1443 εἰωθότων
1546 1379 1861 1460 γίνεσθαι
1921 1376 2295 1457 δαψίλειαν,
2328 1394 2387 1434 10

365 1486 657 1568 χλιαρῶν
739 1484 1117 1547 πιπτόντων
1190 1483 1459 1549 ὑδάτων
1542 1483 1615 1548 ἐκ
1685 1491 1808 1548 τοῦ
1879 1479 2300 1567 περιέχοντος

366 1585 594 1673 ἀέρος,
654 1586 765 1654 καὶ
829 1590 946 1665 τὰς
1010 1588 1084 1654 ἐν
1137 1600 1277 1666 τοῖς
1342 1588 1520 1655 ἕλεσι
1574 1589 1753 1675 ῥίζας
1816 1586 2098 1665 ἕψοντος
2158 1596 2279 1652 τοῦ
2302 1608 2411 1659 150

297 1719 329 1767 6
366 1697 721 1781 καύματος,
754 1696 866 1762 καὶ
903 1699 1184 1781 μάλιστα
1222 1708 1359 1764 τῶν
1395 1697 1701 1781 μεγάλων
1737 1697 2067 1782 καλάμων.
2133 1711 2298 1780 συμ-

367 1803 733 1884 βάλλονται
779 1800 852 1868 δὲ
889 1805 1067 1890 παρὰ
1112 1813 1251 1880 τοῖς
1292 1799 1530 1880 Ἰνδοῖς
1574 1802 1685 1868 καὶ
1721 1804 1802 1868 τοὶ
1846 1806 2096 1887 νόμιμα
2130 1803 2297 1887 πρὸς

364 1910 439 1974 τὸ
517 1909 842 1995 μηδέποτε
917 1911 1182 1974 ἔνδειαν
1249 1917 1504 1995 τροφῆς
1571 1906 1728 1994 παρ’
1795 1908 2022 1986 αὐτοῖς
2094 1903 2293 1974 εἶναι·
2325 1924 2382 1964 1⁵

366 2017 545 2101 παρὰ
599 2011 721 2099 μὲν
776 2016 903 2102 γὰρ
929 2051 934 2056 ·
956 2025 1097 2092 τοῖς
1145 2015 1376 2092 ἄλλοις
1431 2014 1817 2100 ἀνθρώποις
1871 2014 1944 2080 οί
1993 2012 2298 2099 πολέμιοι

366 2125 934 2209 καταφθείροντες
991 2123 1114 2206 τὴν
1171 2122 1398 2209 χώραν
1452 2122 1874 2208 ἀγεώργητον
1939 2139 2298 2188 κατασκευ-

368 2229 632 2314 άζουσι,
687 2230 866 2316 παρὰ
923 2225 997 2294 δὲ
1050 2229 1315 2306 τούτοις
1368 2240 1503 2294 τῶν
1557 2239 1871 2314 γεωργῶν
1929 2229 2127 2314 ἱερῶν
2186 2226 2299 2294 καὶ

370 2334 638 2402 ἀσύλων
676 2333 1005 2420 ἐωμένων,
1036 2336 1108 2401 οἰ
1137 2338 1424 2419 πλησίον
1459 2346 1594 2400 τῶν
1627 2334 2057 2420 παρατάξεων
2093 2359 2299 2421 γεωρ-

303 2463 332 2511 '7
370 2449 646 2523 γοῦντες
701 2440 1183 2524 ἀνεπαίσθητοι
1227 2452 1365 2505 τῶν
1417 2442 1756 2506 κινδύνων
1803 2443 1989 2506 εἰσίν.
2083 2441 2299 2526 ἀμφό·
2328 2457 2388 2497 20

369 2569 550 2631 τεροι
613 2547 740 2631 γὰρ
803 2546 875 2610 οί
932 2550 1378 2630 πολεμοῦντες
1440 2547 1769 2631 ἀλλήλους
1823 2544 1945 2631 μὲν
2001 2547 2301 2614 ἀποκτεί-

368 2667 609 2718 νουσιν
655 2651 729 2716 ἐν
773 2663 917 2729 ταῖς
961 2652 1230 2736 μάχαις,
1277 2655 1436 2730 τοὺς
1483 2649 1557 2718 δὲ
1602 2650 1756 2739 περὶ
1800 2653 1924 2736 τὴν
1969 2658 2302 2741 γεωργίαν
2351 2660 2361 2667 ’

371 2759 567 2833 ὄντας
614 2757 813 2823 ἐῶσιν
870 2758 1213 2843 ἀβλαβεῖς,
1268 2759 1359 2836 ὡς
1413 2762 1684 2836 κοινοὺς
1731 2760 1928 2837 ὄντας
1987 2759 2300 2830 ἁπάντων

370 2863 742 2951 εὐεργέτας,
785 2865 900 2941 τάς
945 2888 1015 2929 τε
1051 2865 1270 2951 χώρας
1315 2876 1450 2931 τῶν
1496 2866 2119 2950 ἀντιπολεμούντων
2156 2847 2296 2933 οὔτ’

371 2971 844 3058 ἐμπυρίζουσιν
889 2972 1043 3037 οὔτε
1090 2973 1673 3059 δενδροτομοῦσιν.
2329 2988 2388 3029 2⁵

263 3079 348 3145 37
535 3077 718 3163 ’Ἑχει
765 3073 840 3143 δὲ
875 3076 986 3143 καὶ
1031 3082 1369 3164 ποταμοὺς
1404 3078 1446 3162 ἡ
1492 3079 1673 3164 χώρα
1711 3088 1846 3142 τῶν
1877 3075 2109 3145 Ἰνδῶν
2143 3084 2302 3145 πολ-

524 3243 550 3289 1
592 3234 820 3297 πάντως
854 3234 1047 3316 Dind.·
1130 3243 1162 3290 2
1202 3235 1291 3305 δὲ]
1324 3254 1393 3318 γε
1432 3235 1470 3290 f.
1579 3231 2098 3317 τελεσφορουμένου
2134 3236 2303 3292 Dind.

372 3303 1171 3443 ,ffoessssvss‘ffissssss'v‘ff'yssfflssi
1210 3304 1703 3464 ‘iffi‘fflzffisshffi
1724 3307 2305 3445 ssssffiaffsssssssszffgfi

376 3481 536 3497 .....
559 3440 729 3514 ἀέρος
756 3463 864 3500 om.
895 3445 951 3498 ΙΙ
1008 3452 1073 3500 12
1106 3443 1367 3516 ἕψόντων
1395 3446 1446 3500 D
1504 3450 1569 3500 13
1599 3465 1699 3499 και
1727 3460 1834 3499 om.
1865 3447 1913 3500 D
1970 3451 2035 3501 15
2073 3445 2304 3501 ἔνδειαν

380 3513 587 3578 τροφῆς
613 3532 672 3566 π.
700 3535 757 3570 α.
789 3512 966 3585 εἶναι]
996 3513 1158 3586 λιμὸν
1186 3513 1459 3587 γενέσθαι
1486 3535 1543 3571 π.
1575 3535 1629 3570 α.
1656 3515 1709 3570 II
1797 3522 1862 3570 19
1899 3516 2214 3587 θεωμένων
2242 3516 2304 3572 C.
