2569 4061
1035 296 1113 351 JV
1152 303 1238 353 55.
1277 303 1364 354 56.
2042 299 2178 364 485

248 462 383 527 ὑπὸ
411 461 748 546 τάδελφοῦ
769 459 1041 549 Πέρσου
1067 462 1303 546 βιαίως
1330 459 1785 528 ἐκπεπτωκότα
1812 463 1935 546 τὴν
1965 461 2197 548 ἀρχὴν·

248 570 784 653 ἀνακτήσασθαι,
830 570 1080 654 Μήδου
1125 576 1247 633 τοῦ
1294 568 1598 651 Μηδείας
1656 569 2009 647 ἀνελόντος
2053 571 2174 635 τὸν

251 675 550 762 Πέρσην·
615 677 777 761 μετὰ
836 671 910 741 δὲ
972 683 1179 740 ταῦτα
1241 674 1588 758 δυνάμεως
1645 674 1924 760 ἐγκρατῆ
1989 679 2178 760 γενό-

248 806 458 868 μενον
511 784 629 848 τὸν
683 783 934 865 Μῆδον
987 781 1244 865 πολλὴν
1301 780 1612 847 ἐπελθεῖν
1667 790 1783 865 τῆς
1838 779 2004 868 ὑπὲρ
2058 785 2179 849 τὸν

192 904 221 944 5
252 892 524 955 Πόντον
564 884 803 971 Ἀσίας,
849 886 960 960 καὶ
1004 897 1358 972 κατασχεῖν
1402 890 1526 971 τὴν
1573 885 1684 953 ἀπ’
1722 886 1983 953 ἐκείνου
2030 892 2178 970 Μη-

250 997 408 1061 δίαν
471 1000 1152 1086 προσαγορευθεῖσαν,
1248 993 1416 1059 ἀλλὰ
1470 995 1600 1081 γὰρ
1663 996 1738 1059 τὸ
1795 993 2010 1070 πάσας
2064 996 2178 1071 τὰς
2215 1019 2248 1067 2

251 1101 621 1187 ἀποφάσεις
666 1110 802 1166 τῶν
847 1098 998 1186 περὶ
1041 1109 1157 1184 τῆς
1204 1102 1512 1186 Μηδείας
1557 1100 2180 1185 μυθολογησάντων

132 1227 246 1278 300
264 1208 682 1294 ἀναγράφειν
739 1206 863 1271 οὐκ
909 1206 1273 1289 ἀναγκαῖον
1330 1208 1463 1291 ἅμα
1516 1206 1629 1274 καὶ
1695 1210 1952 1295 μακρὸν
2005 1201 2180 1271 εἶναι

248 1319 596 1401 κρίνοντες
633 1315 715 1378 τὰ
748 1315 1271 1398 καταλειπόμενα
1308 1322 1426 1398 τῆς
1462 1313 1614 1400 περὶ
1657 1326 1794 1381 τῶν
1823 1310 2178 1401 Ἀργοναυ-

166 1446 221 1486 ιο
248 1432 388 1488 τῶν
436 1422 729 1506 ἱστορίας
764 1422 1260 1506 προσθήσομεν.
1329 1421 1451 1486 οὐκ
1491 1419 1708 1505 ὀλίγοι
1752 1423 1879 1507 γὰρ
1925 1432 2061 1486 τῶν
2106 1443 2175 1486 τε
2210 1445 2243 1494 3

252 1526 547 1612 ἀρχαίων
603 1525 1049 1612 συγγραφέων
1093 1522 1203 1591 καὶ
1256 1537 1392 1591 τῶν
1437 1526 2033 1613 μεταγενεστέρων,
2080 1522 2179 1593 ὧν

253 1631 393 1697 ἐστι
439 1629 550 1696 καὶ
604 1634 900 1715 Τίμαιος,
947 1628 1115 1716 φασὶ
1162 1634 1322 1708 τοὺς
1362 1626 1803 1717 Ἀργοναύτας
1848 1634 2009 1715 μετὰ
2053 1634 2177 1715 τὴν

250 1747 374 1803 τοῦ
420 1736 660 1824 δέρους
713 1737 1021 1822 ἁρπαγὴν
1066 1735 1501 1822 πυθομένους
1548 1736 1663 1805 ὑπ’
1715 1740 1973 1823 Αἰήτου
2017 1759 2179 1820 προ-

251 1850 699 1930 κατειλῆφθαι
754 1843 958 1909 ναυσὶ
1010 1846 1086 1910 τὸ
1144 1847 1355 1929 στόμα
1407 1853 1531 1911 τοῦ
1581 1847 1883 1928 Πόντου,
1939 1843 2180 1931 πρᾶξιν

169 1975 223 2015 15
252 1950 760 2018 ἐπιτελέσασθαι
813 1951 1198 2039 παράδοξον
1253 1948 1365 2017 καὶ
1412 1954 1672 2038 μνήμης
1720 1952 1928 2033 ἀξίαν.
2021 1951 2180 2017 ἀνα-

253 2061 664 2137 πλεύσαντας
707 2061 836 2145 γάρ
883 2059 1127 2136 αὐτοὺς
1156 2060 1287 2124 ’διὰ
1330 2068 1453 2125 τοῦ
1506 2061 1835 2137 Τανάιδος
1879 2068 2180 2144 ποταμοῦ

257 2162 364 2228 ἐπὶ
408 2166 524 2242 τὰς
558 2167 793 2250 πηγάς,
839 2163 951 2232 καὶ
986 2166 1152 2231 κατὰ
1197 2168 1408 2231 τόπον
1443 2166 1595 2232 τινὰ
1629 2167 1753 2251 τὴν
1787 2175 1960 2233 ναῦν
2007 2168 2180 2232 διελ-

255 2272 609 2355 κύσαντας,
673 2272 831 2339 καθ’
887 2271 1118 2357 ἑτέρου
1175 2273 1380 2340 πάλιν
1434 2281 1736 2357 ποταμοῦ
1798 2273 1922 2358 τὴν
1981 2273 2180 2358 ῥύσιν

257 2379 524 2462 ἔχοντος
590 2381 683 2457 εἰς
744 2382 864 2445 τὸν
942 2379 1240 2445 ὠκεανὸν
1303 2384 1749 2445 καταπλεῦσαι
1820 2382 1986 2465 πρὸς
2056 2380 2180 2463 τὴν

179 2505 231 2546 20
256 2485 618 2567 θάλατταν,
666 2485 793 2551 ἀπὸ
834 2482 906 2551 δὲ
952 2495 1088 2550 τῶν
1135 2486 1398 2571 ἄρκτων
1439 2482 1545 2550 ἐπὶ
1591 2484 1714 2568 τὴν
1760 2484 1958 2550 δύσιν
1994 2507 2179 2569 κομι-

256 2597 507 2675 σθῆναι
552 2591 674 2674 τὴν
709 2599 838 2674 γῆν
882 2593 1156 2675 ἔχοντας
1193 2591 1259 2670 ἐξ
1308 2590 1691 2676 εὐωνύμων,
1740 2588 1850 2656 καὶ
1894 2595 2179 2675 πλησίον
2219 2619 2236 2665 g

254 2694 650 2781 γινομένους
697 2698 1039 2783 Γαδείρων
1093 2700 1189 2775 εἰς
1242 2698 1367 2781 τὴν
1420 2695 1576 2763 καθ’
1622 2697 1793 2782 ἡμᾶς
1836 2699 2178 2765 θάλατταν

256 2806 652 2870 εἰσπλεῦσαι.
718 2803 1085 2884 ἀποδείξεις
1123 2801 1199 2871 δὲ
1233 2805 1493 2871 τούτων
1530 2802 1836 2891 φέρουσι,
1876 2807 2175 2872 δεικνύν-
2214 2826 2247 2875 4

254 2934 357 2988 τες
403 2914 559 2987 τοὺς
613 2912 794 2996 παρὰ
837 2912 957 2976 τὸν
1013 2911 1309 2977 ὠκεανὸν
1364 2922 1837 2990 κατοικοῦντας
1881 2914 2177 2987 Κελτοὺς

181 3035 230 3077 25
256 3016 657 3102 σεβομένους
719 3020 1003 3102 μάλιστα
1065 3028 1199 3084 τῶν
1262 3025 1450 3087 θεῶν
1511 3022 1669 3096 τοὺς
1730 3019 2175 3102 Διοσκόρους·

255 3127 713 3210 παραδόσιμον
757 3126 887 3211 γὰρ
932 3123 1178 3203 αὐτοὺς
1227 3126 1403 3210 ἔχειν
1449 3125 1522 3192 ἐκ
1565 3129 1867 3191 παλαιῶν
1911 3124 2176 3208 χρόνων

255 3232 374 3315 τὴν
426 3232 683 3297 τούτων
728 3242 864 3297 τῶν
918 3237 1103 3297 θεῶν
1145 3234 1522 3318 παρουσίαν
1578 3229 1651 3296 ἐκ
1695 3238 1817 3294 τοῦ
1876 3228 2174 3294 ὠκεανοῦ

263 3486 288 3510 Ἄ
395 3429 427 3478 6
464 3442 700 3492 προσαγ.
740 3424 975 3508 Μηδίαν
1013 3423 1166 3494 vulg.
1314 3429 1346 3477 8
1385 3417 1530 3495 ἅμα]
1569 3418 1710 3477 ἀλλὰ
1751 3419 1860 3476 OF
1913 3485 1926 3505 ἢ
1999 3415 2176 3543 alvan}

255 3513 287 3562 η
326 3494 455 3549 add.
493 3496 542 3548 D
636 3500 668 3549 9
705 3494 835 3562 περὶ
873 3514 971 3564 της
1008 3493 1056 3549 D
1150 3500 1215 3550 13
1256 3491 1492 3563 δέρατος
1529 3492 1581 3548 11
1682 3497 1748 3546 17
1787 3510 1933 3545 κατα
1974 3506 2081 3543 om.
2120 3488 2147 3542 Ι

257 3570 321 3619 22
358 3563 702 3636 γενομένους
737 3565 889 3636 vulg.
999 3571 1068 3621 26
1108 3563 1260 3635 ἔχειν
1298 3560 1508 3627 αὐτοὺς
1544 3564 1697 3634 vulg.
