2569 4061
356 201 484 265 142
1027 199 1336 255 DIODORI
1374 199 1609 256 SICULI

351 362 460 428 καὶ
498 366 653 438 τοὺς
684 360 945 447 ίέρακας
977 363 1382 444 κατάγουσιν
1409 364 1504 439 εἰς
1520 366 1893 444 Αἴγυπτον·
1930 360 2040 427 καὶ
2075 372 2274 428 τοῦτο

350 470 756 552 πράττουσιν
811 467 1021 533 ἐνίοτε
1076 478 1211 533 τῶν
1264 467 1558 552 ἐφοδίων
1613 468 1856 544 αὐτοὺς
1912 468 2275 534 ὑπολιπόν-

279 598 314 644 4
350 597 499 638 των.
574 576 655 639 τὰ
692 571 767 638 δὲ
809 577 1127 659 γινόμενα
1163 572 1315 658 περὶ
1351 576 1469 638 τὸν
1495 564 1685 638 Ἆπιν
1730 575 1850 638 τὸν
1888 573 1962 638 έν
1997 573 2275 659 Μέμφει

354 681 713 763 [ποικίλον]
768 679 880 747 καὶ
923 682 1043 747 τὸν
1096 685 1366 746 Μνεῦιν
1408 683 1528 745 τὸν
1584 679 1657 745 έν
1692 677 2119 747 Ἡλιουπόλει
2164 680 2276 748 καὶ

348 788 430 851 τὰ
475 785 628 871 περὶ
671 788 791 852 τὸν
836 787 1083 872 τράγον
1127 788 1246 852 τὸν
1294 785 1368 851 έν
1411 785 1740 870 Μένδητι,
1786 789 1952 873 πρὸς
2000 784 2074 852 δὲ
2123 789 2274 853 τού-
2302 806 2330 847 5

349 916 491 970 τοις
526 895 645 959 τὸν
681 895 1111 979 κροκόδειλον
1147 895 1266 959 τὸν
1303 894 1467 958 κατὰ
1502 895 1625 977 τὴν
1658 896 1995 979 Μοίριδος
2030 898 2274 978 λίμνην

348 999 460 1064 καὶ
521 1002 641 1064 τὸν
696 998 932 1064 λέοντα
984 1001 1104 1063 τὸν
1166 1002 1583 1084 τρεφόμενον
1640 999 1714 1065 ἐν
1762 1010 1842 1086 τῇ
1896 998 2272 1085 καλουμένῃ

350 1108 666 1170 Λεόντων
711 1106 922 1186 πόλει,
968 1101 1078 1167 καὶ
1123 1105 1337 1169 πολλὰ
1382 1102 1648 1169 τοιαῦθ’
1693 1103 1904 1189 ἕτερα,
1955 1108 2272 1189 διηγήσα-

350 1216 515 1275 σθαι
545 1207 668 1293 μὲν
695 1208 975 1295 εὐχερές,
1003 1209 1492 1292 ἀπαγγείλαντα
1521 1207 1594 1274 δὲ
1622 1218 2068 1295 πιστευθῆναι
2095 1212 2274 1296 παρὰ

281 1338 312 1385 5
348 1328 490 1392 τοῖς
535 1316 622 1399 μὴ
670 1316 1095 1400 τεθεαμένοις
1132 1317 1480 1382 δύσκολον.
1552 1326 1758 1382 ταῦτα
1794 1319 1922 1404 γὰρ
1960 1319 2033 1383 ἐν
2073 1320 2274 1404 ίεροῖς
2303 1338 2355 1376 10

349 1420 474 1507 μὲν
498 1425 879 1507 περιβόλοις
904 1421 1235 1507 τρέφεται,
1263 1424 1718 1507 θεραπεύουσι
1747 1419 1809 1488 δ’
1845 1424 2013 1489 αὐτὰ
2038 1424 2272 1489 πολλοὶ

348 1542 485 1595 τῶν
531 1530 898 1612 ἀξιολόγων
944 1528 1211 1613 ἀνδρῶν
1267 1530 1522 1614 τροφὰς
1567 1531 1869 1608 διδόντες
1912 1533 2033 1608 τὰς
2071 1536 2272 1597 πολυ-

348 1638 756 1713 τελεστάτας·
824 1638 1169 1720 σεμίδαλιν
1225 1637 1352 1720 γὰρ
1416 1634 1458 1718 ἢ
1513 1638 1805 1722 χόνδρον
1866 1636 2141 1715 ἕψοντες
2200 1637 2274 1703 έν

349 1744 624 1825 γάλακτι
676 1741 788 1807 καὶ
842 1740 1142 1826 πέμματα
1196 1743 1588 1807 παντοδαποὶ
1637 1742 1848 1827 μέλιτι
1904 1755 2269 1827 φυρῶντες,

349 1848 459 1914 καὶ
513 1846 672 1933 κρέα
727 1849 955 1931 χήνεια
1008 1848 1089 1911 τὰ
1153 1844 1274 1932 μὲν
1330 1846 1633 1931 ἕψοντες,
1687 1849 1767 1911 τὰ
1828 1845 1889 1911 δ’
1944 1846 2270 1925 ὀπτῶντες
2300 1865 2353 1905 15

349 1955 784 2030 ἀνεκλείπτως
840 1962 1234 2040 χορηγοῦσι,
1299 1965 1438 2030 τοῖς
1503 1948 1566 2018 δ’
1620 1953 2003 2038 ὠμοφάγοις
2058 1955 2272 2018 πολλὰ

346 2074 482 2127 τῶν
532 2060 788 2148 ὀρνέων
822 2061 1229 2146 θηρεύοντες
1271 2062 1793 2146 παραβάλλουσι,
1829 2058 1941 2124 καὶ
1986 2061 2061 2125 τὸ
2106 2067 2271 2126 καθ-

349 2170 512 2233 όλου
566 2168 860 2253 μεγάλην
916 2166 1339 2252 εἰσφέρονται
1393 2167 1699 2250 σπουδὴν
1755 2168 1851 2244 εἰς
1894 2167 2018 2250 τὴν
2070 2171 2272 2232 πολυ-

279 2293 311 2341 6
349 2273 605 2340 τέλειαν
649 2283 765 2357 τῆς
806 2282 1075 2359 τροφῆς.
1147 2278 1456 2359 λουτροῖς
1498 2296 1568 2337 τε
1612 2278 1912 2358 χλιαροῖς
1944 2275 2273 2359 χρώμενοι

348 2379 457 2443 καὶ
503 2382 741 2464 μύροις
793 2389 934 2456 τοῖς
986 2382 1358 2463 κρατίστοις
1417 2378 1802 2462 ἀλείφοντες
1855 2377 1966 2444 καὶ
2032 2402 2272 2444 παντο-
2300 2397 2354 2437 20

349 2487 561 2560 δαπὰς
595 2485 878 2561 εὐωδίας
913 2490 1290 2565 θυμιῶντες
1326 2483 1408 2546 οὐ
1446 2484 1885 2565 διαλείπουσι,
1925 2487 2271 2569 στρωμνάς

348 2612 416 2653 τε
473 2590 590 2663 τὰς
643 2587 1200 2662 πολυτελεστάτας
1251 2586 1364 2652 καὶ
1416 2589 1668 2670 κόσμον
1724 2587 2015 2672 εὐπρεπῆ
2074 2611 2272 2672 χορη-

348 2703 567 2777 γοῦσι,
602 2691 712 2758 καὶ
749 2703 885 2756 τῶν
913 2703 1294 2757 συνουσιῶν
1331 2692 1507 2767 ὅπως
1532 2693 1829 2776 τυγχάνῃ
1866 2695 2030 2758 κατὰ
2059 2694 2271 2776 φύσιν

348 2800 678 2885 φροντίδα
724 2806 1070 2862 ποιοῦνται
1115 2798 1240 2880 τὴν
1284 2801 1630 2882 μεγίστην,
1676 2800 1844 2883 πρὸς
1890 2794 1963 2862 δὲ
2009 2798 2271 2874 τούτοις

349 2906 735 2992 ὁμοφύλους
786 2907 1064 2987 θηλείας
1109 2894 1372 2992 ’ἑκάστῳ
1426 2915 1561 2969 τῶν
1618 2902 1803 2992 ζῴων
1855 2905 1971 2980 τὰς
2027 2904 2269 2970 εὐειδε-
2298 2923 2353 2962 25

349 3015 588 3091 στάτας
614 3009 1128 3095 συντρέφουσιν,
1153 3009 1229 3087 ἃς
1257 3012 1664 3088 παλλακίδας
1690 3012 2270 3097 προσαγορεύουσι

348 3121 459 3187 καὶ
517 3118 967 3206 θεραπεύουσι
1021 3130 1164 3195 ταῖς
1217 3121 1554 3202 μεγίσταις
1608 3119 1932 3196 δαπάναις
1983 3117 2096 3185 καὶ
2139 3121 2269 3183 λει-

493 3319 522 3365 1
563 3307 883 3381 ἀπάγουσιν
921 3311 1072 3396 vulg
1201 3317 1237 3364 4
1272 3313 1531 3366 ποικίλον
1569 3329 1676 3366 om.
1717 3310 1759 3365 C
1889 3318 1921 3366 6
1959 3308 2061 3366 τὸν
2099 3307 2162 3367 ἐν
2199 3311 2266 3380 τῇ

351 3384 428 3433 Μ.
468 3384 631 3453 λίμνῃ
669 3381 723 3435 11
866 3379 1126 3449 Μύριδος
1164 3382 1227 3436 F
1368 3388 1398 3436 7
1437 3381 1756 3470 καλουμένῃ
1797 3399 1907 3436 om.
1944 3383 2096 3452 vulg
2196 3385 2267 3434 22

351 3445 601 3516 ἐκπρεπῆ
640 3454 836 3505 malim
981 3460 1047 3508 27
1085 3453 1396 3525 μεγίσταις]
1435 3449 1919 3525 ὑπερβαλλούσαις
1956 3453 2023 3509 D.
