2569 4061
389 213 477 278 20
1068 211 1375 269 monom
1413 212 1648 269 smnm

388 376 882 462 ἀπαρτίζεσθαι,
929 375 1010 439 τὰ
1048 371 1124 440 δὲ
1167 376 1425 441 τούτων
1461 373 1627 461 μέρη
1664 372 1857 441 πέντε
1894 377 1976 440 τὰ
2010 396 2319 462 προειρη-

388 479 574 566 μένα,
623 483 699 545 τό
736 502 806 547 τε
845 490 1107 565 πνεῦμα
1140 481 1254 547 καὶ
1288 484 1364 546 τὸ
1402 489 1537 568 πῦρ
1574 479 1686 546 καὶ
1722 482 1796 546 τὸ
1837 481 2061 567 ξηρόν,
2109 485 2205 547 ἔτι
2243 479 2320 548 δὲ

387 588 463 652 τὸ
510 585 725 674 ὑγρὸν
769 586 881 655 καὶ
923 590 999 654 τὸ
1046 593 1427 653 τελευταῖον
1472 588 1547 652 τὸ
1595 587 1903 674 ἀερῶδες,
1951 588 2170 674 ὥσπερ
2211 587 2308 654 ἐπ’

389 693 760 781 ἀνθρώπου
804 694 1105 779 κεφαλὴν
1149 691 1259 758 καὶ
1305 703 1527 777 χεῖρας
1566 691 1678 758 καὶ
1713 696 1924 773 πόδας
1966 694 2079 762 καὶ
2112 697 2319 762 τᾶλλα

385 799 553 888 μέρη
615 806 1189 888 καταριθμοῦμεν,
1242 800 1363 863 τὸν
1418 798 1624 863 αὐτὸν
1682 802 1935 885 τρόπον
1993 803 2068 866 τὸ
2129 813 2318 888 σῶμα
2345 817 2371 857 5

388 916 510 972 τοῦ
555 911 811 992 κόσμου
868 910 1263 987 συγκεῖσθαι
1309 913 1442 969 πᾶν
1497 904 1569 970 ἐκ
1613 916 1750 970 τῶν
1798 906 2316 994 προειρημένων.

287 1012 371 1077 12
390 1014 647 1078 τούτων
703 1010 764 1076 δ’
818 1009 1098 1075 ἕκαστον
1152 1011 1321 1076 θεὸν
1373 1014 1644 1096 νομίσαι
1697 1010 1808 1077 καὶ
1857 1016 2318 1099 προσηγορίαν

391 1119 572 1183 ἰδίαν
618 1116 868 1205 ἑκάστω
914 1122 1140 1182 θεῖναι
1184 1119 1351 1182 κατὰ
1396 1119 1471 1182 τὸ
1519 1119 1769 1184 οἰκεῖον
1813 1122 1971 1196 τοὺς
2014 1120 2319 1205 πρώτους

390 1222 708 1311 διαλέκτῳ
737 1222 1199 1308 χρησαμένους
1227 1223 1700 1310 διηρθρωμένῃ
1730 1235 1865 1290 τῶν
1891 1223 2031 1290 κατ’
2062 1231 2319 1309 Αἴγυπ-

307 1350 351 1398 ’2
389 1352 509 1393 τον
555 1328 954 1413 ἀνθρώπων.
1033 1330 1109 1393 τὸ
1156 1325 1280 1413 μὲν
1327 1324 1452 1395 οὖν
1497 1338 1758 1413 πνεῦμα
1806 1332 1944 1395 Δία
1986 1346 2318 1415 προσαγο-
2347 1348 2399 1388 10

391 1444 625 1522 ρεῦσαι
653 1434 1318 1521 μεθερμηνευομένης
1353 1445 1469 1520 τῆς
1495 1433 1749 1520 λέξεως,
1788 1435 1868 1502 ὃν
1904 1442 2122 1502 αἴτιον
2158 1437 2319 1503 ὄντα

389 1550 512 1607 τοῦ
557 1543 846 1627 ψυχικοῦ
890 1553 1030 1620 τοῖς
1079 1539 1266 1630 ζῴοις
1321 1542 1640 1628 ἐνόμισαν
1684 1542 2007 1629 ὑπάρχειν
2052 1544 2320 1609 πάντων

392 1649 608 1716 οἱονεί
664 1672 814 1716 τινα
876 1648 1143 1735 πατέρα.
1238 1659 1629 1733 συμφωνεῖν
1689 1646 1764 1714 δὲ
1826 1651 2091 1727 τούτοις
2151 1648 2321 1734 φασὶ

389 1755 502 1822 καὶ
556 1757 675 1821 τὸν
729 1754 1255 1841 ἐπιφανέστατον
1309 1765 1445 1821 τῶν
1496 1750 1653 1842 παρ’
1691 1754 1962 1840 ’Ἐλλησι
2022 1768 2318 1841 ποιητῶν

393 1862 499 1927 ἐπὶ
544 1871 667 1927 τοῦ
711 1869 883 1928 θεοῦ
928 1863 1173 1928 τούτου
1219 1861 1498 1946 λέγοντα
1970 1879 1974 1883 Α
2345 1878 2396 1919 15

854 1970 1070 2056 πατὴρ
1118 1969 1388 2056 ἀνδρῶν
1433 1992 1504 2036 τε
1549 1975 1733 2036 θεῶν
1777 1992 1866 2036 τε.

320 2097 353 2145 3
390 2078 466 2142 τὸ
516 2072 590 2142 δὲ
637 2086 771 2163 πῦρ
827 2080 1495 2164 μεθερμηνευόμενον
1537 2074 1918 2162 ’Ἠφαιστον
1973 2076 2320 2161 ὀνομάσαι,
2362 2095 2426 2145 16

391 2187 793 2267 νομίσαντας
846 2182 1055 2267 μέγαν
1101 2178 1275 2248 εἶναι
1325 2184 1493 2249 θεὸν
1536 2181 1648 2248 καὶ
1693 2185 1907 2248 πολλοὶ
1952 2183 2317 2267 συμβάλλε-

322 2311 356 2358 4
395 2295 558 2353 σθαι
594 2298 797 2353 πᾶσιν
843 2291 938 2365 εἰς
974 2286 1236 2370 γένεσίν
1282 2311 1353 2353 τε
1389 2287 1502 2352 καὶ
1537 2291 1797 2353 τελείαν
1834 2286 2130 2373 αὔξησιν.
2194 2289 2319 2372 τὴν

394 2388 469 2457 δὲ
523 2401 650 2475 γῆν
705 2394 927 2475 ὥσπερ
985 2392 1255 2475 ἀγγεῖόν
1308 2415 1373 2456 τι
1426 2402 1560 2456 τῶν
1610 2389 1971 2476 φυομένων
2024 2393 2320 2479 ὑπολαμ-
2349 2412 2403 2452 20

392 2499 722 2582 βάνοντας
767 2495 1014 2582 μητέρα
1058 2507 1621 2583 προσαγορεῦσαι·
1670 2494 1780 2563 καὶ
1817 2500 1976 2575 τοὺς
1995 2496 2322 2583 Ἕλληνας

396 2601 470 2669 δὲ
528 2605 777 2688 ταύτην
836 2606 1310 2690 παραπλησίως
1367 2608 1733 2691 Δήμητραν
1787 2608 2043 2686 καλεῖν,
2107 2607 2321 2690 βραχὺ

395 2714 863 2794 μετατεθείσης
920 2712 1031 2776 διὰ
1084 2712 1203 2776 τὸν
1255 2715 1504 2798 χρόνον
1567 2720 1681 2795 τῆς
1740 2708 1999 2790 λέξεως·
2063 2711 2137 2775 τὸ
2191 2711 2320 2797 γὰρ

395 2819 681 2883 παλαιὸν
728 2816 1175 2902 ὀνομάζεσθαι
1218 2827 1348 2903 γῆν
1394 2816 1661 2904 μητέρα,
1708 2816 2011 2902 καθάπερ
2048 2814 2159 2881 καὶ
2196 2819 2316 2882 τὸν

388 2920 630 3009 Ὀρφέα
676 2933 1213 3010 προσμαρτυρεῖν
1260 2921 1539 3006 λέγοντα
2351 2942 2402 2982 25

532 3033 626 3114 Γῆ
675 3033 890 3116 μήτηρ
938 3030 1228 3113 πάντων,
1277 3032 1601 3114 Δημήτηρ
1647 3028 2182 3115 πλουτοδότειρα.

329 3159 361 3207 5
398 3140 473 3202 τὸ
523 3135 583 3202 δ’
637 3137 850 3224 ὑγρὸν
897 3136 1220 3219 ὀνομάσαι
1265 3134 1537 3219 λέγουσι
1582 3138 1739 3213 τοὺς
1784 3137 2107 3213 παλαιοὺς
2143 3132 2325 3201 Ὠκε-

398 3244 590 3328 ανην,
620 3244 656 3309 ὃ
695 3245 1363 3329 μεθερμηνευόμενον
1399 3239 1522 3328 μὲν
1550 3236 1722 3308 εἶναι
1759 3243 2020 3330 τροφὴν
2052 3242 2323 3330 μητέρα,

542 3405 573 3452 8
613 3395 830 3474 ἑκάστῳ
868 3404 1067 3457 θεῖναι
1104 3399 1258 3456 ἰδίαν
1297 3400 1347 3455 Ι)
1460 3406 1526 3456 10
1563 3395 1871 3472 ἀγορεῦσαι
1909 3399 1956 3454 D
2080 3407 2148 3456 27
2187 3397 2322 3456 ὠκε-

398 3461 543 3532 dvm
582 3455 1000 3544 Wessel‘ing(0.
1043 3479 1127 3542 19,
1164 3474 1241 3543 4),
1282 3467 1537 3544 ὥκέλμην
1573 3472 1637 3542 F,
1675 3469 1934 3528 ωκεανόν
1972 3470 2081 3528 OD.
