2569 4061
411 191 619 249 XXXII
1157 193 1593 252 PRAEFATIO.

407 381 599 439 neque
645 358 843 422 πλέειν
884 363 986 439 15,
1024 364 1127 436 42,
1170 363 1208 422 3
1257 365 1367 423 aut
1411 357 1584 424 ἔθεεν
1633 364 1734 439 16,
1774 365 1878 439 94,
1918 366 1975 441 3,
2023 363 2130 423 sed
2173 368 2342 425 πλεῖν

408 461 472 521 et
515 456 664 519 ἔθει.

586 556 796 634 Neque
842 555 1244 617 dubitandum
1299 556 1444 633 quin
1497 554 1734 634 semper
1789 560 2157 620 contraxerit
2200 559 2339 621 Dio-

411 653 592 713 dorus
638 656 1031 731 augmentum
1057 674 1086 714 ε
1122 672 1257 715 oum
1293 655 1736 730 praepositione
1770 674 1886 733 προ
1933 656 2340 734 coniunctum,

406 769 562 827 quae
617 752 805 813 orasis
860 754 1023 812 certe
1080 751 1403 827 aliquoties
1450 754 1546 812 est
1597 754 1866 828 servata,
1925 755 1996 813 ut
2037 753 2102 813 in
2148 753 2340 834 πρού-

405 847 559 907 δωκε
611 852 710 922 11,
749 850 857 927 48,
895 850 962 927 8,
1005 850 1109 926 36,
1148 850 1208 925 3,
1248 851 1317 926 6,
1352 847 1715 927 προῦδωκαν
1756 852 1858 927 13,
1897 852 2001 924 66,
2041 853 2111 929 6,
2148 870 2340 930 πρου-

402 949 632 1007 καλεῖτο
684 949 785 1022 18,
836 948 938 1022 13,
988 948 1055 1021 1,
1096 947 1198 1022 26,
1246 947 1306 1019 3,
1357 948 1423 1023 1,
1468 950 1915 1025 προυκαλοῦντο
1966 950 2067 1024 13,
2107 950 2254 1027 105,
2299 952 2332 1008 1

405 1035 539 1121 (14,
590 1046 691 1119 64,
731 1036 831 1123 2),
878 1041 1163 1122 προύλεγε
1203 1045 1306 1118 13,
1348 1045 1450 1120 97,
1490 1045 1556 1122 5,
1602 1043 1934 1124 προύλεγον
1970 1047 2076 1122 33,
2115 1047 2218 1125 24,
2265 1050 2337 1106 ut

401 1138 689 1219 προύλεγε
746 1139 811 1198 in
869 1139 1210 1216 fragmento
1264 1140 1557 1203 Demetrii
1615 1142 1893 1204 Phalerei
1948 1145 2051 1220 31,
2111 1147 2213 1220 10,
2262 1147 2335 1225 13

401 1235 761 1315 προύπεμψε
810 1238 912 1315 19,
964 1239 1065 1315 72,
1115 1239 1186 1314 6,
1231 1239 1684 1317 προυτετύπωτο
1733 1242 1836 1318 31,
1885 1243 1988 1318 27,
2036 1241 2094 1300 2.
2174 1240 2334 1300 Nam

401 1334 611 1394 eadem
657 1334 974 1411 utriusque
1029 1334 1260 1394 formae
1316 1337 1641 1398 alternatio
1700 1340 1796 1398 est
1838 1337 1903 1398 in
1947 1337 2121 1398 libris
2169 1338 2329 1397 Thu·

399 1448 432 1489 ο
432 1430 633 1506 ydidis
681 1430 1054 1508 aliorumque
1089 1430 1451 1511 Atticorum,
1497 1435 1840 1513 pariterque
1887 1434 2144 1512 Polybii,
2188 1434 2330 1494 Dio-

402 1527 562 1603 nysii
599 1526 811 1605 Halia,
856 1526 1135 1603 Dionum,
1182 1546 1332 1604 quos
1380 1549 1586 1592 omnes
1621 1536 1852 1593 certum
1898 1534 1993 1594 est
2026 1549 2147 1590 una
2185 1549 2328 1592 usos

403 1642 537 1684 esse
584 1627 910 1686 contracta.
976 1626 1293 1703 Nusquam
1332 1645 1473 1690 vero
1512 1630 1673 1706 apud
1709 1630 2040 1691 Diodorum
2076 1632 2329 1705 apparet

398 1719 704 1800 προύχειν,
750 1725 822 1783 ut
866 1721 1184 1798 aliquoties
1230 1725 1393 1798 apud
1437 1725 1814 1804 Dionysium.

577 1817 1093 1888 Quemadmodum
1137 1820 1343 1883 autom
1397 1822 1594 1882 erasin
1648 1826 1710 1882 et
1752 1822 2216 1882 oontraotionem
2262 1824 2327 1884 in

396 1915 606 1975 multis
643 1914 901 1976 diaeresi
926 1913 1219 1990 praetulit
1244 1909 1561 1984 Diodorus,
1601 1910 1692 1969 ita
1715 1910 1909 1971 hiatui
1938 1911 2033 1971 eli
2050 1910 2324 1971 sionem

396 2033 535 2074 eum
571 2011 986 2089 anteposuisse
1021 2010 1187 2071 haud
1218 2026 1414 2087 pauca
1447 2007 1626 2070 huius
1665 2007 1992 2070 ostendunt
2027 2009 2317 2088 exempla,

397 2111 513 2170 etsi
566 2110 827 2171 alterum
880 2127 1001 2169 non
1050 2108 1138 2169 ita
1191 2112 1263 2168 ut
1307 2107 1597 2185 Polybius
1652 2107 1877 2184 aliique
1920 2106 2099 2185 fugit.
2190 2106 2321 2178 Quo

396 2207 471 2267 de
517 2225 736 2283 genere
783 2226 969 2283 quum
1014 2206 1208 2266 multa
1250 2206 1571 2266 videantur
1615 2205 1776 2282 apud
1821 2204 2155 2265 Diodorum
2197 2223 2322 2266 non

394 2304 593 2363 minus
631 2322 813 2382 quam
859 2304 1020 2379 apud
1064 2302 1391 2380 Polybium
1436 2302 1681 2380 abolita,
1726 2320 1847 2361 non
1890 2301 2112 2362 mirum
2158 2302 2320 2378 quod

394 2419 587 2477 pauca
647 2402 888 2460 tantum
954 2402 1096 2459 sunt
1157 2400 1370 2460 relicta
1430 2398 1721 2462 eiusmodi
1775 2400 1848 2457 ut
1897 2393 2312 2477 προεκαλέσατ’

394 2494 614 2569 αὐτοὺς
663 2499 763 2573 19,
814 2499 960 2575 108,
1009 2499 1076 2575 3,
1121 2491 1468 2559 κατελείπετ’
1520 2492 1724 2568 αὐτοῖς
1770 2498 1873 2573 20,
1914 2498 2015 2573 93,
2055 2499 2121 2574 7,
2169 2493 2318 2557 ἐδεί-

391 2589 575 2656 xvv&
618 2592 738 2656 ὑπὸ
783 2602 902 2656 τῶν
939 2592 1235 2676 ἐγχωρίων
1286 2597 1387 2672 17,
1425 2597 1528 2671 83,
1572 2598 1636 2671 1,
1681 2589 2035 2667 συνετάξαθ’
2087 2590 2316 2673 ἡμέραν

395 2695 498 2768 20,
548 2695 650 2766 94,
696 2695 756 2754 4.
846 2692 1003 2754 Item
1046 2688 1260 2753 ἅπαντ’
1312 2690 1617 2773 ἐπράττετο
1667 2693 1767 2767 14,
1816 2693 1919 2769 21,
1959 2694 2030 2769 2,
2075 2685 2309 2754 τάλαντ’

391 2787 679 2870 ἀργυρίου
731 2793 832 2866 17,
881 2792 985 2867 54,
1033 2792 1099 2869 2,
1145 2784 1427 2869 τραύματ’
1479 2786 1753 2867 εἰληφόσι
1800 2791 1902 2866 17,
1940 2791 2087 2863 103,
2129 2790 2195 2866 6,
2242 2787 2314 2849 τὰ

390 2882 621 2965 στόματ’
684 2884 1080 2966 ἐμφράττουσι
1130 2890 1231 2964 19,
1280 2891 1384 2965 94,
1431 2889 1498 2967 8,
1553 2881 1796 2968 χρήματ’
1857 2883 2161 2966 εἰσέφερον
2209 2889 2312 2964 20,

392 2987 496 3063 84,
543 2988 617 3063 4,
671 2979 1091 3064 προτιμήσαντ’
1151 2981 1342 3062 αὐτὴν
1390 2988 1493 3061 20,
1539 2988 1643 3062 81,
1693 2989 1730 3047 3
1787 2990 1851 3048 et
1903 2986 2140 3047 similia.
2230 2986 2313 3046 Et

389 3083 630 3159 saepius
675 3082 740 3141 in
782 3081 1213 3161 numeralibus,
1258 3085 1332 3143 ut
1368 3077 1485 3162 δέχ’
1529 3079 1767 3163 ἡμερῶν
1808 3086 1909 3160 19,
1947 3085 2050 3158 37,
2089 3085 2158 3161 3,
2208 3085 2312 3164 20,

269 3183 274 3188 ’
393 3183 494 3258 73,
541 3183 607 3257 3,
655 3173 999 3260 ὀγδοήκοντ’
1042 3177 1140 3257 ἔτη
1183 3183 1240 3259 1,
1279 3183 1339 3258 5,
1380 3184 1445 3260 13
1489 3175 1672 3242 πένθ’
1721 3176 1959 3259 ἡμερῶν
2000 3184 2057 3257 1,
2098 3183 2200 3255 13,
2238 3184 2307 3259 4,

386 3271 565 3336 πένθ’
617 3272 841 3356 ἡμέρας
887 3279 945 3352 2,
998 3279 1097 3354 25,
1136 3279 1203 3356 8,
1252 3281 1355 3355 13,
1404 3281 1507 3356 39,
1548 3282 1613 3354 2,
1665 3281 1767 3354 14,
1805 3280 1907 3352 21,
1946 3280 2013 3355 6,
2064 3280 2165 3355 19,
2206 3281 2309 3357 37,

388 3373 449 3448 5,
495 3392 681 3449 quum
722 3369 894 3435 πέντε
929 3369 1152 3453 ἡμέρας
1198 3376 1278 3436 sit
1316 3378 1416 3449 31,
1462 3379 1562 3452 11,
1603 3379 1667 3455 13
1704 3370 1874 3434 πέντε
1918 3368 2166 3454 ἡμέραις
2205 3378 2304 3450 36,

387 3470 446 3538 5,
498 3473 562 3544 1,
607 3466 949 3546 πεντήκοντ’
1001 3468 1225 3551 ἄνδρας
1266 3476 1369 3544 17,
1413 3474 1515 3547 76,
1555 3473 1625 3551 8,
1669 3466 2032 3550 πεντήκονθ’
2082 3468 2306 3552 ἡμέρας
