2569 4061
921 293 1020 350 DE
1059 291 1458 350 CODICIBUS.
2046 291 2160 348 VII

199 463 601 525 observavit:
640 456 934 538 ‘quamvis
963 463 1168 539 pullus
1207 463 1489 540 lacerque
1516 462 1599 522 sit
1622 479 1854 539 margo,
1889 459 2160 521 medium

199 562 428 638 ipsum
479 560 696 620 folium
744 551 934 641 (297)
986 560 1250 637 quodam
1308 560 1482 621 modo
1537 559 1851 619 defensum
1901 560 2161 618 tectum·

199 676 336 734 que
383 656 576 716 fuisse
623 655 804 715 facile
849 674 922 715 ex
965 655 1096 715 eius
1143 657 1444 717 munditia
1496 656 1875 734 perspicitur.
1922 673 2043 732 qua
2086 674 2159 717 re

202 755 391 816 venit
437 756 502 813 in
547 753 889 829 opinionem
933 753 1306 829 aliquamdiu
1352 754 1566 815 folium
1614 752 1862 830 aliquod
1906 752 2157 813 affixum

206 853 445 926 fuisse,
500 850 661 926 quod
719 848 1012 930 efficeret,
1065 869 1142 911 ne
1188 852 1252 911 id
1307 851 1466 930 quod
1519 869 1678 911 nunc
1731 852 1827 911 est
1871 850 2158 910 ultimum

206 943 336 1030 (29
348 939 422 1030 7)
461 941 842 1008 laederetur?
905 946 1037 1008 Hoc
1070 949 1286 1010 folium
1328 951 1454 1035 iam7
1497 949 1602 1009 diu
1650 947 1982 1009 abscissum
2018 964 2159 1006 cum

206 1045 384 1106 foliis
447 1046 795 1107 295—297
852 1045 998 1106 olim
1052 1046 1249 1107 effecit
1304 1047 1617 1108 dimidium
1680 1044 2155 1124 quaternionem,

207 1146 285 1202 ut
343 1161 530 1218 supra
574 1142 852 1221 diximus,
896 1142 1117 1202 litteris
1163 1144 1233 1216 λζ
1271 1144 1646 1222 insignitum.

403 1238 525 1298 Pro
571 1241 736 1299 certo
781 1239 969 1314 igitur
1022 1240 1368 1301 habendum
1412 1245 1509 1303 est
1553 1240 1772 1301 codicis
1817 1239 1873 1298 D
1923 1241 1986 1300 et
2030 1238 2153 1348 pri·

211 1355 391 1394 mum
430 1338 492 1395 et
526 1336 806 1395 ultimum
833 1335 1048 1396 folium
1074 1338 1384 1400 hominum
1418 1341 1878 1415 temporumque
1913 1334 2154 1396 1111111113

213 1432 531 1508 perditum
556 1451 690 1493 3333
719 1436 781 1492 et
814 1431 895 1510 id,
930 1436 1004 1494 ut
1027 1434 1289 1514 videtur,
1325 1437 1463 1495 ante
1492 1436 1801 1496 saeculum
1826 1433 1994 1507 XIII,
2032 1450 2156 1510 quo

218 1530 384 1589 alter
409 1529 694 1589 librarius
734 1529 880 1589 folia
916 1530 1357 1608 quinquaginta
1383 1552 1568 1592 unum
1595 1549 1892 1594 renovans
1929 1530 2154 1590 damna

218 1625 448 1686 codicis
494 1625 808 1686 sarcienda
843 1630 1208 1703 susceperat.
1283 1627 1413 1699 Quo
1451 1630 1760 1705 explorato
1798 1628 1980 1688 simul
2016 1646 2157 1687 con-

218 1725 354 1783 stat
399 1741 602 1783 omnes
649 1722 906 1799 33111333,
967 1723 1072 1799 qui
1124 1724 1350 1784 librum
1404 1725 1680 1802 quintum
1731 1725 1930 1784 tribus
1974 1741 2152 1800 para-

218 1820 474 1897 graphis
511 1820 747 1881 omissis
792 1820 858 1880 in
901 1822 1190 1881 vocabulo
1228 1817 1502 1900 κατέσχεν
1538 1820 1774 1895 finiunt,
1821 1822 1981 1881 ortos
2020 1839 2158 1881 3333

217 1937 297 1978 ex
344 1918 543 1978 codice
589 1917 661 1977 D.
753 1917 912 1978 Sunt
956 1937 1098 1980 vero
1144 1920 1232 1979 hi:

407 2109 801 2172 coislinianus
838 2113 1023 2173 codex
1055 2115 1178 2173 149
1219 2115 1571 2175 chartaceus
1613 2113 1897 2173 foliorum
1923 2113 2153 2172 formae
2169 2109 2232 2168 A

221 2209 520 2268 maximae
561 2210 690 2270 780
737 2210 996 2285 scriptus
1044 2209 1281 2272 saeculo
1319 2208 1434 2269 XV
1484 2204 1781 2285 (continet
1814 2208 2001 2267 libros
2029 2207 2149 2265 1—

223 2306 280 2363 V
327 2308 511 2382 atque
555 2299 901 2387 XI—XV):
959 2299 1047 2365 ‘in
1105 2325 1175 2366 eo
1236 2310 1381 2366 sunt
1432 2305 1759 2365 lectionum
1813 2303 2159 2364 discrimina

221 2404 439 2477 multa,
484 2422 741 2479 quorum
785 2403 1086 2479 specimen
1129 2404 1194 2464 in
1237 2402 1603 2466 bibliotheca
1641 2400 2006 2462 Coish‘niana
2051 2399 2153 2460 de·

222 2502 423 2560 dimus
468 2519 527 2575 p.
558 2501 717 2578 2143
770 2500 930 2561 hunc
986 2501 1254 2562 codicem
1298 2499 1600 2578 consulat,
1655 2499 1710 2559 si
1753 2499 1888 2577 quis
1932 2517 2157 2560 novam

219 2598 556 2657 editionem
607 2615 824 2673 parare
883 2591 1058 2657 velit'
1104 2598 1494 2658 Montfaucon
1544 2597 1823 2657 biblioth.
1867 2618 1927 2673 p.
1960 2598 2086 2656 105
2096 2598 2153 2656 7.

222 2694 626 2756 Collationem
662 2694 840 2754 huius
876 2694 1020 2753 libri
1055 2711 1092 2752 a
1120 2693 1442 2756 Camusato
1484 2695 1707 2755 factam
1741 2694 1969 2771 publici
2002 2693 2156 2753 iuris

223 2793 370 2853 fecit
415 2789 874 2868 WesselingiuS.

403 2888 764 2948 Mutinensis
820 2888 1004 2948 codex
1045 2886 1158 2947 III.
1194 2887 1263 2950 F.
1304 2892 1338 2950 7
1389 2881 1483 2968 (13
1527 2878 1700 2967 folio)
1745 2886 2149 2949 bibliothecae
2166 2890 2221 2949 Β

227 2985 528 3062 Estensis‚
586 2985 650 3044 in
695 3004 811 3061 quo
855 2988 995 3061 post
1053 2984 1279 3043 librum
1333 2986 1612 3061 quintum
1655 2985 1803 3045 haec
1845 2985 2155 3045 invenitur

228 3081 617 3157 subscriptio:
682 3083 1001 3160 Μιχαῆλος
1055 3076 1411 3160 Ἀποστόλης
1463 3081 1786 3155 Βυζάντιος
1844 3079 1987 3160 μετὰ
2040 3078 2153 3158 τὴν

229 3179 449 3241 ἅλωσιν
494 3186 599 3257 τῆς
643 3175 829 3239 αὑτοῦ
874 3179 1155 3258 πατρίδος
1207 3179 1384 3263 πενίᾳ
1438 3180 1632 3251 συζῶν
1676 3175 1777 3238 καὶ
1820 3177 1997 3256 τήνδε
2041 3174 2155 3254 τὴν

229 3276 438 3354 βίβλον
475 3276 674 3359 μισθῷ
711 3271 777 3334 ἐν
813 3272 1026 3359 Κρήτῃ
1062 3272 1400 3357 ἐξέγραψεν,
1452 3277 1706 3338 collatus
1746 3279 1839 3336 est
1874 3278 1938 3334 in
1973 3292 2155 3334 usum

231 3372 544 3433 Camusati
579 3372 656 3431 ab
694 3370 762 3432 L.
791 3370 866 3434 A.
893 3372 1251 3450 Muratori03
1299 3372 1405 3432 sed
1446 3373 1562 3431 nisi
1597 3372 1755 3431 forte
1783 3366 2156 3442 Wesselingi

231 3469 414 3530 editio
461 3487 677 3545 parum
722 3471 817 3529 est
861 3473 1170 3549 accurata,
1215 3470 1393 3529 nimis
1438 3470 1798 3529 festinanter
1842 3480 1982 3521 eum
2025 3482 2157 3521 mu·

70 3581 73 3616 1
231 3584 374 3626 11313
421 3584 528 3626 3113
565 3566 839 3627 functum
876 3586 1007 3628 esse
1046 3587 1180 3628 cum
1219 3566 1339 3625 alia
1381 3569 1513 3625 tum
1556 3565 1622 3622 id
1668 3558 1947 3632 ostendit,
1993 3556 2157 3629 quod
