2569 4061
1143 323 1223 378 ΠΙ
1262 329 1347 380 35.
2067 325 2198 390 315

270 503 471 552 σευτα
526 492 911 552 καθεστῶτα
967 487 1091 569 τὴν
1146 486 1274 551 ἀπὸ
1336 498 1472 551 τῶν
1529 488 1804 574 ὀφρύων
1864 490 2202 574 πρόσοψιν

159 615 264 664 201
290 592 786 679 αὐστηροτέραν
812 596 961 678 ἔχει.
1027 603 1170 668 ταῖς
1207 588 1284 657 δὲ
1310 596 1617 676 θηλείαις
1656 595 2008 660 ἰδιώτατον
2039 610 2205 677 συμ-

266 703 486 784 βαίνει
544 702 618 766 τὸ
679 700 801 783 τὴν
862 702 1119 785 μήτραν
1181 698 1367 777 ἐκτὸς
1423 708 1546 765 τοῦ
1607 701 1907 785 σώματος
1966 700 2199 787 φέρειν

269 794 484 873 πάντα
546 809 666 872 τὸν
727 806 994 892 χρόνον.
1096 807 1132 872 ὁ
1201 803 1276 871 δὲ
1340 809 1694 890 λεγόμενος
1762 814 1970 890 κῆπος
2033 808 2201 873 ὠνό-
2238 813 2270 861 6

214 930 241 970 5
269 931 510 999 μασται
564 911 687 998 μὲν
743 913 870 978 ἀπὸ
926 921 1043 997 τῆς
1095 912 1247 999 περὶ
1300 915 1420 979 τὸν
1475 915 1679 996 ὄγκον
1734 914 1894 980 ὅλον
1955 915 2202 999 ὡραίας

265 1019 378 1086 καὶ
412 1029 794 1106 προσηνοῦς
828 1020 1110 1104 ἡλικίας,
1146 1021 1222 1085 τὸ
1261 1017 1336 1085 δὲ
1373 1023 1736 1105 πρόσωπον
1763 1022 1933 1105 ἔχων
1963 1022 2199 1105 ὅμοιον

267 1126 487 1193 λέοντι
530 1128 606 1192 τὸ
644 1127 881 1192 λοιπὸν
920 1136 1108 1210 σῶμα
1145 1124 1337 1212 φέρει
1372 1126 1673 1212 πάνθηρι
1711 1130 2197 1212 παραπλήσιον,

261 1236 436 1319 πλὴν
494 1243 616 1300 τοῦ
675 1232 1034 1318 μεγέθους,
1101 1232 1135 1297 ὃ
1192 1242 1593 1319 παρισοῦται
1648 1233 1942 1318 δορκάδι.
2033 1235 2199 1299 πάν·
2239 1253 2269 1301 7

262 1363 397 1406 των
444 1336 519 1404 δὲ
572 1349 707 1404 τῶν
753 1338 1121 1424 εἰρημένων
1170 1337 1354 1427 ζῴων
1399 1338 1436 1403 ὁ
1484 1340 1910 1424 σαρκοφάγος
1953 1347 2200 1425 ταῦρος

189 1461 242 1501 10
270 1446 675 1532 ἀγριώτατός
720 1444 858 1509 ἐστι
902 1443 1015 1509 καὶ
1059 1450 1398 1521 παντελῶς
1433 1446 2036 1530 δυσκαταμάχητος.
2103 1455 2195 1535 τῷ

267 1549 392 1635 μὲν
443 1553 570 1635 γὰρ
629 1551 804 1637 ὄγκῳ
851 1557 1048 1613 τοῦτο
1096 1553 1320 1633 μεῖζόν
1365 1549 1506 1615 ἐστι
1550 1561 1685 1616 τῶν
1730 1550 1995 1638 ἡμέρων
2039 1555 2198 1618 ταύ-

263 1681 425 1744 ρων,
482 1656 747 1740 ὀξύτητι
807 1652 881 1721 δὲ
935 1656 1165 1720 ποδῶν
1221 1656 1305 1720 οὐ
1359 1660 1755 1741 λειπόμενον
1810 1659 2046 1742 ἵππου,
2102 1666 2194 1747 τῷ

262 1766 537 1847 στόματι
584 1759 659 1827 δὲ
705 1762 1050 1846 διεστηκὸς
1096 1762 1247 1848 ἄχρι
1283 1772 1420 1827 τῶν
1457 1763 1664 1827 ὤτων.
1738 1765 1814 1829 τὸ
1854 1761 1928 1829 δὲ
1963 1774 2195 1850 χρῶμα

259 1871 520 1955 πυρρὸν
575 1871 707 1953 ἔχει
761 1862 916 1933 καθ’
970 1868 1381 1953 ὑπερβολήν,
1442 1866 1553 1933 καὶ
1613 1870 1693 1934 τὰ
1752 1866 1874 1953 μὲν
1936 1872 2195 1955 ὄμματα

181 1992 233 2034 15
259 1979 668 2062 γλαυκότερα
728 1972 998 2053 λέοντος
1057 1974 1169 2041 καὶ
1226 1976 1344 2053 τὰς
1402 1976 1646 2053 νύκτας
1711 1974 2190 2063 ἀστράπτοντα,

257 2084 339 2146 τὰ
386 2079 460 2148 δὲ
503 2082 744 2169 κέρατα
793 2082 1060 2166 φύσεως
1108 2083 1496 2167 ἰδιοτρόπου
1542 2091 2025 2148 κοινωνοῦντα·
2071 2086 2192 2149 τὸν

262 2185 386 2273 μὲν
430 2190 557 2275 γὰρ
604 2191 811 2254 ἄλλον
848 2191 1095 2273 χρόνον
1132 2188 1301 2253 αὐτὰ
1336 2199 1513 2254 κινεῖ
1542 2191 2016 2274 παραπλησίως
2052 2201 2191 2268 τοῖς

260 2297 407 2380 ὠσί,
453 2297 618 2361 κατὰ
666 2292 740 2360 δὲ
785 2295 902 2371 τὰς
947 2295 1159 2378 μάχας
1203 2295 1468 2378 ἵστησιν
1514 2294 1871 2379 ἀραρότως.
1921 2297 2068 2379 ’τὴν
2116 2296 2191 2362 δὲ

256 2410 374 2484 τῆς
427 2404 650 2487 τριχὸς
705 2401 1057 2484 ἐπαγωγὴν
1111 2403 1243 2485 ἔχει
1297 2410 1438 2476 τοῖς
1491 2401 1718 2477 ἄλλοις
1765 2397 1954 2488 ζῴοις
1999 2399 2190 2467 ἐναν-

173 2524 231 2566 20
257 2509 425 2573 τίαν.
508 2509 646 2572 ἔστι
693 2504 768 2572 δὲ
813 2509 889 2572 τὸ
931 2510 1186 2592 θηρίον
1233 2506 1399 2592 ἀλκῇ
1445 2529 1515 2571 τε
1560 2504 1672 2571 καὶ
1719 2508 1999 2592 δυνάμει
2047 2510 2189 2574 διά·
2226 2526 2259 2575 8

258 2637 499 2700 φορον,
557 2613 645 2690 ὡς
701 2611 785 2678 ἂν
832 2612 1301 2697 ἐπιτιθέμενον
1345 2624 1487 2690 τοῖς
1531 2612 2006 2697 ἀλκιμωτάτοις
2053 2626 2188 2682 τῶν

258 2717 443 2809 ζῴων
487 2718 598 2785 καὶ
643 2721 767 2804 τὴν
802 2720 1065 2806 τροφὴν
1102 2722 1256 2804 ἔχον
1295 2718 1368 2784 ἐκ
1401 2727 1516 2803 τῆς
1551 2729 1688 2785 τῶν
1724 2720 2187 2806 χειρωθέντων

255 2829 729 2913 σαρκοφαγίας.
823 2828 1208 2912 διαφθείρει
1266 2822 1342 2890 δὲ
1395 2824 1505 2892 καὶ
1560 2827 1677 2904 τὰς
1720 2831 2004 2912 ποίμνας
2050 2839 2186 2894 τῶν

257 2932 617 3020 ἐγχωρίων,
674 2930 787 2997 καὶ
840 2936 1378 3016 καταπληκτικῶς
1423 2931 1806 3014 ἀγωνίζεται
1851 2936 2017 3020 πρὸς
2064 2935 2187 3000 ὅλα

174 3055 228 3097 25
256 3041 639 3123 συστήματα
683 3047 818 3102 τῶν
864 3036 1201 3122 ποιμένων
1245 3035 1358 3102 καὶ
1402 3047 1628 3103 κυνῶν
1674 3036 1928 3120 ἀγέλας.
2003 3037 2183 3121 λέγε·
2220 3059 2252 3108 9

252 3167 361 3209 ται
416 3142 491 3210 δὲ
545 3142 657 3210 καὶ
710 3145 785 3210 τὸ
840 3142 1052 3228 δέρμα
1098 3145 1398 3229 ἄτρωτον
1444 3146 1645 3228 ἔχειν·
1701 3148 1967 3209 πολλῶν
2012 3152 2182 3224 γοῦν

254 3248 791 3335 ἐπιβεβλημένων
849 3253 1080 3333 λαβεῖν
1133 3249 1521 3335 ὑποχείριον
1577 3246 1829 3333 μηδένα
1873 3263 2182 3332 κατισχυ-

397 3448 425 3495 1
464 3442 805 3498 καθεστῶτα
835 3483 847 3497 .
877 3438 980 3510 τὴν
1018 3436 1074 3495 δ’
1109 3436 1221 3495 ἀπὸ
1251 3441 1301 3495 D
1394 3447 1430 3495 4
1466 3434 1692 3495 ἅπαντα
1718 3439 1872 3508 vulg.
1974 3444 2006 3493 ὅ
2046 3433 2180 3493 ὅλον

251 3508 353 3567 τὸν
391 3508 564 3581 ὄγκον
601 3514 759 3583 vulg.
908 3518 974 3568 11
1011 3508 1298 3583 ἡμετέρων
1339 3512 1382 3566 F
1531 3515 1598 3564 13
1637 3504 1795 3563 ὤτων
1830 3509 2037 3578 Agath.
2083 3510 2175 3581 76]

252 3578 521 3653 ὀμμάτων
574 3582 800 3640 codices
948 3589 1016 3638 25
1054 3586 1334 3653 ποιμνίων
1374 3582 1430 3637 C.
