2569 4061
405 259 533 323 150
1093 255 1401 312 DIODORI
1439 255 1672 312 SICULI

399 421 1066 507 προσαγορευόμενον
1086 423 1204 503 Μη
1214 429 1358 503 νᾶν,
1389 420 1798 504 διωκόμενον
1811 419 1939 484 ὑπὸ
1969 430 2103 485 τῶν
2125 421 2321 485 ἰδίων

399 538 625 592 κυνῶν
684 536 1094 610 καταφυγεῖν
1158 527 1253 602 είς
1323 527 1445 609 τὴν
1507 527 1842 611 Μοίριδος
1900 525 2319 611 καλουμένην

400 635 663 717 λίμνην,
725 626 939 698 ἔπειθ’
989 632 1118 697 ὑπὸ
1165 632 1596 717 κροκοδείλου
1643 634 2031 719 παραδόξως
2078 632 2319 717 ἀναληψ

402 734 664 822 φθέντα
720 740 815 817 εἰς
867 740 943 803 τὸ
977 729 1207 824 [πέραν
1263 737 1728 823 ἀπενεχθῆναι.
1819 747 1936 822 τῆς
1991 736 2065 804 δὲ
2111 757 2319 823 σωτη-
2356 727 2375 744 N

402 849 550 933 ρίας
603 846 798 931 χάριν
854 845 1250 910 ἀποδιδόναι
1306 847 1720 929 βουλόμενον
1773 853 1864 933 τῷ
1928 842 2065 934 ζῴῳ
2121 848 2318 911 πόλιν
2346 865 2371 904 5

398 955 617 1018 κτίσαι
671 954 956 1036 πλησίον
1002 952 1423 1036 ὀνομάσαντα
1469 952 1961 1038 Κροκοδείλων·
2021 953 2317 1018 καταδεῖ-

402 1059 506 1137 ξαι
554 1056 626 1124 δὲ
672 1057 783 1124 καὶ
817 1068 959 1134 τοῖς
1005 1057 1352 1143 ἐγχωρίοις
1389 1058 1478 1134 ὡς
1520 1060 1729 1136 θεοὺς
1763 1067 1961 1143 τιμᾶν
1995 1067 2200 1123 ταῦτα
2237 1060 2317 1123 τὰ

403 1169 532 1251 ζῷα
587 1162 696 1230 καὶ
741 1165 863 1249 τὴν
910 1167 1151 1249 λίμνην
1197 1165 1425 1242 αὐτοῖς
1480 1170 1574 1243 εἰς
1626 1167 1890 1252 τροφὴν
1936 1165 2316 1231 ἀναθεῖναι·

401 1270 698 1336 ἐνταῦθα
744 1267 818 1337 δὲ
852 1269 963 1335 καὶ
1000 1272 1119 1335 τὸν
1155 1272 1375 1356 τάφον
1412 1269 1623 1360 ἑαυτῷ
1670 1273 2151 1338 κατασκευάσαι
2196 1293 2319 1335 πυ-

400 1377 646 1462 ραμίδα
690 1377 1177 1463 τετράπλευρον
1223 1376 1685 1461 ἐπιστήσαντα,
1735 1375 1848 1443 καὶ
1893 1379 2012 1443 τὸν
2056 1384 2319 1462 θαυμα-
2347 1401 2399 1438 10

404 1485 679 1567 ζόμενον
724 1484 901 1569 παρὰ
946 1488 1219 1562 πολλοῖς
1264 1484 1685 1571 λαβύρινθον
1732 1486 2182 1570 οἰκοδομῆσαι.

328 1624 364 1671 4
578 1593 1021 1676 Παραπλήσια
1069 1587 1143 1656 δὲ
1187 1588 1300 1656 καὶ
1344 1588 1493 1677 περὶ
1539 1602 1673 1656 τῶν
1718 1593 1940 1658 ἄλλων
1985 1589 2317 1676 λέγουσιν,

398 1693 566 1783 ὑπὲρ
614 1691 708 1763 ὧν
753 1698 834 1762 τὰ
889 1695 1040 1761 καθ’
1101 1696 1379 1763 ἕκαστον
1434 1699 1690 1783 μακρὸν
1737 1697 1821 1762 ἂν
1865 1704 1967 1781 εἴη
2015 1699 2316 1784 γράφειν.

400 1804 501 1868 ὅτι
545 1804 673 1889 γὰρ
708 1811 825 1886 τῆς
871 1803 1192 1885 ὠφελείας
1228 1802 1420 1869 ἕνεκα
1465 1813 1580 1888 τῆς
1623 1805 1719 1881 εἰς
1762 1804 1881 1868 τὸν
1917 1805 2070 1886 βίον
2108 1804 2319 1881 οὕτως

401 1907 677 1987 ἑαυτοὺς
713 1911 1027 1993 εὐθίκασι,
1064 1912 1363 1996 φανερὸν
1401 1905 1572 1975 εἶναι
1609 1919 1812 1975 πᾶσιν
1850 1907 1920 1973 ἐκ
1947 1916 2069 1973 τοῦ
2106 1911 2319 1975 πολλὰ
2349 1932 2399 1971 15

398 2026 533 2083 τῶν
570 2015 916 2102 ἐδωδίμων
951 2010 1106 2103 παρ’
1150 2002 1376 2096 αὐτοῖς
1413 2016 1634 2095 ἐνίους
1670 2018 1758 2102 μὴ
1796 2014 2317 2102 προσφέρεσθαι.

400 2124 585 2200 τινὰς
631 2120 752 2208 μὲν
798 2125 926 2210 γὰρ
972 2134 1228 2209 φακῶν,
1275 2126 1462 2203 τινας
1508 2120 1583 2190 δὲ
1627 2125 1929 2209 κυάμων,
1978 2124 2200 2203 ἐνίους
2247 2122 2320 2189 δὲ

399 2213 622 2316 τυρῶν
675 2229 716 2315 ἢ
772 2232 1135 2318 κρομμύων
1188 2233 1231 2315 ἤ
1286 2254 1493 2297 τινων
1547 2232 1770 2298 ἄλλων
1823 2232 2192 2317 βρωμάτων
2245 2232 2319 2295 τὸ

399 2338 710 2420 παράπαν
772 2338 860 2421 μὴ
925 2338 1274 2420 γεύεσθαι,
1339 2342 1606 2403 πολλῶν
1669 2338 2104 2422 ὑπαρχόντων
2158 2338 2320 2403 κατὰ

399 2442 525 2524 τὴν
543 2446 910 2524 Αἴγυπτον,
940 2444 1147 2525 δῆλον
1174 2452 1532 2519 ποιοῦντας
1562 2444 1732 2507 διότι
1763 2441 2121 2536 διδακτέον,
2140 2443 2319 2509 ἐστὶν
2350 2467 2402 2505 20

398 2544 681 2624 ἑαυτοὺς
716 2558 851 2612 τῶν
887 2550 1230 2637 χρησίμων
1268 2545 1652 2632 ἀπέχεσθαι,
1691 2545 1801 2612 καὶ
1845 2549 2016 2612 διότι
2052 2551 2322 2614 πάντων

399 2652 615 2716 πάντα
662 2652 1033 2718 ἐσθιόντων
1071 2649 1273 2718 οὐδὲν
1320 2651 1404 2718 ἂν
1442 2652 1745 2738 ἐξήρκεσε
1790 2664 1925 2718 τῶν
1972 2653 2321 2717 ἀναλισκο-

332 2757 639 2857 5ζμένων.
730 2755 840 2823 καὶ
887 2756 1108 2844 ἑτέρας
1154 2755 1214 2823 δ’
1268 2760 1484 2835 αἰτίας
1528 2756 1846 2844 φέροντές
1890 2757 2066 2835 τινές
2110 2775 2321 2843 φασιν

401 2862 507 2930 ἐπὶ
560 2875 694 2929 τῶν
748 2870 1048 2931 παλαιῶν
1102 2864 1440 2949 βασιλέων
1487 2865 1802 2943 πολλάκις
1865 2864 2320 2949 ἀφισταμένου

400 2981 521 3038 τοῦ
575 2974 880 3056 πλήθους
938 2970 1048 3037 καὶ
1107 2982 1661 3058 συμφρονοῦντος
1713 2974 1878 3038 κατὰ
1930 2980 2065 3037 τῶν
2118 2940 2321 3054 ἡάου-
2351 2997 2403 3039 25

400 3079 640 3165 με’νων,
687 3090 822 3145 τῶν
867 3078 1198 3163 βασιλέων
1242 3068 1392 3146 τινὰ
1448 3078 1712 3145 συνέσει
1769 3079 2175 3164 διαφέροντα
2225 3080 2360 3143 δι-·

510 3314 539 3360 1
579 3304 715 3378 μινὰ
752 3307 820 3375 D,
857 3314 994 3378 μῖνα
1031 3306 1073 3360 F
1192 3312 1226 3361 2
1264 3304 1502 3379 μύριδος
1528 3307 1644 3361 DF
1753 3314 1785 3362 6
1824 3305 2187 3377 κροκόδειλον
2222 3308 2326 3364 OF

402 3382 470 3430 15
525 3379 725 3450 πᾶσιν]
774 3378 950 3448 φασὶν
996 3378 1151 3450 vulg.
1289 3384 1354 3434 21
1416 3374 1678 3449 ἑαυτοὺς]
1726 3375 1940 3442 αὐτοὺς
1983 3378 2135 3449 vulg.
2253 3384 2320 3433 22

401 3441 750 3575 ξξῖξέέσὸιῗ
739 3450 787 3503 D
945 3453 1013 3503 25
1050 3444 1223 3520 κατὰ]
1259 3445 1418 3521 παρὰ
1456 3447 1549 3504 OD
1709 3453 1778 3505 26
1816 3447 1976 3513 τινὰς
2013 3481 2080 3491 -
2119 3446 2321 3519 διαφέ-
