2569 4061
381 300 511 364 378
1048 296 1359 354 DIODORI
1395 294 1625 353 SICULI

379 479 540 548 μασι
575 463 695 527 τὸν
735 459 977 547 Ὀρφέα
1013 460 1124 526 καὶ
1163 461 1606 546 Προναπίδην
1640 460 1761 524 τὸν
1798 454 2086 546 Ὁμήρου
2122 460 2327 524 διδά-

381 573 653 649 σκαλον,
692 567 911 652 εὐφυῆ
950 569 1272 651 γεγονότα
1310 569 1696 651 μελοποιόν·
1734 567 1901 650 πρὸς
1938 562 2011 630 δὲ
2048 567 2325 643 τούτοις

378 675 723 758 Θυμοίτην
758 674 878 740 τὸν
917 676 1257 759 Θυμοίτου
1292 682 1414 737 τοῦ
1452 670 1944 757 Λαομέδοντος,
1989 673 2154 736 κατὰ
2190 673 2325 755 τὴν

376 780 645 863 ἡλικίαν
707 783 1033 864 γεγονότα
1093 781 1217 864 τὴν
1274 774 1591 864 Ὀρφέως,
1658 783 2085 863 πλανηθῆναι
2150 780 2325 844 κατὰ

375 889 675 965 πολλοὺς
710 889 957 964 τόπους
991 893 1108 969 τῆς
1142 885 1562 969 οἰκουμένης,
1602 883 1714 950 καὶ
1751 887 2163 970 παραβαλεῖν
2197 893 2324 968 τῆς
2356 902 2385 943 5

381 994 649 1078 Λιβύης
694 995 790 1070 εἰς
832 993 957 1076 τὴν
1001 994 1173 1078 πρὸς
1219 990 1504 1077 ἑσπέραν
1547 992 1773 1078 χώραν
1818 989 1941 1066 ἕως
1986 990 2320 1056 ὠκεανοῦ·

377 1100 764 1166 θεάσασθαι
820 1095 894 1163 δὲ
948 1096 1059 1163 καὶ
1104 1099 1230 1182 τὴν
1277 1102 1543 1181 Νῦσαν,
1601 1097 1675 1163 έν
1720 1088 1763 1183 ᾗ
1808 1102 2320 1181 μυθολογοῦσιν

376 1188 450 1271 οἰ
500 1204 810 1290 ἐγχώριοι
865 1203 1131 1289 ἀρχαῖοι
1189 1213 1527 1291 τραφῆναι
1587 1205 1706 1269 τὸν
1764 1206 2142 1286 Διόνυσον,
2200 1201 2319 1268 καὶ

373 1311 490 1386 τὰς
544 1311 709 1375 κατὰ
764 1309 964 1395 μέρος
1017 1318 1141 1376 τοῦ
1185 1316 1358 1383 θεοῦ
1403 1311 1649 1375 τούτου
1694 1308 1963 1395 πράξεις
2007 1311 2316 1394 μαθόντα

373 1418 552 1501 παρὰ
596 1427 732 1481 τῶν
771 1415 1107 1483 Νυσαέων
1153 1417 1611 1497 συντάξασθαι
1646 1418 1771 1501 τὴν
1815 1418 2124 1501 Φρυγίαν
2160 1415 2314 1481 ὀνο·
2344 1436 2403 1475 10

375 1521 756 1607 μαζομένην
808 1526 1103 1608 ποίησιν,
1161 1523 1504 1609 ἀρχαϊκοῖς
1556 1532 1635 1608 τῇ
1690 1546 1761 1588 τε
1822 1520 2139 1610 διαλέκτῳ
2200 1520 2312 1586 καὶ

265 1632 353 1698 68
374 1639 518 1706 τοῖς
563 1630 900 1714 γράμμασι
946 1628 1383 1716 χρησάμενον.
1476 1625 1645 1713 φησὶ
1702 1625 1761 1692 δ’
1818 1621 1945 1692 οὗν
1990 1625 2313 1711 ’Ἀμμωνα

371 1737 817 1818 βασιλεύοντα
863 1745 985 1801 τοῦ
1021 1735 1264 1821 μέρους
1300 1743 1417 1817 τῆς
1452 1735 1714 1818 Λιβύης
1755 1734 2069 1819 Οὐρανοῦ
2103 1742 2311 1818 γῆμαι

370 1840 715 1928 θυγατέρα
775 1842 901 1925 τὴν
973 1837 1654 1927 προσαγορευομένην
1716 1836 1932 1923 Ῥέαν,
2005 1839 2309 1922 ἀδελφὴν

373 1943 588 2013 οὖσαν
624 1949 898 2034 Κρόνου
932 1969 1003 2012 τε
1039 1944 1151 2012 καὶ
1194 1957 1332 2011 τῶν
1378 1947 1600 2011 ἄλλων
1644 1947 1962 2012 Τιτάνων.
2035 1944 2306 2011 ἐπιόντα
2336 1964 2392 2006 15

373 2052 447 2120 δὲ
506 2056 631 2139 τὴν
688 2057 1034 2139 βασιλείαν
1093 2054 1318 2140 εὑρεῖν
1382 2056 1667 2138 πλησίον
1720 2064 1857 2119 τῶν
1909 2056 2307 2140 Κεραυνίων

370 2161 805 2247 καλουμένων
853 2162 1033 2248 ὀρῶν
1069 2158 1417 2245 παρθένον
1452 2169 1544 2249 τῷ
1582 2160 1808 2226 κάλλει
1847 2159 2305 2246 διαφέρουσαν

299 2291 331 2340 2
366 2262 770 2352 Ἀμάλθειαν
807 2269 1037 2353 ὄνομα.
1112 2265 1484 2353 ἐρασθέντα
1524 2260 1586 2331 δ’
1631 2266 1834 2350 αὐτῆς
1869 2264 1982 2331 καὶ
2026 2267 2304 2350 πλησιά-

370 2390 581 2440 σαντα
634 2383 953 2458 γεννῆσαι
1005 2375 1213 2439 παῖδα
1265 2381 1359 2461 τῷ
1415 2396 1485 2439 τε
1540 2374 1766 2439 κάλλει
1819 2370 1932 2438 καὶ
1985 2382 2066 2459 τῇ
2113 2374 2301 2459 ῥώμῃ

368 2483 787 2565 θαυμαστόν,
815 2478 928 2546 καὶ
955 2481 1080 2563 τὴν
1108 2475 1231 2564 μὲν
1258 2477 1665 2564 Ἀμάλθειαν
1695 2478 2037 2558 ἀποδεῖξαι
2063 2484 2304 2565 κυρίαν
2329 2500 2382 2540 20

366 2596 490 2650 τοῦ
517 2586 848 2668 σύνεγγυς
873 2589 1085 2650 τόπου
1110 2588 1380 2669 παντός,
1420 2587 1612 2663 ὄντος
1647 2595 1738 2674 τῷ
1777 2589 2062 2671 σχήματι
2095 2607 2301 2673 παρα-

368 2693 657 2775 πλησίου
701 2690 928 2772 κέρατι
974 2694 1154 2774 βοός,
1202 2687 1321 2776 ἀφ’
1366 2687 1447 2776 ἧς
1493 2693 1704 2769 αἰτίας
1737 2687 2065 2780 Ἑσπέρου
2109 2692 2302 2781 κέρας

367 2805 1029 2884 προσαγορευθῆναι·
1097 2799 1210 2864 διὰ
1276 2796 1350 2864 δὲ
1416 2800 1539 2883 τὴν
1602 2799 1844 2886 ἀρετὴν
1905 2808 2022 2883 τῆς
2085 2801 2301 2887 χώρας

367 2900 541 2971 εἶναι
595 2905 812 2990 πλήρη
873 2905 1303 2989 παντοδαπῆς
1360 2903 1660 2990 ἀμπέλου
1714 2902 1826 2972 καὶ
1883 2916 2019 2972 τῶν
2078 2907 2299 2972 ἄλλων

297 3034 332 3082 3
372 3010 674 3097 δένδρων
727 3021 864 3076 τῶν
917 3009 1205 3096 ἡμέρους
1260 3014 1610 3098 φερόντων
1662 3013 1975 3098 καρπούς.
2064 3020 2181 3097 τῆς
2227 3008 2299 3077 δὲ
2323 3030 2371 3072 25

372 3116 856 3204 προειρημένης
899 3119 1217 3201 γυναικὸς
1261 3119 1387 3202 τὴν
1435 3119 1833 3183 δυναστείαν
1877 3118 2297 3205 παραλαβού-

552 3279 579 3326 1
618 3291 765 3343 προν
732 3275 974 3361 νοπίδην
1010 3274 1060 3327 D
1188 3280 1291 3329 42
1260 3269 1365 3344 τὴν
1401 3275 1472 3342 D,
1508 3275 1611 3329 τοῦ
1649 3274 1803 3343 vulg.
1915 3280 1947 3328 5
1985 3276 2084 3329 καὶ
2119 3294 2294 3343 παρα-

364 3345 524 3465 33:²2
511 3350 726 3498 ἶίένηςδ
757 3340 977 3498 ἔέᾱῖἔέε
1002 3360 1108 3398 om
1150 3344 1192 3467 (ἐ
1244 3351 1425 3483 αρχοῗῖ
1421 3344 1696 3470 οέοῗῗίζΙ.
1697 3344 1878 3400 RhOd
1866 3364 2294 3482 ίΙκΞὲαέικῖηὲ

359 3478 728 3593 Bindorfff)
655 3501 728 3549 αρ
730 3484 941 3551 χιακῶς
975 3483 1108 3537 libri
1143 3485 1460 3606 5012123)
1607 3489 1672 3538 13
1710 3486 1813 3540 τοῦ
1851 3502 1963 3540 om.
2005 3485 2055 3540 0
2226 3490 2288 3540 18

410 3550 664 3611 μαλθίαν
702 3552 922 3606 codices
962 3554 1048 3620 (ut
1082 3553 1142 3606 in
1167 3556 1267 3622 ra).
