2569 4061
402 264 537 330 250
1069 260 1379 318 DIODORI
1416 258 1650 317 SICULI

402 426 670 512 έχοντος
712 421 1137 509 προσπέσωσι
1181 423 1493 506 ψεκάδες,
1548 425 1624 488 τὸ
1672 424 2151 507 διατηκόμενον
2195 423 2332 488 ὑπὸ

401 542 519 615 τῆς
565 530 840 614 ἰκμάδος
877 540 1116 616 συρρεῖ
1146 532 1244 608 εἰς
1277 532 1396 607 τὰς
1432 529 1727 616 ἁρμογὰς
1759 541 1896 595 τῶν
1933 532 2174 613 λίθων,
2218 529 2333 594 καὶ

296 637 386 702 50
403 637 832 720 πηγνύμενον
879 647 1209 722 συμφυεῖς
1254 635 1687 722 ἀπεργάζεται
1729 638 2013 720 τοίχους.
2097 642 2334 720 μεταλ-

403 743 665 809 λεύεται
710 739 787 808 δὲ
830 744 997 809 κατὰ
1048 742 1174 827 τὴν
1224 738 1544 827 Ἀραβίαν
1596 740 1709 807 καὶ
1753 741 1790 808 ὁ
1835 745 2332 827 προσαγορευό-

402 874 603 934 μενος
648 850 904 937 ἄπυρος
947 850 1216 935 χρυσός,
1263 848 1388 932 οὐχ
1434 848 1657 934 ὥσπερ
1692 848 1874 933 παρὰ
1916 858 2058 925 τοῖς
2103 849 2334 926 ἄλλοις
2360 862 2388 905 ⁵

404 956 476 1022 ἐκ
511 957 877 1042 ψηγμάτων
912 958 1398 1039 καθεψόμενος,
1436 952 1579 1020 ἀλλ’
1623 953 1836 1032 εὐθὺς
1872 954 2316 1041 ὀρυττόμενος
2336 974 2438 1023 162

403 1063 778 1149 εὑρίσκεται
831 1064 906 1127 τὸ
962 1060 1249 1145 μέγεθος
1301 1062 1578 1147 καρύοις
1612 1071 2079 1138 κασταναϊκοῖς
2122 1082 2334 1146 παρα-

401 1172 712 1253 πλήσιος,
772 1167 897 1252 τὴν
954 1163 1029 1232 δὲ
1072 1170 1282 1254 χρόαν
1329 1166 1504 1233 οὕτω
1560 1167 1916 1251 φλογώδης
1961 1168 2130 1232 ὥστε
2173 1171 2336 1245 τοὺς

405 1274 876 1357 ἐντιμοτάτους
918 1276 1160 1350 λίθους
1200 1274 1334 1339 ὑπὸ
1393 1284 1529 1339 τῶν
1571 1285 1890 1358 τεχνιτῶν
1935 1271 2335 1351 ἐνδεθέντας

334 1397 366 1446 2
404 1390 624 1445 ποιεῖν
678 1381 760 1444 τὰ
811 1381 1131 1446 κάλλιστα
1183 1392 1322 1447 τῶν
1374 1381 1837 1465 κοσμημάτων.
1926 1380 2334 1464 θρεμμάτων
2360 1396 2413 1436 10

403 1508 473 1550 τε
510 1486 956 1551 παντοδαπῶν
991 1495 1275 1553 τοσοῦτο
1312 1484 1455 1552 κατ’
1500 1486 1713 1571 αὐτὴν
1749 1486 2028 1572 ὑπάρχει
2071 1490 2334 1571 πλῆθος

405 1594 573 1658 ὥστε
630 1595 800 1678 ἔθνη
859 1595 1075 1660 πολλὰ
1126 1595 1390 1677 νομάδα
1443 1596 1598 1677 βίον
1642 1590 1944 1679 ᾑρημένα
1992 1594 2335 1659 δύνασθαι

404 1705 621 1779 καλῶς
684 1700 1196 1787 διατρέφεσθαι,
1260 1703 1452 1765 σίτου
1515 1696 1639 1783 μὲν
1697 1700 1786 1783 μὴ
1849 1701 2333 1785 προσδεόμενα,

404 1815 485 1892 τῇ
533 1804 594 1871 δ’
651 1805 780 1871 ἀπὸ
825 1806 1083 1871 τούτων
1129 1807 1442 1893 δαψιλείᾳ
1493 1806 1974 1891 χορηγούμενα.
2064 1809 2335 1890 θηρίων

404 1936 475 1978 τε
501 1918 762 1997 πλῆθος
799 1912 1094 1997 ἀλκίμων
1125 1911 1167 1995 ἡ
1194 1914 1689 1997 προσορίζουσα
1714 1920 1795 1997 τῇ
1822 1914 2047 1999 Συρίᾳ
2073 1911 2331 1998 τρέφει·
2362 1926 2412 1969 1⁵

404 2017 517 2087 καὶ
553 2021 683 2107 γὰρ
716 2018 992 2096 λέοντας
1027 2016 1139 2085 καὶ
1170 2019 1535 2104 παρδάλεις
1572 2018 1647 2085 ἐν
1683 2018 1850 2104 αὐτῇ
1886 2023 2113 2107 πολλῷ
2150 2022 2334 2085 πλεί-

408 2150 569 2204 ονας
611 2125 723 2193 καὶ
767 2129 1029 2211 μείζους
1070 2124 1184 2193 καὶ
1227 2137 1373 2202 ταῖς
1426 2125 1658 2202 ἀλκαῖς
1703 2127 2075 2211 διαφόρους
2119 2147 2336 2210 πεφυ-

406 2233 594 2300 κέναι
628 2235 797 2320 ἥπερ
836 2233 910 2300 έν
944 2242 1026 2320 τῇ
1052 2234 1277 2320 Λιβύῃ
1316 2231 1719 2317 συμβέβηκε·
1754 2232 1920 2318 πρὸς
1957 2228 2032 2297 δὲ
2067 2233 2337 2310 τούτοις

334 2357 367 2405 3
407 2342 480 2407 oc
525 2341 928 2425 καλούμενοι
991 2340 1418 2425 Βαβυλώνιοι
1482 2342 1746 2425 τίγρεις.
1838 2338 2030 2425 φέρει
2093 2336 2169 2405 δὲ
2221 2338 2339 2405 καὶ

408 2451 538 2536 ζῷα
594 2449 803 2533 διφυῆ
858 2444 970 2513 καὶ
1025 2444 1393 2531 μεμιγμένα
1444 2456 1588 2523 ταῖς
1636 2445 1873 2529 ἰδέαις,
1933 2440 2031 2511 ὧν
2086 2448 2162 2511 αἱ
2209 2442 2338 2530 μὲν
2364 2465 2419 2506 20

407 2551 887 2636 ὀνομαζόμεναι
923 2552 1509 2637 στρουθοκάμηλοι
1542 2553 2011 2638 περιειλήφασι
2044 2563 2186 2629 τοῖς
2219 2553 2338 2617 τύ-

407 2678 559 2733 ποις
610 2659 900 2741 μύγματα
962 2668 1189 2741 χηνῶν
1245 2654 1359 2721 καὶ
1420 2660 1739 2743 καμήλων
1803 2658 2197 2736 ἀκολούθως
2251 2668 2336 2745 τῇ
2431 2660 2438 2665 ’

404 2766 840 2851 προσηγορίᾳ.
930 2764 1008 2828 τὸ
1064 2759 1187 2847 μὲν
1240 2765 1369 2850 γὰρ
1425 2762 1711 2848 μέγεθος
1764 2767 1992 2849 ἔχουσι
2035 2775 2342 2849 νεογενεῖ

406 2872 677 2959 καμήλῳ
731 2873 1225 2956 παραπλήσιον,
1290 2871 1410 2947 τὰς
1463 2867 1539 2936 δὲ
1592 2873 1885 2954 κεφαλὰς
1937 2874 2337 2957 πεφρικυίας

406 2974 594 3063 θριξὶ
630 2982 917 3060 λεπταῖς,
954 2980 1113 3054 τοὺς
1141 2971 1204 3042 δ’
1239 2977 1641 3061 ὀφθαλμοὺς
1668 2978 1998 3061 μεγάλους
2022 2975 2133 3043 καὶ
2166 2979 2334 3043 κατὰ
2363 2992 2417 3038 25

406 3085 531 3170 τὴν
574 3088 783 3172 χρόαν
815 3084 1128 3178 μέλανας,
1175 3084 1722 3171 ἀπαραλλάκτους
1764 3085 1930 3150 κατὰ
1963 3085 2084 3149 τὸν
2118 3086 2335 3151 τύπον

553 3316 581 3363 1
620 3307 685 3365 τὸ
725 3308 1141 3392 διατηκόμενον
1178 3310 1515 3396 Wesselipg,
1561 3306 1626 3391 τὸ
1665 3326 1774 3391 qm.
1812 3311 1879 3378 D,
1928 3308 2027 3365 διὰ
2064 3308 2126 3366 τὸ
2165 3307 2334 3380 τηκό·

408 3397 580 3465 μενον
619 3381 727 3435 OF
899 3378 1015 3435 ὑπὸ
1045 3381 1333 3472 ἱΒιῑιάοτζ,
1389 3400 1506 3435 απο
1558 3381 1692 3434 hbn
1871 3387 1904 3435 2
1954 3389 2178 3466 συρρεῖν
2229 3382 2341 3436 OF

407 3449 742 3571 ggssoefilgd.
845 3450 1930 3589 1824πσῗζὲὶρῖιυῗιζρῗὲδξῡῗῗεφυκυ2ίῖς
1942 3451 2158 3579 Ἦέν]
2194 3471 2335 3521 xm·
