<?xml version="1.0" encoding="UTF-8"?>
<!DOCTYPE html PUBLIC "-//W3C//DTD XHTML 1.0 Transitional//EN"
    "http://www.w3.org/TR/xhtml1/DTD/xhtml1-transitional.dtd">
<html xmlns="http://www.w3.org/1999/xhtml" xml:lang="en" lang="en">
 <head>
  <title>
</title>
<meta http-equiv="Content-Type" content="text/html;charset=utf-8" />
  <meta name='ocr-system' content='tesseract 3.04.00' />
  <meta name='ocr-capabilities' content='ocr_page ocr_carea ocr_par ocr_line ocrx_word'/>
</head>
<body>
  <div class='ocr_page' id='page_1' title='image "./diodoribiblioth02dindgoog/diodoribiblioth02dindgoog_0531.png"; bbox 0 0 2569 4061; ppageno 0'>
   <div class='ocr_carea' id='block_1_1' title="bbox 1068 296 2193 364">
    <p class='ocr_par' dir='ltr' id='par_1_1' title="bbox 1068 296 2193 364">
     <span class='ocr_line' id='line_1_1' title="bbox 1068 296 2193 364; baseline 0.004 -14"><span class='ocrx_word' id='word_1_1' title='bbox 1068 296 1146 350; x_wconf 87' lang='lat' dir='ltr'><em>IV</em></span> <span class='ocrx_word' id='word_1_2' title='bbox 1182 300 1267 353; x_wconf 90' lang='grc'><em>22.</em></span> <span class='ocrx_word' id='word_1_3' title='bbox 1308 306 1392 357; x_wconf 87' lang='grc'><strong>23.</strong></span> <span class='ocrx_word' id='word_1_4' title='bbox 2062 299 2193 364; x_wconf 87' lang='lat'><em>431</em></span> 
     </span>
    </p>
   </div>
   <div class='ocr_carea' id='block_1_2' title="bbox 195 458 2301 3309">
    <p class='ocr_par' dir='ltr' id='par_1_2' title="bbox 195 458 2270 2671">
     <span class='ocr_line' id='line_1_2' title="bbox 274 458 2200 547; baseline 0 -20"><span class='ocrx_word' id='word_1_5' title='bbox 274 461 587 546; x_wconf 78' lang='grc' dir='ltr'><strong><em>ὑπερφυῆ</em></strong></span> <span class='ocrx_word' id='word_1_6' title='bbox 633 460 892 544; x_wconf 78' lang='grc' dir='ltr'><em>κάπρον</em></span> <span class='ocrx_word' id='word_1_7' title='bbox 937 460 1429 547; x_wconf 76' lang='grc' dir='ltr'><em>χειρωσάμενον</em></span> <span class='ocrx_word' id='word_1_8' title='bbox 1473 458 1584 526; x_wconf 88' lang='grc' dir='ltr'><em>καὶ</em></span> <span class='ocrx_word' id='word_1_9' title='bbox 1629 468 1745 543; x_wconf 80' lang='grc' dir='ltr'><em>τῆς</em></span> <span class='ocrx_word' id='word_1_10' title='bbox 1791 468 1960 526; x_wconf 82' lang='grc' dir='ltr'><strong><em>θεοῦ</em></strong></span> <span class='ocrx_word' id='word_1_11' title='bbox 2005 485 2200 527; x_wconf 91' lang='grc' dir='ltr'><em>κατα-</em></span> 
     </span>
     <span class='ocr_line' id='line_1_3' title="bbox 275 565 2200 655; baseline 0 -23"><span class='ocrx_word' id='word_1_12' title='bbox 275 570 710 653; x_wconf 81' lang='grc' dir='ltr'><em>φρονήσαντα</em></span> <span class='ocrx_word' id='word_1_13' title='bbox 774 568 985 631; x_wconf 86' lang='grc' dir='ltr'><em>είπεῖν</em></span> <span class='ocrx_word' id='word_1_14' title='bbox 1051 565 1152 631; x_wconf 79' lang='grc' dir='ltr'><em>ὅτι</em></span> <span class='ocrx_word' id='word_1_15' title='bbox 1215 566 1342 649; x_wconf 83' lang='grc' dir='ltr'><em>τὴν</em></span> <span class='ocrx_word' id='word_1_16' title='bbox 1404 567 1703 649; x_wconf 81' lang='grc' dir='ltr'><em>κεφαλὴν</em></span> <span class='ocrx_word' id='word_1_17' title='bbox 1767 578 1887 634; x_wconf 85' lang='grc' dir='ltr'><em>τοῦ</em></span> <span class='ocrx_word' id='word_1_18' title='bbox 1949 570 2200 655; x_wconf 84' lang='grc' dir='ltr'><em>θηρίου</em></span> 
     </span>
     <span class='ocr_line' id='line_1_4' title="bbox 276 670 2198 763; baseline 0.001 -24"><span class='ocrx_word' id='word_1_19' title='bbox 276 673 486 763; x_wconf 78' lang='grc' dir='ltr'><em>ἑαυτῷ</em></span> <span class='ocrx_word' id='word_1_20' title='bbox 552 672 939 756; x_wconf 71' lang='grc' dir='ltr'><em>ἀνατίθησι,</em></span> <span class='ocrx_word' id='word_1_21' title='bbox 1003 670 1115 738; x_wconf 87' lang='grc' dir='ltr'><em>καὶ</em></span> <span class='ocrx_word' id='word_1_22' title='bbox 1175 682 1319 749; x_wconf 88' lang='grc' dir='ltr'><em>τοῖς</em></span> <span class='ocrx_word' id='word_1_23' title='bbox 1381 673 1607 756; x_wconf 88' lang='grc' dir='ltr'><em>λόγοις</em></span> <span class='ocrx_word' id='word_1_24' title='bbox 1671 671 2061 752; x_wconf 77' lang='grc' dir='ltr'><em>ἀκολούθως</em></span> <span class='ocrx_word' id='word_1_25' title='bbox 2125 677 2198 740; x_wconf 84' lang='grc' dir='ltr'><em>ἔκ</em></span> 
     </span>
     <span class='ocr_line' id='line_1_5' title="bbox 273 778 2199 867; baseline 0 -21"><span class='ocrx_word' id='word_1_26' title='bbox 273 798 457 858; x_wconf 88' lang='grc' dir='ltr'><em>τινος</em></span> <span class='ocrx_word' id='word_1_27' title='bbox 503 778 790 866; x_wconf 81' lang='grc' dir='ltr'><em>δένδρου</em></span> <span class='ocrx_word' id='word_1_28' title='bbox 833 780 1156 866; x_wconf 77' lang='grc' dir='ltr'><em>κρεμάσαι</em></span> <span class='ocrx_word' id='word_1_29' title='bbox 1210 779 1488 864; x_wconf 88' lang='grc' dir='ltr'><em>ταύτην,</em></span> <span class='ocrx_word' id='word_1_30' title='bbox 1537 779 1743 844; x_wconf 86' lang='grc' dir='ltr'><em>αὐτὸν</em></span> <span class='ocrx_word' id='word_1_31' title='bbox 1800 779 1903 864; x_wconf 82' lang='grc' dir='ltr'><em>δέ,</em></span> <span class='ocrx_word' id='word_1_32' title='bbox 1950 805 2199 867; x_wconf 88' lang='grc' dir='ltr'><em>καυμα-</em></span> 
     </span>
     <span class='ocr_line' id='line_1_6' title="bbox 222 886 2201 973; baseline 0.001 -23"><span class='ocrx_word' id='word_1_33' title='bbox 222 909 248 950; x_wconf 89' lang='lat'><strong>5</strong></span> <span class='ocrx_word' id='word_1_34' title='bbox 274 887 531 963; x_wconf 85' lang='grc' dir='ltr'><em>τώδους</em></span> <span class='ocrx_word' id='word_1_35' title='bbox 592 888 1036 973; x_wconf 77' lang='grc' dir='ltr'><em>περιστάσεως</em></span> <span class='ocrx_word' id='word_1_36' title='bbox 1101 886 1335 968; x_wconf 77' lang='grc' dir='ltr'><em>οὔσης,</em></span> <span class='ocrx_word' id='word_1_37' title='bbox 1400 886 1567 950; x_wconf 78' lang='grc' dir='ltr'><em>κατὰ</em></span> <span class='ocrx_word' id='word_1_38' title='bbox 1631 888 2046 972; x_wconf 80' lang='grc' dir='ltr'><em>μεσημβρίαν</em></span> <span class='ocrx_word' id='word_1_39' title='bbox 2106 888 2201 964; x_wconf 86' lang='grc' dir='ltr'><em>είς</em></span> 
     </span>
     <span class='ocr_line' id='line_1_7' title="bbox 273 986 2198 1079; baseline -0.001 -21"><span class='ocrx_word' id='word_1_40' title='bbox 273 992 491 1059; x_wconf 76' lang='grc' dir='ltr'><em>ὕπνον</em></span> <span class='ocrx_word' id='word_1_41' title='bbox 544 1002 910 1079; x_wconf 73' lang='grc' dir='ltr'><em>τραπῆναι·</em></span> <span class='ocrx_word' id='word_1_42' title='bbox 974 986 1131 1057; x_wconf 88' lang='grc' dir='ltr'><em>καθ’</em></span> <span class='ocrx_word' id='word_1_43' title='bbox 1194 991 1273 1057; x_wconf 87' lang='grc' dir='ltr'><em>ὃν</em></span> <span class='ocrx_word' id='word_1_44' title='bbox 1331 991 1412 1074; x_wconf 85' lang='grc' dir='ltr'><em>δὴ</em></span> <span class='ocrx_word' id='word_1_45' title='bbox 1469 988 1717 1077; x_wconf 89' lang='grc' dir='ltr'><em>χρόνον</em></span> <span class='ocrx_word' id='word_1_46' title='bbox 1771 1000 1893 1057; x_wconf 85' lang='grc' dir='ltr'><em>τοῦ</em></span> <span class='ocrx_word' id='word_1_47' title='bbox 1950 994 2198 1077; x_wconf 85' lang='grc' dir='ltr'><em>δεσμοῦ</em></span> 
     </span>
     <span class='ocr_line' id='line_1_8' title="bbox 275 1096 2199 1183; baseline -0.001 -19"><span class='ocrx_word' id='word_1_48' title='bbox 275 1097 601 1176; x_wconf 80' lang='grc' dir='ltr'><em>λυθέντος</em></span> <span class='ocrx_word' id='word_1_49' title='bbox 655 1098 1041 1183; x_wconf 83' lang='grc' dir='ltr'><em>αὐτομάτως</em></span> <span class='ocrx_word' id='word_1_50' title='bbox 1103 1107 1332 1163; x_wconf 79' lang='grc' dir='ltr'><em>πεσεῖν</em></span> <span class='ocrx_word' id='word_1_51' title='bbox 1387 1098 1510 1181; x_wconf 85' lang='grc' dir='ltr'><em>τὴν</em></span> <span class='ocrx_word' id='word_1_52' title='bbox 1563 1098 1864 1181; x_wconf 85' lang='grc' dir='ltr'><em>κεφαλὴν</em></span> <span class='ocrx_word' id='word_1_53' title='bbox 1920 1096 2028 1163; x_wconf 80' lang='grc' dir='ltr'><em>ἐπὶ</em></span> <span class='ocrx_word' id='word_1_54' title='bbox 2080 1100 2199 1164; x_wconf 87' lang='grc' dir='ltr'><em>τὸν</em></span> 
     </span>
     <span class='ocr_line' id='line_1_9' title="bbox 274 1202 2270 1293; baseline 0.002 -22"><span class='ocrx_word' id='word_1_55' title='bbox 274 1207 691 1291; x_wconf 83' lang='grc' dir='ltr'><em>κοιμώμενον</em></span> <span class='ocrx_word' id='word_1_56' title='bbox 735 1202 861 1269; x_wconf 88' lang='grc' dir='ltr'><em>καὶ.</em></span> <span class='ocrx_word' id='word_1_57' title='bbox 893 1205 1304 1290; x_wconf 87' lang='grc' dir='ltr'><em>διαφθεῖραι.</em></span> <span class='ocrx_word' id='word_1_58' title='bbox 1398 1204 1564 1271; x_wconf 79' lang='grc' dir='ltr'><em>ἀλλὰ</em></span> <span class='ocrx_word' id='word_1_59' title='bbox 1622 1208 1750 1293; x_wconf 84' lang='grc' dir='ltr'><em>γὰρ</em></span> <span class='ocrx_word' id='word_1_60' title='bbox 1799 1205 1924 1271; x_wconf 85' lang='grc' dir='ltr'><em>οὐκ</em></span> <span class='ocrx_word' id='word_1_61' title='bbox 1970 1206 2055 1271; x_wconf 76' lang='grc' dir='ltr'><em>ἄν</em></span> <span class='ocrx_word' id='word_1_62' title='bbox 2098 1230 2199 1283; x_wconf 84' lang='grc' dir='ltr'><em>τις</em></span> <span class='ocrx_word' id='word_1_63' title='bbox 2234 1228 2270 1276; x_wconf 85' lang='lat'>4</span> 
     </span>
     <span class='ocr_line' id='line_1_10' title="bbox 275 1309 2198 1397; baseline 0.001 -22"><span class='ocrx_word' id='word_1_64' title='bbox 275 1312 642 1397; x_wconf 83' lang='grc' dir='ltr'><em>θαυμάσειε</em></span> <span class='ocrx_word' id='word_1_65' title='bbox 689 1312 765 1377; x_wconf 89' lang='grc' dir='ltr'><em>τὸ</em></span> <span class='ocrx_word' id='word_1_66' title='bbox 811 1313 1110 1394; x_wconf 88' lang='grc' dir='ltr'><em>γεγονός,</em></span> <span class='ocrx_word' id='word_1_67' title='bbox 1159 1311 1260 1375; x_wconf 84' lang='grc' dir='ltr'><em>ὅτι</em></span> <span class='ocrx_word' id='word_1_68' title='bbox 1306 1319 1423 1395; x_wconf 84' lang='grc' dir='ltr'><em>τῆς</em></span> <span class='ocrx_word' id='word_1_69' title='bbox 1466 1317 1632 1389; x_wconf 84' lang='grc' dir='ltr'><em>θεᾶς</em></span> <span class='ocrx_word' id='word_1_70' title='bbox 1677 1312 1921 1397; x_wconf 84' lang='grc' dir='ltr'><em>ταύτης</em></span> <span class='ocrx_word' id='word_1_71' title='bbox 1954 1309 2198 1377; x_wconf 90' lang='grc' dir='ltr'><em>πολλαὶ</em></span> 
     </span>
     <span class='ocr_line' id='line_1_11' title="bbox 195 1417 2199 1503; baseline 0.001 -23"><span class='ocrx_word' id='word_1_72' title='bbox 195 1442 249 1480; x_wconf 80' lang='grc' dir='ltr'><em>ιο</em></span> <span class='ocrx_word' id='word_1_73' title='bbox 275 1419 691 1503; x_wconf 85' lang='grc' dir='ltr'><em>περιστάσεις</em></span> <span class='ocrx_word' id='word_1_74' title='bbox 763 1417 1298 1502; x_wconf 83' lang='grc' dir='ltr'><em>μνημονεύονται</em></span> <span class='ocrx_word' id='word_1_75' title='bbox 1360 1417 1785 1503; x_wconf 80' lang='grc' dir='ltr'><em>περιέχουσαι</em></span> <span class='ocrx_word' id='word_1_76' title='bbox 1847 1418 1972 1502; x_wconf 83' lang='grc' dir='ltr'><em>τὴν</em></span> <span class='ocrx_word' id='word_1_77' title='bbox 2034 1418 2199 1484; x_wconf 77' lang='grc' dir='ltr'><em>κατὰ</em></span> 
     </span>
     <span class='ocr_line' id='line_1_12' title="bbox 273 1518 2198 1612; baseline 0.001 -24"><span class='ocrx_word' id='word_1_78' title='bbox 273 1534 410 1589; x_wconf 78' lang='grc' dir='ltr'><em>τῶν</em></span> <span class='ocrx_word' id='word_1_79' title='bbox 457 1523 717 1607; x_wconf 81' lang='grc' dir='ltr'><em>ἀσεβῶν</em></span> <span class='ocrx_word' id='word_1_80' title='bbox 759 1527 1100 1609; x_wconf 87' lang='grc' dir='ltr'><em>τιμωρίαν.</em></span> <span class='ocrx_word' id='word_1_81' title='bbox 1161 1531 1252 1612; x_wconf 78' lang='grc' dir='ltr'><em>τῷ</em></span> <span class='ocrx_word' id='word_1_82' title='bbox 1302 1518 1367 1587; x_wconf 87' lang='grc' dir='ltr'><em>δ’</em></span> <span class='ocrx_word' id='word_1_83' title='bbox 1407 1521 1727 1610; x_wconf 46' lang='grc' dir='ltr'><em>(Ηρακλεῖ</em></span> <span class='ocrx_word' id='word_1_84' title='bbox 1767 1525 1879 1589; x_wconf 79' lang='grc' dir='ltr'><em>διὰ</em></span> <span class='ocrx_word' id='word_1_85' title='bbox 1922 1525 2046 1608; x_wconf 85' lang='grc' dir='ltr'><em>τὴν</em></span> <span class='ocrx_word' id='word_1_86' title='bbox 2091 1523 2198 1589; x_wconf 84' lang='grc' dir='ltr'><em>εὐ-</em></span> 
     </span>
     <span class='ocr_line' id='line_1_13' title="bbox 277 1627 2267 1714; baseline 0.001 -21"><span class='ocrx_word' id='word_1_87' title='bbox 277 1627 542 1713; x_wconf 84' lang='grc' dir='ltr'><em>σέβειαν</em></span> <span class='ocrx_word' id='word_1_88' title='bbox 586 1630 984 1695; x_wconf 86' lang='grc' dir='ltr'><em>τούναντίον</em></span> <span class='ocrx_word' id='word_1_89' title='bbox 1031 1628 1283 1714; x_wconf 76' lang='grc' dir='ltr'><em>συνέβη</em></span> <span class='ocrx_word' id='word_1_90' title='bbox 1326 1627 1660 1712; x_wconf 79' lang='grc' dir='ltr'><em>γενέσθαι.</em></span> <span class='ocrx_word' id='word_1_91' title='bbox 1751 1633 2197 1713; x_wconf 87' lang='grc' dir='ltr'><em>καταντήσαν-</em></span> <span class='ocrx_word' id='word_1_92' title='bbox 2235 1653 2267 1701; x_wconf 86' lang='lat'>5</span> 
     </span>
     <span class='ocr_line' id='line_1_14' title="bbox 274 1731 2200 1823; baseline -0.001 -23"><span class='ocrx_word' id='word_1_93' title='bbox 274 1759 388 1811; x_wconf 87' lang='grc' dir='ltr'><em>τος</em></span> <span class='ocrx_word' id='word_1_94' title='bbox 438 1737 566 1818; x_wconf 80' lang='grc' dir='ltr'><em>γὰρ</em></span> <span class='ocrx_word' id='word_1_95' title='bbox 623 1737 831 1802; x_wconf 84' lang='grc' dir='ltr'><em>αὐτοῦ</em></span> <span class='ocrx_word' id='word_1_96' title='bbox 885 1737 1053 1823; x_wconf 89' lang='grc' dir='ltr'><em>πρὸς</em></span> <span class='ocrx_word' id='word_1_97' title='bbox 1105 1737 1185 1800; x_wconf 78' lang='grc' dir='ltr'><em>τὰ</em></span> <span class='ocrx_word' id='word_1_98' title='bbox 1238 1738 1527 1823; x_wconf 87' lang='grc' dir='ltr'><em>μεθόρια</em></span> <span class='ocrx_word' id='word_1_99' title='bbox 1581 1744 1697 1819; x_wconf 81' lang='grc' dir='ltr'><em>τῆς</em></span> <span class='ocrx_word' id='word_1_100' title='bbox 1733 1731 2034 1819; x_wconf 79' lang='grc' dir='ltr'><em>Ῥηγίνης</em></span> <span class='ocrx_word' id='word_1_101' title='bbox 2087 1732 2200 1800; x_wconf 87' lang='grc' dir='ltr'><em>καὶ</em></span> 
     </span>
     <span class='ocr_line' id='line_1_15' title="bbox 275 1840 2199 1927; baseline -0.001 -21"><span class='ocrx_word' id='word_1_102' title='bbox 275 1843 639 1927; x_wconf 82' lang='grc' dir='ltr'><em>Λοκρίδος,</em></span> <span class='ocrx_word' id='word_1_103' title='bbox 704 1840 815 1908; x_wconf 88' lang='grc' dir='ltr'><em>καὶ</em></span> <span class='ocrx_word' id='word_1_104' title='bbox 881 1844 993 1907; x_wconf 78' lang='grc' dir='ltr'><em>διὰ</em></span> <span class='ocrx_word' id='word_1_105' title='bbox 1048 1844 1168 1908; x_wconf 88' lang='grc' dir='ltr'><em>τὸν</em></span> <span class='ocrx_word' id='word_1_106' title='bbox 1231 1841 1304 1907; x_wconf 79' lang='grc' dir='ltr'><em>ἐκ</em></span> <span class='ocrx_word' id='word_1_107' title='bbox 1365 1849 1483 1926; x_wconf 84' lang='grc' dir='ltr'><em>τῆς</em></span> <span class='ocrx_word' id='word_1_108' title='bbox 1546 1842 1931 1926; x_wconf 74' lang='grc' dir='ltr'><em>ὁδοιπορίας</em></span> <span class='ocrx_word' id='word_1_109' title='bbox 1987 1843 2199 1906; x_wconf 82' lang='grc' dir='ltr'><em>κόπον</em></span> 
     </span>
     <span class='ocr_line' id='line_1_16' title="bbox 196 1947 2197 2033; baseline 0.001 -23"><span class='ocrx_word' id='word_1_110' title='bbox 196 1969 248 2010; x_wconf 89' lang='lat'><em>15</em></span> <span class='ocrx_word' id='word_1_111' title='bbox 277 1947 819 2033; x_wconf 83' lang='grc' dir='ltr'><em>ἀναπαυομένου,</em></span> <span class='ocrx_word' id='word_1_112' title='bbox 894 1947 1106 2033; x_wconf 88' lang='grc' dir='ltr'><em>φασὶν</em></span> <span class='ocrx_word' id='word_1_113' title='bbox 1176 1947 1310 2014; x_wconf 83' lang='grc' dir='ltr'><em>ὑπὸ</em></span> <span class='ocrx_word' id='word_1_114' title='bbox 1382 1958 1516 2013; x_wconf 78' lang='grc' dir='ltr'><em>τῶν</em></span> <span class='ocrx_word' id='word_1_115' title='bbox 1597 1951 1909 2033; x_wconf 73' lang='grc' dir='ltr'><em>τεττίγων</em></span> <span class='ocrx_word' id='word_1_116' title='bbox 1991 1947 2197 2012; x_wconf 85' lang='grc' dir='ltr'><em>αὐτὸν</em></span> 
     </span>
     <span class='ocr_line' id='line_1_17' title="bbox 278 2053 2198 2140; baseline 0 -21"><span class='ocrx_word' id='word_1_117' title='bbox 278 2053 764 2140; x_wconf 79' lang='grc' dir='ltr'><em>ἐνοχλούμενον</em></span> <span class='ocrx_word' id='word_1_118' title='bbox 800 2055 1122 2134; x_wconf 75' lang='grc' dir='ltr'><em>εὔξασθαι</em></span> <span class='ocrx_word' id='word_1_119' title='bbox 1162 2066 1305 2133; x_wconf 87' lang='grc' dir='ltr'><em>τοῖς</em></span> <span class='ocrx_word' id='word_1_120' title='bbox 1339 2061 1529 2132; x_wconf 92' lang='grc' dir='ltr'><em>θεοῖς</em></span> <span class='ocrx_word' id='word_1_121' title='bbox 1565 2055 1842 2139; x_wconf 81' lang='grc' dir='ltr'><em>ἀφανεῖς</em></span> <span class='ocrx_word' id='word_1_122' title='bbox 1879 2053 2198 2138; x_wconf 82' lang='grc' dir='ltr'><em>γενέσθαι</em></span> 
     </span>
     <span class='ocr_line' id='line_1_18' title="bbox 277 2159 2198 2247; baseline 0.001 -23"><span class='ocrx_word' id='word_1_123' title='bbox 277 2164 435 2238; x_wconf 85' lang='grc' dir='ltr'><em>τοὺς</em></span> <span class='ocrx_word' id='word_1_124' title='bbox 479 2161 918 2247; x_wconf 82' lang='grc' dir='ltr'><em>ἐνοχλοῦντας</em></span> <span class='ocrx_word' id='word_1_125' title='bbox 963 2162 1196 2227; x_wconf 86' lang='grc' dir='ltr'><em>αὐτόν·</em></span> <span class='ocrx_word' id='word_1_126' title='bbox 1241 2159 1354 2227; x_wconf 87' lang='grc' dir='ltr'><em>καὶ</em></span> <span class='ocrx_word' id='word_1_127' title='bbox 1401 2162 1512 2226; x_wconf 80' lang='grc' dir='ltr'><em>διὰ</em></span> <span class='ocrx_word' id='word_1_128' title='bbox 1556 2170 1788 2244; x_wconf 88' lang='grc' dir='ltr'><em>τοῦτο,</em></span> <span class='ocrx_word' id='word_1_129' title='bbox 1833 2171 1969 2226; x_wconf 84' lang='grc' dir='ltr'><em>τῶν</em></span> <span class='ocrx_word' id='word_1_130' title='bbox 2013 2166 2198 2225; x_wconf 81' lang='grc' dir='ltr'><em>θεῶν</em></span> 
     </span>
     <span class='ocr_line' id='line_1_19' title="bbox 277 2268 2197 2353; baseline 0 -21"><span class='ocrx_word' id='word_1_131' title='bbox 277 2269 791 2352; x_wconf 86' lang='grc' dir='ltr'><em>βεβαιωσάντων</em></span> <span class='ocrx_word' id='word_1_132' title='bbox 834 2269 959 2353; x_wconf 84' lang='grc' dir='ltr'><em>τὴν</em></span> <span class='ocrx_word' id='word_1_133' title='bbox 1005 2268 1229 2353; x_wconf 85' lang='grc' dir='ltr'><em>εὐχήν,</em></span> <span class='ocrx_word' id='word_1_134' title='bbox 1277 2268 1365 2352; x_wconf 83' lang='grc' dir='ltr'><em>μὴ</em></span> <span class='ocrx_word' id='word_1_135' title='bbox 1412 2270 1625 2351; x_wconf 89' lang='grc' dir='ltr'><em>μόνον</em></span> <span class='ocrx_word' id='word_1_136' title='bbox 1670 2269 1833 2334; x_wconf 80' lang='grc' dir='ltr'><em>κατὰ</em></span> <span class='ocrx_word' id='word_1_137' title='bbox 1869 2270 1944 2332; x_wconf 89' lang='grc' dir='ltr'><em>τὸ</em></span> <span class='ocrx_word' id='word_1_138' title='bbox 1981 2268 2197 2352; x_wconf 90' lang='grc' dir='ltr'><em>παρὸν</em></span> 
     </span>
     <span class='ocr_line' id='line_1_20' title="bbox 279 2371 2197 2457; baseline 0 -20"><span class='ocrx_word' id='word_1_139' title='bbox 279 2372 558 2457; x_wconf 86' lang='grc' dir='ltr'><em>ἀφανεῖς</em></span> <span class='ocrx_word' id='word_1_140' title='bbox 593 2373 911 2457; x_wconf 81' lang='grc' dir='ltr'><em>γενέσθαι</em></span> <span class='ocrx_word' id='word_1_141' title='bbox 947 2376 1246 2457; x_wconf 90' lang='grc' dir='ltr'><em>τούτους,</em></span> <span class='ocrx_word' id='word_1_142' title='bbox 1297 2373 1463 2439; x_wconf 78' lang='grc' dir='ltr'><em>ἀλλὰ</em></span> <span class='ocrx_word' id='word_1_143' title='bbox 1509 2371 1619 2438; x_wconf 88' lang='grc' dir='ltr'><em>καὶ</em></span> <span class='ocrx_word' id='word_1_144' title='bbox 1655 2375 1818 2438; x_wconf 81' lang='grc' dir='ltr'><em>κατὰ</em></span> <span class='ocrx_word' id='word_1_145' title='bbox 1854 2375 1974 2439; x_wconf 88' lang='grc' dir='ltr'><em>τὸν</em></span> <span class='ocrx_word' id='word_1_146' title='bbox 2009 2373 2197 2439; x_wconf 78' lang='grc' dir='ltr'><em>ὕστε-</em></span> 
     </span>
     <span class='ocr_line' id='line_1_21' title="bbox 197 2477 2197 2566; baseline 0.002 -27"><span class='ocrx_word' id='word_1_147' title='bbox 197 2500 251 2539; x_wconf 85' lang='lat'><em>20</em></span> <span class='ocrx_word' id='word_1_148' title='bbox 280 2502 403 2563; x_wconf 92' lang='grc' dir='ltr'><em>ρον</em></span> <span class='ocrx_word' id='word_1_149' title='bbox 447 2483 695 2565; x_wconf 86' lang='grc' dir='ltr'><em>χρόνον</em></span> <span class='ocrx_word' id='word_1_150' title='bbox 741 2481 998 2545; x_wconf 79' lang='grc' dir='ltr'><em>ἅπαντα</em></span> <span class='ocrx_word' id='word_1_151' title='bbox 1044 2478 1300 2566; x_wconf 79' lang='grc' dir='ltr'><em>μηδένα</em></span> <span class='ocrx_word' id='word_1_152' title='bbox 1334 2477 1595 2561; x_wconf 80' lang='grc' dir='ltr'><em>τέττιγα</em></span> <span class='ocrx_word' id='word_1_153' title='bbox 1632 2482 1997 2563; x_wconf 90' lang='grc' dir='ltr'><em>φαίνεσθαι</em></span> <span class='ocrx_word' id='word_1_154' title='bbox 2034 2479 2197 2543; x_wconf 79' lang='grc' dir='ltr'><em>κατὰ</em></span> 
     </span>
     <span class='ocr_line' id='line_1_22' title="bbox 275 2585 683 2671; baseline 0.007 -23"><span class='ocrx_word' id='word_1_155' title='bbox 275 2585 400 2668; x_wconf 88' lang='grc' dir='ltr'><em>τὴν</em></span> <span class='ocrx_word' id='word_1_156' title='bbox 442 2585 683 2671; x_wconf 85' lang='grc' dir='ltr'><em>χώραν.</em></span> 
     </span>
    </p>

    <p class='ocr_par' dir='ltr' id='par_1_3' title="bbox 273 2688 2266 2990">
     <span class='ocr_line' id='line_1_23' title="bbox 445 2688 2266 2777; baseline 0.003 -21"><span class='ocrx_word' id='word_1_157' title='bbox 445 2688 519 2756; x_wconf 88' lang='grc' dir='ltr'><strong><em>Ὁ</em></strong></span> <span class='ocrx_word' id='word_1_158' title='bbox 574 2691 633 2756; x_wconf 88' lang='grc' dir='ltr'><em>δ’</em></span> <span class='ocrx_word' id='word_1_159' title='bbox 688 2690 1018 2777; x_wconf 83' lang='grc' dir='ltr'><em>Ἡρακλῆς</em></span> <span class='ocrx_word' id='word_1_160' title='bbox 1080 2697 1492 2777; x_wconf 82' lang='grc' dir='ltr'><em>καταντήσας</em></span> <span class='ocrx_word' id='word_1_161' title='bbox 1550 2691 1656 2758; x_wconf 80' lang='grc' dir='ltr'><em>ἐπὶ</em></span> <span class='ocrx_word' id='word_1_162' title='bbox 1710 2694 1829 2758; x_wconf 87' lang='grc' dir='ltr'><em>τὸν</em></span> <span class='ocrx_word' id='word_1_163' title='bbox 1884 2693 2197 2777; x_wconf 88' lang='grc' dir='ltr'><em>πορθμὸν</em></span> <span class='ocrx_word' id='word_1_164' title='bbox 2234 2714 2266 2762; x_wconf 84' lang='grc'>6</span> 
     </span>
     <span class='ocr_line' id='line_1_24' title="bbox 273 2795 2199 2883; baseline 0 -20"><span class='ocrx_word' id='word_1_165' title='bbox 273 2800 438 2864; x_wconf 81' lang='grc' dir='ltr'><em>κατὰ</em></span> <span class='ocrx_word' id='word_1_166' title='bbox 501 2799 577 2863; x_wconf 88' lang='grc' dir='ltr'><em>τὸ</em></span> <span class='ocrx_word' id='word_1_167' title='bbox 643 2800 1054 2865; x_wconf 79' lang='grc' dir='ltr'><em>στενώτατον</em></span> <span class='ocrx_word' id='word_1_168' title='bbox 1115 2808 1233 2883; x_wconf 82' lang='grc' dir='ltr'><em>τῆς</em></span> <span class='ocrx_word' id='word_1_169' title='bbox 1294 2799 1628 2883; x_wconf 90' lang='grc' dir='ltr'><em>θαλάττης</em></span> <span class='ocrx_word' id='word_1_170' title='bbox 1689 2801 1805 2875; x_wconf 81' lang='grc' dir='ltr'><em>τὰς</em></span> <span class='ocrx_word' id='word_1_171' title='bbox 1857 2795 1981 2883; x_wconf 71' lang='grc' dir='ltr'><em>μὲν</em></span> <span class='ocrx_word' id='word_1_172' title='bbox 2034 2801 2199 2881; x_wconf 88' lang='grc' dir='ltr'><em>βοῦς</em></span> 
     </span>
     <span class='ocr_line' id='line_1_25' title="bbox 278 2901 2197 2990; baseline 0 -21"><span class='ocrx_word' id='word_1_173' title='bbox 278 2903 684 2990; x_wconf 79' lang='grc' dir='ltr'><em>ἐπεραίωσεν</em></span> <span class='ocrx_word' id='word_1_174' title='bbox 730 2907 827 2983; x_wconf 83' lang='grc' dir='ltr'><em>εἰς</em></span> <span class='ocrx_word' id='word_1_175' title='bbox 871 2906 996 2989; x_wconf 86' lang='grc' dir='ltr'><em>τὴν</em></span> <span class='ocrx_word' id='word_1_176' title='bbox 1042 2908 1382 2988; x_wconf 90' lang='grc' dir='ltr'><em>Σικελίαν,</em></span> <span class='ocrx_word' id='word_1_177' title='bbox 1431 2906 1630 2981; x_wconf 86' lang='grc' dir='ltr'><em>αὐτὸς</em></span> <span class='ocrx_word' id='word_1_178' title='bbox 1677 2901 1751 2969; x_wconf 73' lang='grc' dir='ltr'><em>δὲ</em></span> <span class='ocrx_word' id='word_1_179' title='bbox 1794 2906 2049 2990; x_wconf 90' lang='grc' dir='ltr'><em>ταύρου</em></span> <span class='ocrx_word' id='word_1_180' title='bbox 2093 2901 2197 2969; x_wconf 85' lang='grc' dir='ltr'><em>κε’-</em></span> 
     </span>
    </p>

    <p class='ocr_par' dir='ltr' id='par_1_4' title="bbox 195 3010 2301 3309">
     <span class='ocr_line' id='line_1_26' title="bbox 195 3010 2197 3097; baseline -0 -22"><span class='ocrx_word' id='word_1_181' title='bbox 195 3028 249 3069; x_wconf 78' lang='lat'><em>25</em></span> <span class='ocrx_word' id='word_1_182' title='bbox 278 3035 410 3096; x_wconf 87' lang='grc' dir='ltr'><em>ρως</em></span> <span class='ocrx_word' id='word_1_183' title='bbox 447 3015 814 3097; x_wconf 90' lang='grc' dir='ltr'><em>λαβόμενος</em></span> <span class='ocrx_word' id='word_1_184' title='bbox 850 3011 1193 3095; x_wconf 81' lang='grc' dir='ltr'><em>διενήξατο</em></span> <span class='ocrx_word' id='word_1_185' title='bbox 1230 3013 1349 3077; x_wconf 88' lang='grc' dir='ltr'><em>τὸν</em></span> <span class='ocrx_word' id='word_1_186' title='bbox 1385 3014 1618 3095; x_wconf 89' lang='grc' dir='ltr'><em>πόρον,</em></span> <span class='ocrx_word' id='word_1_187' title='bbox 1658 3012 1851 3086; x_wconf 80' lang='grc' dir='ltr'><em>ὄντος</em></span> <span class='ocrx_word' id='word_1_188' title='bbox 1894 3018 2017 3073; x_wconf 87' lang='grc' dir='ltr'><em>τοῦ</em></span> <span class='ocrx_word' id='word_1_189' title='bbox 2054 3010 2197 3074; x_wconf 86' lang='grc' dir='ltr'><em>δια-</em></span> 
     </span>
     <span class='ocr_line' id='line_1_27' title="bbox 277 3115 2196 3204; baseline -0.001 -24"><span class='ocrx_word' id='word_1_190' title='bbox 277 3118 602 3201; x_wconf 88' lang='grc' dir='ltr'><em>στήματος</em></span> <span class='ocrx_word' id='word_1_191' title='bbox 638 3119 930 3183; x_wconf 87' lang='grc' dir='ltr'><em>σταδίων</em></span> <span class='ocrx_word' id='word_1_192' title='bbox 968 3128 1175 3204; x_wconf 78' lang='grc' dir='ltr'><em>τριῶν</em></span> <span class='ocrx_word' id='word_1_193' title='bbox 1210 3115 1323 3183; x_wconf 87' lang='grc' dir='ltr'><em>καὶ</em></span> <span class='ocrx_word' id='word_1_194' title='bbox 1360 3115 1540 3200; x_wconf 83' lang='grc' dir='ltr'><em>δέκα,</em></span> <span class='ocrx_word' id='word_1_195' title='bbox 1579 3117 1668 3192; x_wconf 82' lang='grc' dir='ltr'><em>ὡς</em></span> <span class='ocrx_word' id='word_1_196' title='bbox 1703 3117 1975 3199; x_wconf 88' lang='grc' dir='ltr'><em>Τίμαιός</em></span> <span class='ocrx_word' id='word_1_197' title='bbox 2011 3129 2196 3197; x_wconf 88' lang='grc' dir='ltr'><em>φησι.</em></span> 
     </span>
     <span class='ocr_line' id='line_1_28' title="bbox 274 3219 2301 3309; baseline -0.001 -22"><span class='ocrx_word' id='word_1_198' title='bbox 274 3223 437 3306; x_wconf 78' lang='grc' dir='ltr'><em>μετὰ</em></span> <span class='ocrx_word' id='word_1_199' title='bbox 501 3219 577 3289; x_wconf 72' lang='grc' dir='ltr'><em>δὲ</em></span> <span class='ocrx_word' id='word_1_200' title='bbox 645 3232 852 3290; x_wconf 84' lang='grc' dir='ltr'><em>ταῦτα</em></span> <span class='ocrx_word' id='word_1_201' title='bbox 922 3226 1331 3309; x_wconf 89' lang='grc' dir='ltr'><em>βουλόμενος</em></span> <span class='ocrx_word' id='word_1_202' title='bbox 1402 3222 1906 3307; x_wconf 79' lang='grc' dir='ltr'><em>ἐγκυκλωθῆναι</em></span> <span class='ocrx_word' id='word_1_203' title='bbox 1977 3229 2196 3287; x_wconf 81' lang='grc' dir='ltr'><em>πᾶσαν</em></span> <span class='ocrx_word' id='word_1_204' title='bbox 2217 3221 2301 3286; x_wconf 84' lang='grc'><strong>23</strong></span> 
     </span>
    </p>
   </div>
   <div class='ocr_carea' id='block_1_3' title="bbox 273 3412 2195 3630">
    <p class='ocr_par' dir='ltr' id='par_1_5' title="bbox 273 3412 2195 3630">
     <span class='ocr_line' id='line_1_29' title="bbox 419 3412 2195 3489; baseline -0.003 -18"><span class='ocrx_word' id='word_1_205' title='bbox 419 3420 451 3471; x_wconf 78' lang='grc' dir='ltr'><strong>ὅ</strong></span> <span class='ocrx_word' id='word_1_206' title='bbox 488 3414 661 3489; x_wconf 80' lang='grc' dir='ltr'><em>κατὰ]</em></span> <span class='ocrx_word' id='word_1_207' title='bbox 702 3414 806 3487; x_wconf 87' lang='grc' dir='ltr'><em>τὴν</em></span> <span class='ocrx_word' id='word_1_208' title='bbox 843 3417 970 3473; x_wconf 80' lang='lat' dir='ltr'><strong>add.</strong></span> <span class='ocrx_word' id='word_1_209' title='bbox 1008 3416 1162 3487; x_wconf 80' lang='lat' dir='ltr'><strong>vulg.</strong></span> <span class='ocrx_word' id='word_1_210' title='bbox 1238 3422 1304 3472; x_wconf 84' lang='lat'><em>13</em></span> <span class='ocrx_word' id='word_1_211' title='bbox 1344 3413 1607 3486; x_wconf 76' lang='grc' dir='ltr'><em>ᾆηγείνης</em></span> <span class='ocrx_word' id='word_1_212' title='bbox 1642 3413 1692 3466; x_wconf 92' lang='lat' dir='ltr'>D</span> <span class='ocrx_word' id='word_1_213' title='bbox 1768 3417 1836 3468; x_wconf 86' lang='lat'><em>14</em></span> <span class='ocrx_word' id='word_1_214' title='bbox 1873 3412 1971 3467; x_wconf 79' lang='grc' dir='ltr'><em>καὶ</em></span> <span class='ocrx_word' id='word_1_215' title='bbox 2008 3430 2115 3468; x_wconf 89' lang='lat' dir='ltr'><em>om.</em></span> <span class='ocrx_word' id='word_1_216' title='bbox 2146 3412 2195 3466; x_wconf 93' lang='lat' dir='ltr'>D</span> 
     </span>
     <span class='ocr_line' id='line_1_30' title="bbox 275 3475 2195 3558; baseline -0.002 -17"><span class='ocrx_word' id='word_1_217' title='bbox 275 3492 345 3542; x_wconf 88' lang='grc'><strong>20</strong></span> <span class='ocrx_word' id='word_1_218' title='bbox 391 3483 538 3541; x_wconf 73' lang='grc' dir='ltr'><em>κατὰ</em></span> <span class='ocrx_word' id='word_1_219' title='bbox 575 3508 623 3543; x_wconf 91' lang='grc' dir='ltr'><em>τ.</em></span> <span class='ocrx_word' id='word_1_220' title='bbox 662 3509 713 3558; x_wconf 92' lang='grc' dir='ltr'><em>χ.</em></span> <span class='ocrx_word' id='word_1_221' title='bbox 751 3508 812 3556; x_wconf 89' lang='grc' dir='ltr'><em>φ.</em></span> <span class='ocrx_word' id='word_1_222' title='bbox 852 3486 1074 3557; x_wconf 77' lang='grc' dir='ltr'><em>τέττιγα</em></span> <span class='ocrx_word' id='word_1_223' title='bbox 1121 3488 1274 3557; x_wconf 86' lang='lat' dir='ltr'>vulg.</span> <span class='ocrx_word' id='word_1_224' title='bbox 1457 3492 1524 3540; x_wconf 88' lang='grc'><em>22</em></span> <span class='ocrx_word' id='word_1_225' title='bbox 1575 3479 1631 3539; x_wconf 88' lang='grc' dir='ltr'><em>δ’</em></span> <span class='ocrx_word' id='word_1_226' title='bbox 1673 3485 1741 3554; x_wconf 89' lang='lat' dir='ltr'><em>D,</em></span> <span class='ocrx_word' id='word_1_227' title='bbox 1798 3479 1856 3537; x_wconf 82' lang='grc' dir='ltr'><em>δ’</em></span> <span class='ocrx_word' id='word_1_228' title='bbox 1899 3475 2004 3539; x_wconf 81' lang='grc' dir='ltr'><em>οὖν</em></span> <span class='ocrx_word' id='word_1_229' title='bbox 2043 3483 2195 3554; x_wconf 83' lang='lat' dir='ltr'><strong>vulg.</strong></span> 
     </span>
     <span class='ocr_line' id='line_1_31' title="bbox 273 3555 1391 3630; baseline 0 -18"><span class='ocrx_word' id='word_1_230' title='bbox 273 3563 343 3613; x_wconf 82' lang='grc'><strong>28</strong></span> <span class='ocrx_word' id='word_1_231' title='bbox 381 3555 555 3630; x_wconf 77' lang='grc' dir='ltr'><em>κατὰ]</em></span> <span class='ocrx_word' id='word_1_232' title='bbox 593 3560 693 3614; x_wconf 78' lang='grc' dir='ltr'><em>καὶ</em></span> <span class='ocrx_word' id='word_1_233' title='bbox 730 3556 876 3614; x_wconf 75' lang='grc' dir='ltr'><em>κατὰ</em></span> <span class='ocrx_word' id='word_1_234' title='bbox 914 3558 1025 3630; x_wconf 82' lang='lat' dir='ltr'><em>OD,</em></span> <span class='ocrx_word' id='word_1_235' title='bbox 1061 3560 1162 3615; x_wconf 80' lang='grc' dir='ltr'><em>καὶ</em></span> <span class='ocrx_word' id='word_1_236' title='bbox 1198 3555 1297 3614; x_wconf 81' lang='grc' dir='ltr'><em>διὰ</em></span> <span class='ocrx_word' id='word_1_237' title='bbox 1333 3557 1391 3612; x_wconf 88' lang='lat' dir='ltr'><em>F.</em></span> 
     </span>
    </p>
   </div>
  </div>
 </body>
</html>
