2569 4061
323 245 453 310 298
987 243 1296 299 DIODORI
1334 243 1564 299 SICULI

322 409 511 494 μέχρι
575 407 660 472 ἂν
721 403 990 489 γένηται
1054 407 1130 470 τὸ
1195 409 1396 492 ἔργον
1469 412 1651 472 λεῖον
1712 404 1825 472 καὶ
1887 408 2244 483 κολλῶδες’

322 519 542 580 ἔπειτα
605 514 1124 598 περιπλάσαντες
1195 516 1782 598 χειροπληθιαίους
1855 515 2096 596 ὄγκους
2171 514 2245 579 ἐν

320 620 484 706 ἡλίῳ
530 630 938 705 παροπτῶσι,
984 618 1095 685 καὶ
1138 620 1347 705 ταύτῃ
1392 621 1722 705 χρώμενοι
1764 629 1982 705 τροφῇ
2029 621 2245 686 πάντα

250 749 283 798 2
322 727 439 791 τὸν
484 729 638 810 βίον
686 727 1121 792 διατελοῦσιν.
1214 726 1680 804 ἀνεκλείπτους
1727 721 1789 792 δ’
1823 729 2084 811 ἔχοντες
2128 730 2244 806 τὰς

318 842 434 916 τῆς
486 843 740 920 τροφῆς
793 835 1034 918 ταύτης
1089 835 1464 918 δαψιλείας,
1529 833 1641 900 καὶ
1695 836 1860 920 πρὸς
1916 833 2244 918 ἀλλήλους
2271 850 2299 890 5

320 938 421 1005 ἀεὶ
477 943 752 1024 εἰρήνην
806 941 1113 1024 ἄγοντες,
1164 940 1298 1006 ὑπὸ
1345 944 1651 1025 πλήθους
1705 943 1995 1006 λεόντων
2048 944 2243 1005 πολε-

319 1056 624 1130 μοῦνται·
674 1046 971 1130 ἐμπύρου
1007 1048 1135 1132 γὰρ
1172 1054 1296 1111 τοῦ
1331 1045 1518 1132 πέριξ
1557 1045 1752 1131 ἀέρος
1789 1048 1983 1123 ὄντος
2020 1046 2092 1112 ἐκ
2126 1055 2243 1129 τῆς

319 1152 567 1239 ἐρήμου
613 1153 779 1234 πρὸς
824 1151 1068 1229 αὐτοὺς
1123 1165 1407 1238 φοιτῶσι
1453 1152 1715 1230 λέοντες
1760 1162 1948 1230 σκιᾶς
1992 1151 2239 1237 ἕνεκεν,

317 1258 388 1323 οἱ
438 1253 514 1322 δὲ
565 1257 678 1323 καὶ
730 1260 949 1342 θήρας
1007 1269 1144 1323 τῶν
1199 1259 1571 1325 ἐλαττόνων
1625 1263 1905 1345 θηρίων.
2009 1260 2239 1345 διόπερ
2306 1294 2313 1299 f

315 1364 473 1439 τοὺς
519 1362 591 1427 ἐκ
634 1376 771 1430 τῶν
807 1365 1145 1449 τελμάτων
1193 1364 1489 1443 ἐξιόντας
1533 1377 1668 1430 τῶν
1705 1367 2062 1431 Αἰθιόπων
2106 1366 2238 1432 ὑπὸ
2270 1384 2323 1425 10

314 1470 574 1535 τούτων
619 1481 753 1536 τῶν
799 1474 1064 1558 θηρίων
1111 1472 1593 1539 ἀναλίσκεσθαι
1641 1474 2019 1557 συμβαίνει·
2081 1472 2239 1537 ἀδυ-

314 1585 592 1642 νατοῦσι
644 1579 772 1664 γὰρ
827 1578 1246 1663 ὑφίστασθαι
1300 1581 1418 1657 τὰς
1473 1580 1675 1656 ἀλκὰς
1726 1590 1862 1645 τῶν
1925 1582 2238 1664 λεόντων,

314 1684 403 1762 ὡς
440 1683 523 1749 ἂν
562 1686 890 1769 μηδεμίαν
935 1689 1264 1771 βοήθειαν
1301 1687 1526 1752 ὅπλων
1563 1689 1844 1771 ἔχοντες,
1890 1685 2003 1752 καὶ
2037 1684 2241 1772 πέρας

313 1791 528 1877 ἄρδην
574 1790 659 1856 ἂν
697 1791 917 1856 αὐτῶν
965 1792 1301 1876 διεφθάρη
1340 1795 1415 1858 τὸ
1463 1792 1685 1876 γένος,
1726 1795 1788 1858 εἰ
1821 1794 1908 1877 μὴ
1955 1792 1996 1874 ἡ
2034 1793 2238 1876 φύσις

241 1916 275 1963 3
313 1920 378 1962 τι
406 1898 633 1975 αὐτοῖς
669 1898 1044 1983 αὐτόματον
1082 1898 1349 1981 ἐποίησε
1388 1902 1718 1984 βοήθημα.
1783 1900 1914 1965 ὑπὸ
1951 1900 2073 1984 γὰρ
2109 1898 2236 1981 τὴν
2265 1914 2321 1954 15

312 2004 644 2089 ἀνατολὴν
670 2014 791 2071 τοῦ
818 2006 1021 2083 κυνὸς
1056 2006 1446 2094 παραδόξως
1478 2007 1852 2091 [μηδεμιᾶς]
1883 2002 2239 2090 γινομένης

309 2116 625 2197 νηνεμίας
668 2111 820 2198 περὶ
864 2116 1022 2190 τοὺς
1066 2116 1314 2191 τόπους
1367 2122 1648 2179 τοσοῦτο
1695 2118 1956 2197 πλῆθος
2002 2113 2238 2201 ἀθροί-

312 2222 481 2298 ζεται
535 2221 906 2305 κωνώπων,
970 2219 1296 2306 ὑπερέχον
1360 2220 1639 2305 δυνάμει
1700 2224 1857 2297 τοὺς
1921 2226 2236 2307 γνωριζο-

310 2325 582 2411 μένους,
648 2327 816 2392 ὥστε
869 2329 1027 2403 τοὺς
1090 2323 1212 2411 μὲν
1268 2327 1674 2411 ἀνθρώπους
1731 2332 2238 2412 καταφυγόντας

309 2435 405 2509 εἰς
466 2435 583 2509 τὰς
648 2432 913 2509 ἑλώδεις
985 2436 1221 2516 λίμνας
1284 2429 1494 2516 μηδὲν
1565 2434 1873 2518 πάσχειν,
1937 2438 2096 2512 τοὺς
2160 2432 2235 2500 δὲ
2263 2448 2319 2487 2⁰

309 2537 583 2614 λέοντας
634 2540 885 2615 πάντας
950 2539 1227 2621 φεύγειν
1282 2538 1354 2604 ἐκ
1417 2550 1552 2605 τῶν
1608 2543 1861 2623 τόπων,
1923 2542 2056 2625 ἅμα
2111 2537 2234 2625 μὲν

306 2644 436 2707 ὑπὸ
484 2653 605 2707 τοῦ
664 2646 924 2728 δηγμοῦ
977 2643 1586 2731 κακουχουμένους,
1634 2647 1768 2731 ἅμα
1814 2643 1887 2713 δὲ
1936 2649 2056 2712 τὸν
2102 2647 2229 2712 ἀπὸ

306 2758 420 2833 τῆς
467 2759 695 2833 φωνῆς
739 2745 905 2834 ἦχον
949 2750 1632 2837 καταπεπληγμένους.

200 2850 289 2915 24
474 2853 826 2941 Ἑπόμενοι
874 2853 948 2923 δὲ
991 2858 1253 2936 τούτοις
1290 2858 1462 2924 εἰσὶν
1510 2860 1582 2925 οἵ
1619 2882 1689 2925 τε
1716 2857 2076 2944 Ὑλοφάγοι
2119 2858 2232 2925 καὶ

307 2964 378 3029 οί
400 2965 965 3050 Σπερματοφάγοι
992 2966 1408 3049 καλούμενοι.
1468 2966 1726 3031 τούτων
1758 2960 1821 3030 δ’
1857 2967 1928 3031 οἰ
1949 2963 2071 3049 μὲν
2098 2966 2230 3031 ὑπὸ
2259 2979 2313 3019 25

304 3074 427 3155 τὴν
463 3076 740 3158 θερείαν
774 3073 893 3137 τὸν
929 3075 1254 3138 πίπτοντα
1291 3072 1549 3157 καρπὸν
1587 3071 1714 3137 ἀπὸ
1751 3082 1887 3137 τῶν
1925 3072 2229 3159 δένδρων

444 3306 475 3352 2
514 3295 942 3362 ἀναπλάσαντες
969 3320 1019 3368 χ.
1047 3294 1252 3367 ὄγκους
1284 3299 1333 3353 G
1354 3300 1412 3353 et
1434 3299 1638 3367 Agath.
1660 3304 1746 3366 50,
1781 3297 2231 3367 περιπλάσαντες

299 3382 359 3481 ᾗ
386 3369 587 3431 λίθους
620 3369 716 3422 DF
837 3376 906 3423 14
942 3366 1129 3440 γένος]
1170 3368 1344 3431 ἔθνος
1380 3368 1433 3421 II
1540 3364 1575 3436 ἡ
1615 3370 1742 3423 add.
1781 3369 1946 3425 Dind„
2070 3376 2136 3425 15
2174 3391 2229 3425 τι

361 3472 375 3498 ,
411 3455 494 3495 τις
531 3437 705 3491 cet-eri
833 3446 897 3493 16
936 3440 1214 3508 μηδεμιᾶς
1253 3437 1437 3493 delevi
1559 3439 1868 3508 γενομένης
1899 3441 2054 3512 vulg.
2159 3448 2226 3496 1⁷

310 3505 590 3572 νηνεμίας]
630 3509 799 3573 μυίας
835 3508 930 3561 ΑΒ
1076 3515 1146 3563 24
1184 3505 1447 3578 ἐχόμενοι
1483 3507 1632 3578 libri,
1671 3526 1808 3567 corr.
1848 3511 2087 3567 Bekker.
