<?xml version="1.0" encoding="UTF-8"?>
<!DOCTYPE html PUBLIC "-//W3C//DTD XHTML 1.0 Transitional//EN"
    "http://www.w3.org/TR/xhtml1/DTD/xhtml1-transitional.dtd">
<html xmlns="http://www.w3.org/1999/xhtml" xml:lang="en" lang="en">
 <head>
  <title>
</title>
<meta http-equiv="Content-Type" content="text/html;charset=utf-8" />
  <meta name='ocr-system' content='tesseract 3.04.00' />
  <meta name='ocr-capabilities' content='ocr_page ocr_carea ocr_par ocr_line ocrx_word'/>
</head>
<body>
  <div class='ocr_page' id='page_1' title='image "./diodoribiblioth02dindgoog_0096.png"; bbox 0 0 2569 4061; ppageno 0'>
   <div class='ocr_carea' id='block_1_1' title="bbox 408 190 1791 251">
    <p class='ocr_par' dir='ltr' id='par_1_1' title="bbox 408 190 1791 251">
     <span class='ocr_line' id='line_1_1' title="bbox 408 190 1791 251; baseline 0.004 -5"><span class='ocrx_word' id='word_1_1' title='bbox 408 190 562 247; x_wconf 88' lang='lat' dir='ltr'>XCII</span> <span class='ocrx_word' id='word_1_2' title='bbox 962 190 1488 248; x_wconf 80' lang='lat' dir='ltr'>ARGUMENTUM</span> <span class='ocrx_word' id='word_1_3' title='bbox 1524 191 1659 248; x_wconf 90' lang='lat' dir='ltr'>LIB.</span> <span class='ocrx_word' id='word_1_4' title='bbox 1696 193 1791 251; x_wconf 89' lang='lat' dir='ltr'>IV.</span> 
     </span>
    </p>
   </div>
   <div class='ocr_carea' id='block_1_2' title="bbox 407 307 2341 3558">
    <p class='ocr_par' dir='ltr' id='par_1_2' title="bbox 412 307 2341 521">
     <span class='ocr_line' id='line_1_2' title="bbox 412 307 521 357; baseline 0 -8"><span class='ocrx_word' id='word_1_5' title='bbox 412 307 521 357; x_wconf 79' lang='lat' dir='ltr'>Cap.</span> 
     </span>
     <span class='ocr_line' id='line_1_3' title="bbox 590 367 2341 441; baseline 0.003 -20"><span class='ocrx_word' id='word_1_6' title='bbox 590 367 854 423; x_wconf 73' lang='lat' dir='ltr'><strong>restituit.</strong></span> <span class='ocrx_word' id='word_1_7' title='bbox 929 368 1090 440; x_wconf 88' lang='lat' dir='ltr'>Auge</span> <span class='ocrx_word' id='word_1_8' title='bbox 1126 370 1199 424; x_wconf 89' lang='lat' dir='ltr'>ab</span> <span class='ocrx_word' id='word_1_9' title='bbox 1236 369 1479 425; x_wconf 85' lang='lat' dir='ltr'>Hercule</span> <span class='ocrx_word' id='word_1_10' title='bbox 1526 371 1765 441; x_wconf 83' lang='lat' dir='ltr'>gravida</span> <span class='ocrx_word' id='word_1_11' title='bbox 1801 371 2071 427; x_wconf 87' lang='lat' dir='ltr'>damnata</span> <span class='ocrx_word' id='word_1_12' title='bbox 2108 373 2173 427; x_wconf 89' lang='lat' dir='ltr'>ut</span> <span class='ocrx_word' id='word_1_13' title='bbox 2210 373 2341 427; x_wconf 88' lang='lat' dir='ltr'>sub-</span> 
     </span>
     <span class='ocr_line' id='line_1_4' title="bbox 588 449 1870 521; baseline 0.003 -22"><span class='ocrx_word' id='word_1_14' title='bbox 588 449 955 518; x_wconf 77' lang='lat' dir='ltr'>mergeretur,</span> <span class='ocrx_word' id='word_1_15' title='bbox 994 450 1252 505; x_wconf 85' lang='lat' dir='ltr'>servatur</span> <span class='ocrx_word' id='word_1_16' title='bbox 1289 467 1416 504; x_wconf 91' lang='lat' dir='ltr'>cum</span> <span class='ocrx_word' id='word_1_17' title='bbox 1452 449 1569 504; x_wconf 87' lang='lat' dir='ltr'>filio</span> <span class='ocrx_word' id='word_1_18' title='bbox 1607 449 1870 521; x_wconf 78' lang='lat' dir='ltr'>Telepho.</span> 
     </span>
    </p>

    <p class='ocr_par' dir='ltr' id='par_1_3' title="bbox 410 526 2338 759">
     <span class='ocr_line' id='line_1_5' title="bbox 410 526 2338 598; baseline 0.002 -16"><span class='ocrx_word' id='word_1_19' title='bbox 410 533 497 582; x_wconf 87' lang='lat'>34.</span> <span class='ocrx_word' id='word_1_20' title='bbox 534 526 760 583; x_wconf 83' lang='lat' dir='ltr'>Relicta</span> <span class='ocrx_word' id='word_1_21' title='bbox 779 528 1164 598; x_wconf 84' lang='lat' dir='ltr'>Peloponneso</span> <span class='ocrx_word' id='word_1_22' title='bbox 1194 528 1462 583; x_wconf 89' lang='lat' dir='ltr'>Hercules</span> <span class='ocrx_word' id='word_1_23' title='bbox 1491 529 1833 598; x_wconf 81' lang='lat' dir='ltr'>Calydonem</span> <span class='ocrx_word' id='word_1_24' title='bbox 1852 530 2112 586; x_wconf 75' lang='lat' dir='ltr'>Aetoliae</span> <span class='ocrx_word' id='word_1_25' title='bbox 2140 533 2338 587; x_wconf 89' lang='lat' dir='ltr'>urbem</span> 
     </span>
     <span class='ocr_line' id='line_1_6' title="bbox 590 606 2338 680; baseline 0.003 -19"><span class='ocrx_word' id='word_1_26' title='bbox 590 609 737 678; x_wconf 91' lang='lat' dir='ltr'>petit</span> <span class='ocrx_word' id='word_1_27' title='bbox 772 609 833 663; x_wconf 87' lang='lat' dir='ltr'>et</span> <span class='ocrx_word' id='word_1_28' title='bbox 867 606 1189 663; x_wconf 79' lang='lat' dir='ltr'>Deianiram</span> <span class='ocrx_word' id='word_1_29' title='bbox 1225 624 1459 663; x_wconf 85' lang='lat' dir='ltr'>uxorem</span> <span class='ocrx_word' id='word_1_30' title='bbox 1499 610 1670 664; x_wconf 86' lang='lat' dir='ltr'>ducit.</span> <span class='ocrx_word' id='word_1_31' title='bbox 1736 611 1877 680; x_wconf 88' lang='lat' dir='ltr'>Apri</span> <span class='ocrx_word' id='word_1_32' title='bbox 1914 610 2210 680; x_wconf 80' lang='lat' dir='ltr'>Calydonii</span> <span class='ocrx_word' id='word_1_33' title='bbox 2245 628 2338 666; x_wconf 85' lang='lat' dir='ltr'>ve·</span> 
     </span>
     <span class='ocr_line' id='line_1_7' title="bbox 588 687 1734 759; baseline 0.003 -17"><span class='ocrx_word' id='word_1_34' title='bbox 588 688 771 744; x_wconf 83' lang='lat' dir='ltr'>natio:</span> <span class='ocrx_word' id='word_1_35' title='bbox 809 687 1111 759; x_wconf 83' lang='lat' dir='ltr'>Meleager,</span> <span class='ocrx_word' id='word_1_36' title='bbox 1148 688 1438 759; x_wconf 74' lang='lat' dir='ltr'>Atalante,</span> <span class='ocrx_word' id='word_1_37' title='bbox 1476 688 1734 745; x_wconf 85' lang='lat' dir='ltr'>Althaea.</span> 
     </span>
    </p>

    <p class='ocr_par' dir='ltr' id='par_1_4' title="bbox 410 767 2337 917">
     <span class='ocr_line' id='line_1_8' title="bbox 410 767 2337 837; baseline 0.001 -14"><span class='ocrx_word' id='word_1_38' title='bbox 410 773 495 824; x_wconf 76' lang='lat'>35.</span> <span class='ocrx_word' id='word_1_39' title='bbox 536 768 620 825; x_wconf 93' lang='lat' dir='ltr'>De</span> <span class='ocrx_word' id='word_1_40' title='bbox 658 768 982 837; x_wconf 83' lang='lat' dir='ltr'>Calydoniis</span> <span class='ocrx_word' id='word_1_41' title='bbox 1009 767 1281 823; x_wconf 88' lang='lat' dir='ltr'>Hercules</span> <span class='ocrx_word' id='word_1_42' title='bbox 1317 768 1460 824; x_wconf 90' lang='lat' dir='ltr'>bene</span> <span class='ocrx_word' id='word_1_43' title='bbox 1496 771 1704 826; x_wconf 88' lang='lat' dir='ltr'>meruit</span> <span class='ocrx_word' id='word_1_44' title='bbox 1738 772 1892 827; x_wconf 89' lang='lat' dir='ltr'>facto</span> <span class='ocrx_word' id='word_1_45' title='bbox 1920 789 2069 829; x_wconf 85' lang='lat' dir='ltr'>novo</span> <span class='ocrx_word' id='word_1_46' title='bbox 2097 771 2337 828; x_wconf 84' lang='lat' dir='ltr'>Acheloi</span> 
     </span>
     <span class='ocr_line' id='line_1_9' title="bbox 589 848 2054 917; baseline 0.002 -13"><span class='ocrx_word' id='word_1_47' title='bbox 589 849 770 917; x_wconf 86' lang='lat' dir='ltr'>alveo,</span> <span class='ocrx_word' id='word_1_48' title='bbox 805 848 954 904; x_wconf 89' lang='lat' dir='ltr'>unde</span> <span class='ocrx_word' id='word_1_49' title='bbox 992 850 1117 902; x_wconf 89' lang='lat' dir='ltr'>orta</span> <span class='ocrx_word' id='word_1_50' title='bbox 1150 848 1349 904; x_wconf 89' lang='lat' dir='ltr'>fabula</span> <span class='ocrx_word' id='word_1_51' title='bbox 1384 850 1456 903; x_wconf 89' lang='lat' dir='ltr'>de</span> <span class='ocrx_word' id='word_1_52' title='bbox 1494 867 1666 906; x_wconf 88' lang='lat' dir='ltr'>cornu</span> <span class='ocrx_word' id='word_1_53' title='bbox 1702 850 2054 907; x_wconf 63' lang='lat' dir='ltr'>Amffltheae.</span> 
     </span>
    </p>

    <p class='ocr_par' dir='ltr' id='par_1_5' title="bbox 409 928 2338 1320">
     <span class='ocr_line' id='line_1_10' title="bbox 409 928 2338 1000; baseline 0 -15"><span class='ocrx_word' id='word_1_54' title='bbox 409 936 495 985; x_wconf 85' lang='grc'>36.</span> <span class='ocrx_word' id='word_1_55' title='bbox 534 930 802 985; x_wconf 89' lang='lat' dir='ltr'>Hercules</span> <span class='ocrx_word' id='word_1_56' title='bbox 849 928 1138 997; x_wconf 80' lang='lat' dir='ltr'>Ephyram</span> <span class='ocrx_word' id='word_1_57' title='bbox 1185 929 1241 983; x_wconf 84' lang='lat' dir='ltr'>vi</span> <span class='ocrx_word' id='word_1_58' title='bbox 1290 930 1444 998; x_wconf 89' lang='lat' dir='ltr'>capit</span> <span class='ocrx_word' id='word_1_59' title='bbox 1486 947 1732 1000; x_wconf 85' lang='lat' dir='ltr'>regeque</span> <span class='ocrx_word' id='word_1_60' title='bbox 1778 932 1991 1000; x_wconf 84' lang='lat' dir='ltr'>Phyleo</span> <span class='ocrx_word' id='word_1_61' title='bbox 2038 931 2221 987; x_wconf 87' lang='lat' dir='ltr'>occiso</span> <span class='ocrx_word' id='word_1_62' title='bbox 2269 947 2338 985; x_wconf 89' lang='lat' dir='ltr'>ex</span> 
     </span>
     <span class='ocr_line' id='line_1_11' title="bbox 591 1007 2337 1080; baseline 0.001 -16"><span class='ocrx_word' id='word_1_63' title='bbox 591 1009 711 1064; x_wconf 88' lang='lat' dir='ltr'>eius</span> <span class='ocrx_word' id='word_1_64' title='bbox 748 1008 869 1063; x_wconf 88' lang='lat' dir='ltr'>filia</span> <span class='ocrx_word' id='word_1_65' title='bbox 905 1007 1294 1076; x_wconf 84' lang='lat' dir='ltr'>Tlepolemum</span> <span class='ocrx_word' id='word_1_66' title='bbox 1329 1013 1602 1079; x_wconf 84' lang='lat' dir='ltr'>procreat.</span> <span class='ocrx_word' id='word_1_67' title='bbox 1671 1010 1757 1066; x_wconf 88' lang='lat' dir='ltr'>Ob</span> <span class='ocrx_word' id='word_1_68' title='bbox 1783 1010 2163 1080; x_wconf 80' lang='lat' dir='ltr'>Eurynomum</span> <span class='ocrx_word' id='word_1_69' title='bbox 2202 1027 2337 1065; x_wconf 87' lang='lat' dir='ltr'>casu</span> 
     </span>
     <span class='ocr_line' id='line_1_12' title="bbox 589 1088 2335 1162; baseline -0.001 -17"><span class='ocrx_word' id='word_1_70' title='bbox 589 1089 661 1145; x_wconf 90' lang='lat' dir='ltr'>ab</span> <span class='ocrx_word' id='word_1_71' title='bbox 698 1104 765 1143; x_wconf 90' lang='lat' dir='ltr'>eo</span> <span class='ocrx_word' id='word_1_72' title='bbox 802 1088 1206 1157; x_wconf 88' lang='lat' dir='ltr'>interemptum</span> <span class='ocrx_word' id='word_1_73' title='bbox 1243 1106 1372 1144; x_wconf 91' lang='lat' dir='ltr'>cum</span> <span class='ocrx_word' id='word_1_74' title='bbox 1406 1089 1673 1145; x_wconf 88' lang='lat' dir='ltr'>Deianira</span> <span class='ocrx_word' id='word_1_75' title='bbox 1709 1090 1947 1161; x_wconf 82' lang='lat' dir='ltr'>fugiens·</span> <span class='ocrx_word' id='word_1_76' title='bbox 1967 1091 2228 1162; x_wconf 85' lang='lat' dir='ltr'>pervenit</span> <span class='ocrx_word' id='word_1_77' title='bbox 2262 1092 2335 1145; x_wconf 88' lang='lat' dir='ltr'>ad</span> 
     </span>
     <span class='ocr_line' id='line_1_13' title="bbox 587 1168 2336 1227; baseline 0.002 -6"><span class='ocrx_word' id='word_1_78' title='bbox 587 1168 796 1223; x_wconf 88' lang='lat' dir='ltr'>flumen</span> <span class='ocrx_word' id='word_1_79' title='bbox 820 1168 1093 1225; x_wconf 85' lang='lat' dir='ltr'>Euenum.</span> <span class='ocrx_word' id='word_1_80' title='bbox 1132 1168 1300 1224; x_wconf 84' lang='lat' dir='ltr'>Nessi</span> <span class='ocrx_word' id='word_1_81' title='bbox 1327 1170 1526 1226; x_wconf 85' lang='lat' dir='ltr'>scelus.</span> <span class='ocrx_word' id='word_1_82' title='bbox 1564 1171 1833 1227; x_wconf 88' lang='lat' dir='ltr'>Hercules</span> <span class='ocrx_word' id='word_1_83' title='bbox 1864 1188 1990 1226; x_wconf 90' lang='lat' dir='ltr'>cum</span> <span class='ocrx_word' id='word_1_84' title='bbox 2018 1171 2336 1227; x_wconf 77' lang='lat' dir='ltr'>Arcadibus</span> 
     </span>
     <span class='ocr_line' id='line_1_14' title="bbox 589 1247 2055 1320; baseline 0.003 -18"><span class='ocrx_word' id='word_1_85' title='bbox 589 1247 755 1303; x_wconf 90' lang='lat' dir='ltr'>sociis</span> <span class='ocrx_word' id='word_1_86' title='bbox 794 1248 1031 1317; x_wconf 84' lang='lat' dir='ltr'>Ceycem</span> <span class='ocrx_word' id='word_1_87' title='bbox 1069 1247 1410 1304; x_wconf 86' lang='lat' dir='ltr'>Trachiniae</span> <span class='ocrx_word' id='word_1_88' title='bbox 1447 1267 1639 1320; x_wconf 89' lang='lat' dir='ltr'>regem</span> <span class='ocrx_word' id='word_1_89' title='bbox 1676 1252 1880 1320; x_wconf 80' lang='lat' dir='ltr'>hospes</span> <span class='ocrx_word' id='word_1_90' title='bbox 1919 1250 2055 1306; x_wconf 86' lang='lat' dir='ltr'>adit.</span> 
     </span>
    </p>

    <p class='ocr_par' dir='ltr' id='par_1_6' title="bbox 408 1328 2340 1876">
     <span class='ocr_line' id='line_1_15' title="bbox 408 1328 2337 1402; baseline 0.002 -21"><span class='ocrx_word' id='word_1_91' title='bbox 408 1333 495 1382; x_wconf 80' lang='lat'>37.</span> <span class='ocrx_word' id='word_1_92' title='bbox 532 1328 870 1395; x_wconf 84' lang='lat' dir='ltr'>Phylantem</span> <span class='ocrx_word' id='word_1_93' title='bbox 923 1344 1112 1398; x_wconf 88' lang='lat' dir='ltr'>regem</span> <span class='ocrx_word' id='word_1_94' title='bbox 1163 1328 1453 1399; x_wconf 80' lang='lat' dir='ltr'>Dryopum</span> <span class='ocrx_word' id='word_1_95' title='bbox 1504 1329 1564 1384; x_wconf 91' lang='lat' dir='ltr'>in</span> <span class='ocrx_word' id='word_1_96' title='bbox 1612 1329 1861 1401; x_wconf 87' lang='lat' dir='ltr'>Delphos</span> <span class='ocrx_word' id='word_1_97' title='bbox 1914 1332 2154 1402; x_wconf 89' lang='lat' dir='ltr'>impium</span> <span class='ocrx_word' id='word_1_98' title='bbox 2198 1331 2337 1387; x_wconf 90' lang='lat' dir='ltr'>Her-</span> 
     </span>
     <span class='ocr_line' id='line_1_16' title="bbox 591 1407 2339 1482; baseline 0.002 -20"><span class='ocrx_word' id='word_1_99' title='bbox 591 1408 743 1463; x_wconf 89' lang='lat' dir='ltr'>cules</span> <span class='ocrx_word' id='word_1_100' title='bbox 764 1407 974 1463; x_wconf 91' lang='lat' dir='ltr'>occidit</span> <span class='ocrx_word' id='word_1_101' title='bbox 995 1409 1226 1477; x_wconf 91' lang='lat' dir='ltr'>eiusque</span> <span class='ocrx_word' id='word_1_102' title='bbox 1247 1426 1316 1464; x_wconf 83' lang='lat' dir='ltr'>ex</span> <span class='ocrx_word' id='word_1_103' title='bbox 1340 1409 1460 1464; x_wconf 88' lang='lat' dir='ltr'>filia</span> <span class='ocrx_word' id='word_1_104' title='bbox 1477 1409 1819 1466; x_wconf 72' lang='lat' dir='ltr'>Antiochum</span> <span class='ocrx_word' id='word_1_105' title='bbox 1836 1411 2146 1482; x_wconf 72' lang='lat' dir='ltr'>progignit.</span> <span class='ocrx_word' id='word_1_106' title='bbox 2199 1411 2339 1466; x_wconf 83' lang='lat' dir='ltr'>Nati</span> 
     </span>
     <span class='ocr_line' id='line_1_17' title="bbox 590 1487 2336 1562; baseline 0.002 -19"><span class='ocrx_word' id='word_1_107' title='bbox 590 1504 620 1543; x_wconf 92' lang='lat' dir='ltr'>e</span> <span class='ocrx_word' id='word_1_108' title='bbox 648 1487 931 1545; x_wconf 89' lang='lat' dir='ltr'>Deianira.</span> <span class='ocrx_word' id='word_1_109' title='bbox 995 1490 1284 1559; x_wconf 83' lang='lat' dir='ltr'>Dryopum</span> <span class='ocrx_word' id='word_1_110' title='bbox 1327 1491 1685 1560; x_wconf 84' lang='lat' dir='ltr'>expulsorum</span> <span class='ocrx_word' id='word_1_111' title='bbox 1718 1507 1901 1548; x_wconf 82' lang='lat' dir='ltr'>novae</span> <span class='ocrx_word' id='word_1_112' title='bbox 1938 1492 2098 1547; x_wconf 89' lang='lat' dir='ltr'>sedes</span> <span class='ocrx_word' id='word_1_113' title='bbox 2135 1508 2336 1562; x_wconf 88' lang='lat' dir='ltr'>resque</span> 
     </span>
     <span class='ocr_line' id='line_1_18' title="bbox 588 1561 2336 1642; baseline 0.002 -20"><span class='ocrx_word' id='word_1_114' title='bbox 588 1569 800 1638; x_wconf 83' lang='lat' dir='ltr'>gestae.</span> <span class='ocrx_word' id='word_1_115' title='bbox 873 1561 1141 1625; x_wconf 70' lang='lat' dir='ltr'>Hercules</span> <span class='ocrx_word' id='word_1_116' title='bbox 1177 1567 1477 1624; x_wconf 86' lang='lat' dir='ltr'>Dorienses</span> <span class='ocrx_word' id='word_1_117' title='bbox 1526 1574 1723 1628; x_wconf 86' lang='lat' dir='ltr'>contra</span> <span class='ocrx_word' id='word_1_118' title='bbox 1756 1572 2027 1642; x_wconf 90' lang='lat' dir='ltr'>Lapithas</span> <span class='ocrx_word' id='word_1_119' title='bbox 2065 1570 2336 1641; x_wconf 79' lang='lat' dir='ltr'>defendit,</span> 
     </span>
     <span class='ocr_line' id='line_1_19' title="bbox 591 1647 2338 1720; baseline 0.001 -18"><span class='ocrx_word' id='word_1_120' title='bbox 591 1647 844 1720; x_wconf 77' lang='lat' dir='ltr'>Cygnum</span> <span class='ocrx_word' id='word_1_121' title='bbox 882 1650 1189 1704; x_wconf 83' lang='lat' dir='ltr'>certamine</span> <span class='ocrx_word' id='word_1_122' title='bbox 1224 1649 1433 1717; x_wconf 85' lang='lat' dir='ltr'>vincit,</span> <span class='ocrx_word' id='word_1_123' title='bbox 1488 1668 1555 1705; x_wconf 84' lang='lat' dir='ltr'>ex</span> <span class='ocrx_word' id='word_1_124' title='bbox 1591 1651 1928 1720; x_wconf 84' lang='lat' dir='ltr'>Astydamia</span> <span class='ocrx_word' id='word_1_125' title='bbox 1965 1652 2200 1707; x_wconf 87' lang='lat' dir='ltr'>subacto</span> <span class='ocrx_word' id='word_1_126' title='bbox 2237 1652 2338 1705; x_wconf 91' lang='lat' dir='ltr'>Or-</span> 
     </span>
     <span class='ocr_line' id='line_1_20' title="bbox 594 1728 2340 1801; baseline 0.001 -18"><span class='ocrx_word' id='word_1_127' title='bbox 594 1728 770 1784; x_wconf 89' lang='lat' dir='ltr'>menii</span> <span class='ocrx_word' id='word_1_128' title='bbox 796 1745 948 1797; x_wconf 86' lang='lat' dir='ltr'>rege,</span> <span class='ocrx_word' id='word_1_129' title='bbox 986 1729 1104 1782; x_wconf 88' lang='lat' dir='ltr'>eius</span> <span class='ocrx_word' id='word_1_130' title='bbox 1131 1730 1311 1797; x_wconf 86' lang='lat' dir='ltr'>patre,</span> <span class='ocrx_word' id='word_1_131' title='bbox 1351 1728 1678 1799; x_wconf 86' lang='lat' dir='ltr'>Ctesippum</span> <span class='ocrx_word' id='word_1_132' title='bbox 1706 1733 1980 1800; x_wconf 85' lang='lat' dir='ltr'>procreat.</span> <span class='ocrx_word' id='word_1_133' title='bbox 2027 1731 2145 1786; x_wconf 91' lang='lat' dir='ltr'>Iole</span> <span class='ocrx_word' id='word_1_134' title='bbox 2171 1732 2340 1801; x_wconf 81' lang='lat' dir='ltr'>rapta</span> 
     </span>
     <span class='ocr_line' id='line_1_21' title="bbox 592 1805 1764 1876; baseline 0.001 -15"><span class='ocrx_word' id='word_1_135' title='bbox 592 1808 665 1861; x_wconf 89' lang='lat' dir='ltr'>ad</span> <span class='ocrx_word' id='word_1_136' title='bbox 699 1806 1151 1876; x_wconf 88' lang='lat' dir='ltr'>promuntorium</span> <span class='ocrx_word' id='word_1_137' title='bbox 1190 1805 1471 1861; x_wconf 89' lang='lat' dir='ltr'>Cenaeum</span> <span class='ocrx_word' id='word_1_138' title='bbox 1508 1807 1764 1862; x_wconf 89' lang='lat' dir='ltr'>discedit.</span> 
     </span>
    </p>

    <p class='ocr_par' dir='ltr' id='par_1_7' title="bbox 412 1884 2337 2117">
     <span class='ocr_line' id='line_1_22' title="bbox 412 1884 2337 1945; baseline 0.001 -5"><span class='ocrx_word' id='word_1_139' title='bbox 412 1894 497 1942; x_wconf 80' lang='lat'>38.</span> <span class='ocrx_word' id='word_1_140' title='bbox 535 1887 623 1941; x_wconf 89' lang='lat' dir='ltr'>Ad</span> <span class='ocrx_word' id='word_1_141' title='bbox 660 1884 1058 1941; x_wconf 89' lang='lat' dir='ltr'>celebrandum</span> <span class='ocrx_word' id='word_1_142' title='bbox 1097 1901 1317 1941; x_wconf 84' lang='lat' dir='ltr'>sacrum</span> <span class='ocrx_word' id='word_1_143' title='bbox 1368 1886 1542 1941; x_wconf 81' lang='lat' dir='ltr'>vestis</span> <span class='ocrx_word' id='word_1_144' title='bbox 1578 1884 1745 1942; x_wconf 87' lang='lat' dir='ltr'>Nessi</span> <span class='ocrx_word' id='word_1_145' title='bbox 1780 1903 1996 1943; x_wconf 86' lang='lat' dir='ltr'>veneno</span> <span class='ocrx_word' id='word_1_146' title='bbox 2032 1889 2217 1945; x_wconf 88' lang='lat' dir='ltr'>tincta</span> <span class='ocrx_word' id='word_1_147' title='bbox 2255 1890 2337 1945; x_wconf 87' lang='lat' dir='ltr'>af-</span> 
     </span>
     <span class='ocr_line' id='line_1_23' title="bbox 588 1965 2336 2037; baseline 0.003 -16"><span class='ocrx_word' id='word_1_148' title='bbox 588 1967 769 2021; x_wconf 89' lang='lat' dir='ltr'>fertur</span> <span class='ocrx_word' id='word_1_149' title='bbox 794 1980 897 2037; x_wconf 88' lang='lat' dir='ltr'>per</span> <span class='ocrx_word' id='word_1_150' title='bbox 922 1965 1173 2020; x_wconf 89' lang='lat' dir='ltr'>Licham.</span> <span class='ocrx_word' id='word_1_151' title='bbox 1230 1966 1498 2021; x_wconf 88' lang='lat' dir='ltr'>Hercules</span> <span class='ocrx_word' id='word_1_152' title='bbox 1538 1965 1755 2022; x_wconf 89' lang='lat' dir='ltr'>exitiali</span> <span class='ocrx_word' id='word_1_153' title='bbox 1791 1967 1988 2023; x_wconf 86' lang='lat' dir='ltr'>morbo</span> <span class='ocrx_word' id='word_1_154' title='bbox 2027 1969 2336 2026; x_wconf 87' lang='lat' dir='ltr'>conficitur.</span> 
     </span>
     <span class='ocr_line' id='line_1_24' title="bbox 590 2045 1225 2117; baseline -0.003 -15"><span class='ocrx_word' id='word_1_155' title='bbox 590 2047 726 2102; x_wconf 87' lang='lat' dir='ltr'>Eius</span> <span class='ocrx_word' id='word_1_156' title='bbox 762 2063 933 2117; x_wconf 86' lang='lat' dir='ltr'>rogus</span> <span class='ocrx_word' id='word_1_157' title='bbox 969 2047 1029 2102; x_wconf 90' lang='lat' dir='ltr'>in</span> <span class='ocrx_word' id='word_1_158' title='bbox 1067 2045 1225 2102; x_wconf 80' lang='lat' dir='ltr'>Oeta.</span> 
     </span>
    </p>

    <p class='ocr_par' dir='ltr' id='par_1_8' title="bbox 413 2128 2159 2191">
     <span class='ocr_line' id='line_1_25' title="bbox 413 2128 2159 2191; baseline 0.005 -9"><span class='ocrx_word' id='word_1_159' title='bbox 413 2134 499 2184; x_wconf 83' lang='lat'>39.</span> <span class='ocrx_word' id='word_1_160' title='bbox 536 2128 770 2184; x_wconf 86' lang='lat' dir='ltr'>Herculi</span> <span class='ocrx_word' id='word_1_161' title='bbox 806 2128 1071 2184; x_wconf 84' lang='lat' dir='ltr'>instituta</span> <span class='ocrx_word' id='word_1_162' title='bbox 1107 2146 1280 2184; x_wconf 87' lang='lat' dir='ltr'>sacra.</span> <span class='ocrx_word' id='word_1_163' title='bbox 1846 2180 1853 2191; x_wconf 81' lang='grc'><em>,</em></span> <span class='ocrx_word' id='word_1_164' title='bbox 2154 2186 2159 2190; x_wconf 90' lang='grc'><strong>.</strong></span> 
     </span>
    </p>

    <p class='ocr_par' dir='ltr' id='par_1_9' title="bbox 410 2207 2336 2342">
     <span class='ocr_line' id='line_1_26' title="bbox 410 2207 2336 2279; baseline 0.002 -16"><span class='ocrx_word' id='word_1_165' title='bbox 410 2214 498 2264; x_wconf 86' lang='grc'>40.</span> <span class='ocrx_word' id='word_1_166' title='bbox 536 2208 918 2279; x_wconf 87' lang='lat' dir='ltr'>Argonautae,</span> <span class='ocrx_word' id='word_1_167' title='bbox 957 2227 1196 2278; x_wconf 85' lang='lat' dir='ltr'>quorum</span> <span class='ocrx_word' id='word_1_168' title='bbox 1234 2207 1419 2264; x_wconf 86' lang='lat' dir='ltr'>socius</span> <span class='ocrx_word' id='word_1_169' title='bbox 1449 2208 1719 2265; x_wconf 89' lang='lat' dir='ltr'>Hercules</span> <span class='ocrx_word' id='word_1_170' title='bbox 1762 2214 1898 2266; x_wconf 89' lang='lat' dir='ltr'>erat.</span> <span class='ocrx_word' id='word_1_171' title='bbox 1964 2211 2177 2267; x_wconf 87' lang='lat' dir='ltr'>Iasonis</span> <span class='ocrx_word' id='word_1_172' title='bbox 2208 2227 2336 2267; x_wconf 86' lang='lat' dir='ltr'>con-</span> 
     </span>
     <span class='ocr_line' id='line_1_27' title="bbox 588 2288 816 2342; baseline 0.004 -1"><span class='ocrx_word' id='word_1_173' title='bbox 588 2288 816 2342; x_wconf 88' lang='lat' dir='ltr'>silium.-</span> 
     </span>
    </p>

    <p class='ocr_par' dir='ltr' id='par_1_10' title="bbox 407 2366 2100 2437">
     <span class='ocr_line' id='line_1_28' title="bbox 407 2366 2100 2437; baseline 0.003 -17"><span class='ocrx_word' id='word_1_174' title='bbox 407 2374 495 2420; x_wconf 87' lang='grc'>41.</span> <span class='ocrx_word' id='word_1_175' title='bbox 533 2366 760 2422; x_wconf 88' lang='lat' dir='ltr'>Itineris</span> <span class='ocrx_word' id='word_1_176' title='bbox 798 2367 1254 2437; x_wconf 87' lang='lat' dir='ltr'>Argonautarum</span> <span class='ocrx_word' id='word_1_177' title='bbox 1291 2369 1612 2435; x_wconf 85' lang='lat' dir='ltr'>apparatus.</span> <span class='ocrx_word' id='word_1_178' title='bbox 1686 2368 1910 2423; x_wconf 89' lang='lat' dir='ltr'>Itineris</span> <span class='ocrx_word' id='word_1_179' title='bbox 1946 2371 2100 2425; x_wconf 90' lang='lat' dir='ltr'>socii.</span> 
     </span>
    </p>

    <p class='ocr_par' dir='ltr' id='par_1_11' title="bbox 407 2446 2338 2754">
     <span class='ocr_line' id='line_1_29' title="bbox 407 2446 2337 2516; baseline 0.003 -16"><span class='ocrx_word' id='word_1_180' title='bbox 407 2452 496 2501; x_wconf 83' lang='lat'>42.</span> <span class='ocrx_word' id='word_1_181' title='bbox 534 2447 989 2516; x_wconf 85' lang='lat' dir='ltr'>Argonautarum</span> <span class='ocrx_word' id='word_1_182' title='bbox 1017 2447 1078 2501; x_wconf 90' lang='lat' dir='ltr'>in</span> <span class='ocrx_word' id='word_1_183' title='bbox 1104 2446 1311 2501; x_wconf 90' lang='lat' dir='ltr'>itinere</span> <span class='ocrx_word' id='word_1_184' title='bbox 1338 2447 1474 2502; x_wconf 86' lang='lat' dir='ltr'>fata.</span> <span class='ocrx_word' id='word_1_185' title='bbox 1511 2447 1601 2500; x_wconf 89' lang='lat' dir='ltr'>Ad</span> <span class='ocrx_word' id='word_1_186' title='bbox 1621 2462 1778 2501; x_wconf 86' lang='lat' dir='ltr'>oram</span> <span class='ocrx_word' id='word_1_187' title='bbox 1797 2446 2033 2502; x_wconf 87' lang='lat' dir='ltr'>Troadis</span> <span class='ocrx_word' id='word_1_188' title='bbox 2053 2449 2337 2506; x_wconf 88' lang='lat' dir='ltr'>Hesionen</span> 
     </span>
     <span class='ocr_line' id='line_1_30' title="bbox 589 2525 2338 2600; baseline 0.003 -20"><span class='ocrx_word' id='word_1_189' title='bbox 589 2527 715 2581; x_wconf 88' lang='lat' dir='ltr'>ceto</span> <span class='ocrx_word' id='word_1_190' title='bbox 752 2525 1049 2580; x_wconf 88' lang='lat' dir='ltr'>interfecto</span> <span class='ocrx_word' id='word_1_191' title='bbox 1084 2525 1355 2581; x_wconf 89' lang='lat' dir='ltr'>Hercules</span> <span class='ocrx_word' id='word_1_192' title='bbox 1391 2525 1612 2580; x_wconf 89' lang='lat' dir='ltr'>liberat.</span> <span class='ocrx_word' id='word_1_193' title='bbox 1678 2527 1925 2581; x_wconf 89' lang='lat' dir='ltr'>Praemii</span> <span class='ocrx_word' id='word_1_194' title='bbox 1961 2527 2086 2583; x_wconf 91' lang='lat' dir='ltr'>loco</span> <span class='ocrx_word' id='word_1_195' title='bbox 2124 2530 2338 2600; x_wconf 90' lang='lat' dir='ltr'>accipit</span> 
     </span>
     <span class='ocr_line' id='line_1_31' title="bbox 586 2604 2337 2676; baseline 0.003 -16"><span class='ocrx_word' id='word_1_196' title='bbox 586 2604 869 2661; x_wconf 90' lang='lat' dir='ltr'>Hesionen</span> <span class='ocrx_word' id='word_1_197' title='bbox 916 2607 977 2660; x_wconf 90' lang='lat' dir='ltr'>et</span> <span class='ocrx_word' id='word_1_198' title='bbox 1020 2620 1193 2676; x_wconf 88' lang='lat' dir='ltr'>equos</span> <span class='ocrx_word' id='word_1_199' title='bbox 1239 2606 1451 2675; x_wconf 88' lang='lat' dir='ltr'>regios,</span> <span class='ocrx_word' id='word_1_200' title='bbox 1508 2622 1648 2675; x_wconf 87' lang='lat' dir='ltr'>quos</span> <span class='ocrx_word' id='word_1_201' title='bbox 1693 2606 1915 2663; x_wconf 88' lang='lat' dir='ltr'>interea</span> <span class='ocrx_word' id='word_1_202' title='bbox 1959 2608 2337 2666; x_wconf 88' lang='lat' dir='ltr'>Laomedonti</span> 
     </span>
     <span class='ocr_line' id='line_1_32' title="bbox 587 2684 1298 2754; baseline 0 -14"><span class='ocrx_word' id='word_1_203' title='bbox 587 2684 977 2740; x_wconf 88' lang='lat' dir='ltr'>custodiendos</span> <span class='ocrx_word' id='word_1_204' title='bbox 1012 2686 1298 2754; x_wconf 83' lang='lat' dir='ltr'>relinquit.</span> 
     </span>
    </p>

    <p class='ocr_par' dir='ltr' id='par_1_12' title="bbox 408 2765 2335 2980">
     <span class='ocr_line' id='line_1_33' title="bbox 408 2765 2335 2836; baseline 0.003 -15"><span class='ocrx_word' id='word_1_205' title='bbox 408 2772 495 2821; x_wconf 81' lang='lat'>43.</span> <span class='ocrx_word' id='word_1_206' title='bbox 535 2766 896 2835; x_wconf 84' lang='lat' dir='ltr'>Argonautae</span> <span class='ocrx_word' id='word_1_207' title='bbox 923 2766 1261 2834; x_wconf 84' lang='lat' dir='ltr'>tempestate</span> <span class='ocrx_word' id='word_1_208' title='bbox 1289 2765 1495 2836; x_wconf 82' lang='lat' dir='ltr'>agitati</span> <span class='ocrx_word' id='word_1_209' title='bbox 1520 2782 1623 2836; x_wconf 89' lang='lat' dir='ltr'>per</span> <span class='ocrx_word' id='word_1_210' title='bbox 1643 2767 1779 2822; x_wconf 91' lang='lat' dir='ltr'>deos</span> <span class='ocrx_word' id='word_1_211' title='bbox 1802 2767 2195 2826; x_wconf 87' lang='lat' dir='ltr'>Samothraces</span> <span class='ocrx_word' id='word_1_212' title='bbox 2225 2788 2335 2826; x_wconf 88' lang='lat' dir='ltr'>ser-</span> 
     </span>
     <span class='ocr_line' id='line_1_34' title="bbox 586 2844 2335 2919; baseline 0.004 -19"><span class='ocrx_word' id='word_1_213' title='bbox 586 2846 808 2900; x_wconf 82' lang='lat' dir='ltr'>vantur.</span> <span class='ocrx_word' id='word_1_214' title='bbox 864 2845 926 2898; x_wconf 93' lang='lat' dir='ltr'>In</span> <span class='ocrx_word' id='word_1_215' title='bbox 953 2844 1250 2900; x_wconf 87' lang='lat' dir='ltr'>Thraciam</span> <span class='ocrx_word' id='word_1_216' title='bbox 1288 2845 1440 2902; x_wconf 81' lang='lat' dir='ltr'>vecti</span> <span class='ocrx_word' id='word_1_217' title='bbox 1477 2846 1587 2903; x_wconf 87' lang='lat' dir='ltr'>duo</span> <span class='ocrx_word' id='word_1_218' title='bbox 1624 2849 1775 2919; x_wconf 88' lang='lat' dir='ltr'>regis</span> <span class='ocrx_word' id='word_1_219' title='bbox 1802 2847 2004 2906; x_wconf 90' lang='lat' dir='ltr'>Phinei</span> <span class='ocrx_word' id='word_1_220' title='bbox 2029 2850 2176 2907; x_wconf 88' lang='lat' dir='ltr'>filios</span> <span class='ocrx_word' id='word_1_221' title='bbox 2215 2852 2335 2906; x_wconf 90' lang='lat' dir='ltr'>vin·</span> 
     </span>
     <span class='ocr_line' id='line_1_35' title="bbox 586 2925 793 2980; baseline 0.005 -1"><span class='ocrx_word' id='word_1_222' title='bbox 586 2925 793 2980; x_wconf 88' lang='lat' dir='ltr'>dicant.</span> 
     </span>
    </p>

    <p class='ocr_par' dir='ltr' id='par_1_13' title="bbox 407 3004 2336 3322">
     <span class='ocr_line' id='line_1_36' title="bbox 407 3004 2336 3080; baseline 0.003 -18"><span class='ocrx_word' id='word_1_223' title='bbox 407 3013 494 3063; x_wconf 87' lang='lat'>44.</span> <span class='ocrx_word' id='word_1_224' title='bbox 533 3004 808 3061; x_wconf 86' lang='lat' dir='ltr'>Phineum</span> <span class='ocrx_word' id='word_1_225' title='bbox 844 3009 1253 3076; x_wconf 85' lang='lat' dir='ltr'>repugnantem</span> <span class='ocrx_word' id='word_1_226' title='bbox 1283 3007 1568 3064; x_wconf 88' lang='lat' dir='ltr'>Boreadae</span> <span class='ocrx_word' id='word_1_227' title='bbox 1605 3009 1893 3077; x_wconf 81' lang='lat' dir='ltr'>occidunt3</span> <span class='ocrx_word' id='word_1_228' title='bbox 1932 3026 2165 3080; x_wconf 89' lang='lat' dir='ltr'>regnum</span> <span class='ocrx_word' id='word_1_229' title='bbox 2203 3011 2336 3067; x_wconf 90' lang='lat' dir='ltr'>filiis</span> 
     </span>
     <span class='ocr_line' id='line_1_37' title="bbox 588 3085 2334 3147; baseline 0.004 -7"><span class='ocrx_word' id='word_1_230' title='bbox 588 3086 849 3142; x_wconf 87' lang='lat' dir='ltr'>traditur.</span> <span class='ocrx_word' id='word_1_231' title='bbox 917 3085 1130 3142; x_wconf 84' lang='lat' dir='ltr'>Eadem</span> <span class='ocrx_word' id='word_1_232' title='bbox 1158 3086 1354 3142; x_wconf 89' lang='lat' dir='ltr'>fabula</span> <span class='ocrx_word' id='word_1_233' title='bbox 1389 3088 1462 3144; x_wconf 87' lang='lat' dir='ltr'>ab</span> <span class='ocrx_word' id='word_1_234' title='bbox 1500 3088 1626 3144; x_wconf 88' lang='lat' dir='ltr'>aliis</span> <span class='ocrx_word' id='word_1_235' title='bbox 1665 3088 1831 3144; x_wconf 87' lang='lat' dir='ltr'>aliter</span> <span class='ocrx_word' id='word_1_236' title='bbox 1866 3092 2143 3145; x_wconf 85' lang='lat' dir='ltr'>narratur.</span> <span class='ocrx_word' id='word_1_237' title='bbox 2197 3091 2334 3147; x_wconf 91' lang='lat' dir='ltr'>Inde</span> 
     </span>
     <span class='ocr_line' id='line_1_38' title="bbox 587 3166 2333 3239; baseline 0.003 -17"><span class='ocrx_word' id='word_1_238' title='bbox 587 3169 648 3222; x_wconf 90' lang='lat' dir='ltr'>in</span> <span class='ocrx_word' id='word_1_239' title='bbox 683 3167 926 3222; x_wconf 89' lang='lat' dir='ltr'>Pontum</span> <span class='ocrx_word' id='word_1_240' title='bbox 977 3166 1218 3237; x_wconf 89' lang='lat' dir='ltr'>profecti</span> <span class='ocrx_word' id='word_1_241' title='bbox 1253 3166 1616 3238; x_wconf 87' lang='lat' dir='ltr'>Argonautae</span> <span class='ocrx_word' id='word_1_242' title='bbox 1662 3169 1957 3239; x_wconf 89' lang='lat' dir='ltr'>appellunt</span> <span class='ocrx_word' id='word_1_243' title='bbox 1992 3170 2064 3225; x_wconf 86' lang='lat' dir='ltr'>ad</span> <span class='ocrx_word' id='word_1_244' title='bbox 2102 3170 2333 3228; x_wconf 88' lang='lat' dir='ltr'>Cherso-</span> 
     </span>
     <span class='ocr_line' id='line_1_39' title="bbox 586 3246 2335 3322; baseline 0.004 -21"><span class='ocrx_word' id='word_1_245' title='bbox 586 3252 792 3303; x_wconf 56' lang='lat' dir='ltr'>nesum*</span> <span class='ocrx_word' id='word_1_246' title='bbox 809 3246 1123 3315; x_wconf 89' lang='lat' dir='ltr'>Tauricam,</span> <span class='ocrx_word' id='word_1_247' title='bbox 1160 3246 1345 3317; x_wconf 89' lang='lat' dir='ltr'>ignari</span> <span class='ocrx_word' id='word_1_248' title='bbox 1379 3247 1475 3303; x_wconf 89' lang='lat' dir='ltr'>hic</span> <span class='ocrx_word' id='word_1_249' title='bbox 1503 3263 1657 3303; x_wconf 93' lang='lat' dir='ltr'>more</span> <span class='ocrx_word' id='word_1_250' title='bbox 1686 3248 2055 3304; x_wconf 87' lang='lat' dir='ltr'>barbarorum</span> <span class='ocrx_word' id='word_1_251' title='bbox 2081 3250 2335 3322; x_wconf 84' lang='lat' dir='ltr'>hospites</span> 
     </span>
    </p>

    <p class='ocr_par' dir='ltr' id='par_1_14' title="bbox 550 3325 885 3383">
     <span class='ocr_line' id='line_1_40' title="bbox 550 3325 885 3383; baseline 0.006 -5"><span class='ocrx_word' id='word_1_252' title='bbox 550 3363 552 3365; x_wconf 75' lang='lat'>.</span> <span class='ocrx_word' id='word_1_253' title='bbox 583 3325 885 3383; x_wconf 89' lang='lat' dir='ltr'>immolari.</span> 
     </span>
    </p>

    <p class='ocr_par' dir='ltr' id='par_1_15' title="bbox 410 3404 2334 3479">
     <span class='ocr_line' id='line_1_41' title="bbox 410 3404 2334 3479; baseline 0.005 -22"><span class='ocrx_word' id='word_1_254' title='bbox 410 3409 498 3459; x_wconf 82' lang='grc'>45.</span> <span class='ocrx_word' id='word_1_255' title='bbox 539 3404 767 3461; x_wconf 86' lang='lat' dir='ltr'>Cruenti</span> <span class='ocrx_word' id='word_1_256' title='bbox 794 3407 852 3462; x_wconf 90' lang='lat' dir='ltr'>in</span> <span class='ocrx_word' id='word_1_257' title='bbox 880 3407 1121 3463; x_wconf 89' lang='lat' dir='ltr'>Taurica</span> <span class='ocrx_word' id='word_1_258' title='bbox 1148 3407 1499 3463; x_wconf 85' lang='lat' dir='ltr'>Chersoneso</span> <span class='ocrx_word' id='word_1_259' title='bbox 1530 3408 1714 3464; x_wconf 88' lang='lat' dir='ltr'>cultus</span> <span class='ocrx_word' id='word_1_260' title='bbox 1743 3408 1902 3479; x_wconf 86' lang='lat' dir='ltr'>origo</span> <span class='ocrx_word' id='word_1_261' title='bbox 1940 3408 2216 3478; x_wconf 87' lang='lat' dir='ltr'>simulque</span> <span class='ocrx_word' id='word_1_262' title='bbox 2245 3427 2334 3467; x_wconf 90' lang='lat' dir='ltr'>res</span> 
     </span>
    </p>

    <p class='ocr_par' dir='ltr' id='par_1_16' title="bbox 591 3483 2334 3558">
     <span class='ocr_line' id='line_1_42' title="bbox 591 3483 2334 3558; baseline 0.006 -22"><span class='ocrx_word' id='word_1_263' title='bbox 591 3483 887 3542; x_wconf 88' lang='lat' dir='ltr'>Colchicae</span> <span class='ocrx_word' id='word_1_264' title='bbox 915 3491 1231 3545; x_wconf 85' lang='lat' dir='ltr'>narrantur.</span> <span class='ocrx_word' id='word_1_265' title='bbox 1268 3488 1476 3545; x_wconf 87' lang='lat' dir='ltr'>Aeetes</span> <span class='ocrx_word' id='word_1_266' title='bbox 1507 3487 1809 3558; x_wconf 78' lang='lat' dir='ltr'>Colchidis,</span> <span class='ocrx_word' id='word_1_267' title='bbox 1849 3487 2042 3545; x_wconf 88' lang='lat' dir='ltr'>Perses</span> <span class='ocrx_word' id='word_1_268' title='bbox 2061 3489 2334 3547; x_wconf 88' lang='lat' dir='ltr'>Tauricae</span> 
     </span>
    </p>
   </div>
  </div>
 </body>
</html>
