2569 4061
1040 281 1119 335 ΙΙΙ
1157 288 1241 336 71.
1273 286 1358 336 72.
1695 348 1710 353 -
2048 286 2179 352 385

242 469 382 511 των
429 446 712 531 πρώτων
748 444 1199 510 ὑποσπόνδων
1239 443 1759 528 ὀνομασθέντων
1794 449 1951 524 τοὺς
1988 471 2179 532 μετα-

245 550 675 636 γενεστέρους
723 548 1307 636 ἀπομιμουμένους
1343 551 1423 614 τὰ
1459 552 1605 615 τότε
1641 553 2026 639 πραχθέντα
2062 555 2180 632 τὰς

250 658 324 723 έν
368 668 508 734 τοῖς
553 657 866 742 πολέμοις
913 658 1253 733 διαλύσεις
1301 657 1597 733 σπονδὰς
1633 661 2176 747 προσαγορεύειν.

436 769 571 830 Τοῦ
636 763 698 829 δ’
754 759 879 830 οὖν
945 764 1295 829 Διονύσου
1368 762 1726 848 μέλλοντος
1797 769 2179 848 στρατεύειν
2201 772 2236 834 7
2245 771 2287 834 2

193 887 220 927 5
249 868 355 936 ἐπὶ
410 872 528 936 τὸν
583 874 855 958 Κρόνον
907 868 1020 937 καὶ
1071 879 1189 953 τῆς
1250 871 1596 954 δυνάμεως
1651 869 1723 935 ἐκ
1776 879 1892 954 τῆς
1945 873 2181 956 Νύσης

249 977 580 1062 ἐξιούσης,
650 982 1156 1062 μυθολογοῦσιν
1209 973 1586 1062 Ἀρισταῖον
1646 978 1765 1041 τὸν
1826 976 2180 1061 ἐπιστάτην

248 1085 457 1151 αὐτοῦ
510 1086 764 1149 θυσίαν
817 1107 887 1148 τε
942 1090 1359 1167 παραστῆσαι
1415 1080 1528 1147 καὶ
1582 1093 1852 1169 πρῶτον
1913 1083 2179 1170 ἀνθρώ-

246 1212 392 1256 πων
457 1190 547 1267 ὡς
609 1197 750 1277 θεῷ
815 1197 1044 1254 θῦσαι.
1152 1199 1634 1271 συστρατεῦσαι
1700 1189 1780 1255 δέ
1838 1208 2005 1275 φασι
2068 1190 2180 1257 καὶ

247 1308 382 1362 τῶν
418 1299 745 1362 Νυσαίων
790 1298 948 1373 τοὺς
992 1296 1526 1380 εὐγενεστάτους,
1576 1296 1693 1374 οὓς
1732 1297 2177 1383 ὀνομάζεσθαι

141 1423 239 1472 241
266 1403 657 1487 Σειληνούς.
747 1414 1014 1485 πρῶτον
1063 1403 1190 1487 γὰρ
1248 1412 1383 1466 τῶν
1429 1402 1744 1469 ἁπάντων
1789 1408 2187 1488 βασιλεῦσαί
2215 1428 2246 1476 2

168 1528 217 1566 11
250 1526 416 1593 φασι
463 1513 605 1591 [τῆς
652 1509 914 1592 Νύσης]
965 1511 1322 1591 Σειληνόν,
1379 1504 1462 1573 οὗ
1508 1511 1582 1575 τὸ
1631 1508 1825 1593 γένος
1871 1512 2037 1577 ὅθεν
2093 1509 2179 1596 ἦν

247 1614 378 1678 ὑπὸ
426 1615 695 1679 πάντων
740 1614 1137 1696 ἀγνοεῖσθαι
1184 1616 1297 1679 διὰ
1341 1615 1467 1697 τὴν
1504 1614 1919 1699 ἀρχαιότητα.
1995 1620 2179 1701 ἔχον-

248 1742 360 1795 τος
421 1717 481 1784 δ’
537 1719 746 1785 αὐτοῦ
804 1721 971 1785 κατὰ
1029 1721 1153 1804 τὴν
1214 1721 1439 1805 ὀσφῦν
1500 1720 1744 1804 οὐράν,
1808 1722 2180 1788 διατελέσαι

246 1824 359 1892 καὶ
413 1829 571 1904 τοὺς
625 1826 944 1911 ἐκγόνους
987 1828 1064 1892 τὸ
1110 1827 1508 1912 παράσημον
1552 1836 1751 1892 τοῦτο
1801 1837 2179 1914 φοροῦντας

167 1951 219 1991 15
248 1934 362 1998 διὰ
416 1935 538 2017 τὴν
594 1943 709 2016 τῆς
764 1934 1031 2018 φύσεως
1084 1935 1467 1998 κοινωνίαν.
1559 1935 1679 1998 τὸν
1727 1931 1788 1998 δ’
1844 1929 1971 1999 οὖν
2018 1938 2179 2000 Διό-

245 2058 458 2107 νυσον
515 2041 960 2121 ἀναζεύξαντα
1014 2042 1176 2126 μετὰ
1229 2050 1347 2124 τῆς
1402 2041 1777 2125 δυνάμεως,
1838 2040 1951 2106 καὶ
2007 2044 2178 2108 διελ-

136 2183 141 2186 ·
246 2151 464 2213 θόντα
518 2149 773 2232 πολλὴν
827 2145 949 2233 μὲν
996 2149 1298 2232 ἄνυδρον
1351 2148 1598 2233 χώραν,
1656 2148 1780 2212 οὐκ
1827 2148 2061 2233 ὀλίγην
2109 2148 2170 2215 δ’

248 2256 498 2339 ἔρημον
525 2253 636 2321 καὶ
661 2255 992 2338 θηριώδη,
1030 2255 1761 2340 καταστρατοπεδεῦσαι
1791 2253 1944 2341 περὶ
1980 2258 2178 2322 πόλιν

249 2363 553 2445 Λιβυκὴν
580 2363 703 2443 τὴν
731 2359 1228 2445 ὀνομαζομένην
1258 2361 1618 2443 Ζάβιρναν.
1674 2362 1841 2445 πρὸς
1870 2359 1944 2425 δὲ
1970 2363 2176 2448 ταύτῃ
2215 2385 2245 2431 3

169 2483 223 2523 20
249 2463 523 2548 γηγενὲς
584 2469 889 2554 ὑπάρχον
951 2469 1203 2553 θηρίον
1266 2465 1378 2532 καὶ
1451 2469 1741 2543 πολλοὺς
1815 2467 2176 2534 ἀναλίσκον

248 2582 384 2636 τῶν
431 2572 786 2659 ἐγχωρίων,
833 2575 957 2657 τὴν
1004 2572 1500 2658 ὀνομαζομένην
1546 2574 1857 2658 Κάμπην,
1916 2573 2176 2641 ἀνελεῖν

246 2677 356 2743 καὶ
414 2680 699 2763 μεγάλης
761 2691 985 2764 τυχεῖν
1047 2679 1243 2761 δόξης
1304 2674 1404 2743 ἐπ’
1466 2679 1742 2767 ἀνδρείᾳ
1801 2683 1979 2767 παρὰ
2037 2694 2176 2759 τοῖς

246 2785 608 2872 ἐγχωρίοις.
691 2795 964 2870 ποιῆσαι
1011 2783 1070 2851 δ’
1117 2784 1326 2850 αὐτὸν
1371 2785 1482 2851 καὶ
1527 2798 1712 2871 χῶμα
1757 2788 2176 2873 παμμέγεθες

246 2891 354 2957 ἐπὶ
417 2900 507 2981 τῷ
571 2891 980 2975 φονευθέντι
1044 2895 1289 2979 θηρίῳ,
1354 2895 1771 2977 βουλόμενον
1832 2894 2176 2959 ἀθάνατον

161 3015 217 3057 25
246 2999 597 3065 ἀπολιπεῖν
642 2999 998 3083 ὑπόμνημα
1043 3006 1159 3082 τῆς
1207 2998 1380 3073 ἰδίας
1435 2997 1698 3083 ἀρετῆς,
1754 3002 1828 3063 τὸ
1875 2996 1986 3063 καὶ
2034 3000 2173 3063 δια-

244 3116 483 3189 μεῖναν
519 3103 710 3190 μέχρι
746 3116 882 3170 τῶν
918 3102 1258 3190 νεωτέρων
1295 3106 1577 3190 χρόνων.
1651 3107 1872 3169 ἔπειτα
1905 3103 2022 3167 τὸν
2050 3100 2173 3187 μὲν
2211 3125 2246 3172 4

426 3321 456 3368 ’1
496 3316 706 3377 θυσίας
742 3333 801 3368 τε
842 3312 1276 3382 παρασκευάσαι
1313 3313 1362 3366 D
1487 3318 1519 3366 8
1557 3312 1707 3383 θεῷ]
1747 3307 2005 3382 Διονύσῳ
2044 3312 2170 3366 add.

242 3385 396 3456 vulg.
490 3391 523 3439 9
561 3384 844 3441 Νυσαέων
886 3384 943 3452 G,
982 3383 1300 3439 Νυσσαέων
1338 3383 1382 3436 F
1494 3390 1561 3437 10
1598 3381 1879 3452 Σιλήνους
1914 3382 1981 3448 D,
2020 3383 2172 3435 Σιλί-

243 3476 381 3518 νους
419 3456 459 3511 C
609 3463 673 3512 11
723 3456 823 3526 τῆς
858 3455 1059 3525 Νύσης
1095 3472 1204 3512 om.
1240 3456 1292 3509 D
1438 3455 1688 3523 Σιλῆνον
1736 3451 1802 3518 D,
1849 3454 2082 3506 Σίλινον
2130 3450 2172 3504 C

244 3518 341 3599 οὗ]
382 3518 546 3590 οὗτος
583 3526 633 3579 D
747 3532 811 3582 17
849 3526 1062 3596 πολλὴν
1109 3525 1242 3598 μὲν]
1279 3523 1384 3594 τὴν
1423 3526 1472 3580 D
1585 3529 1651 3579 19
1689 3523 1967 3594 καβίρναν
2003 3522 2071 3575 D.

350 3642 606 3714 onnpnus
634 3646 672 3685 1.
1780 3635 1848 3683 25
