<?xml version="1.0" encoding="UTF-8"?>
<!DOCTYPE html PUBLIC "-//W3C//DTD XHTML 1.0 Transitional//EN"
    "http://www.w3.org/TR/xhtml1/DTD/xhtml1-transitional.dtd">
<html xmlns="http://www.w3.org/1999/xhtml" xml:lang="en" lang="en">
 <head>
  <title>
</title>
<meta http-equiv="Content-Type" content="text/html;charset=utf-8" />
  <meta name='ocr-system' content='tesseract 3.04.00' />
  <meta name='ocr-capabilities' content='ocr_page ocr_carea ocr_par ocr_line ocrx_word'/>
</head>
<body>
  <div class='ocr_page' id='page_1' title='image "./diodoribiblioth02dindgoog/diodoribiblioth02dindgoog_0175.png"; bbox 0 0 2569 4061; ppageno 0'>
   <div class='ocr_carea' id='block_1_1' title="bbox 0 0 2569 154">
    <p class='ocr_par' dir='ltr' id='par_1_1' title="bbox 0 0 2569 154">
     <span class='ocr_line' id='line_1_1' title="bbox 0 0 2569 154; baseline 0 3907"><span class='ocrx_word' id='word_1_1' title='bbox 0 0 2569 154; x_wconf 95' lang='lat' dir='ltr'><strong><em> </em></strong></span> 
     </span>
    </p>
   </div>
   <div class='ocr_carea' id='block_1_2' title="bbox 253 1077 2090 1166">
    <p class='ocr_par' dir='ltr' id='par_1_2' title="bbox 253 1077 2090 1166">
     <span class='ocr_line' id='line_1_2' title="bbox 253 1077 2090 1166; baseline -0.001 -18"><span class='ocrx_word' id='word_1_2' title='bbox 253 1081 560 1166; x_wconf 86' lang='grc' dir='ltr'><strong>[ΜΕΡΙΣ</strong></span> <span class='ocrx_word' id='word_1_3' title='bbox 607 1079 1019 1148; x_wconf 81' lang='grc' dir='ltr'><strong>ΔΕΤΤΕΡΑ</strong></span> <span class='ocrx_word' id='word_1_4' title='bbox 1067 1077 1248 1146; x_wconf 87' lang='grc' dir='ltr'><strong><em>ΤΗΣ</em></strong></span> <span class='ocrx_word' id='word_1_5' title='bbox 1295 1078 1668 1147; x_wconf 75' lang='grc' dir='ltr'>ΠΡΩΤΗΣ</span> <span class='ocrx_word' id='word_1_6' title='bbox 1715 1079 2090 1163; x_wconf 79' lang='grc' dir='ltr'><strong>ΒΙΒΛΟΤ.]</strong></span> 
     </span>
    </p>
   </div>
   <div class='ocr_carea' id='block_1_3' title="bbox 1068 1244 1281 1252">
    <p class='ocr_par' dir='ltr' id='par_1_3' title="bbox 1068 1244 1281 1252">
     <span class='ocr_line' id='line_1_3' title="bbox 1068 1244 1281 1252; baseline 0 -1"><span class='ocrx_word' id='word_1_7' title='bbox 1068 1244 1281 1252; x_wconf 83' lang='lat'><strong><em>———</em></strong></span> 
     </span>
    </p>
   </div>
   <div class='ocr_carea' id='block_1_4' title="bbox 102 1365 2244 3368">
    <p class='ocr_par' dir='ltr' id='par_1_4' title="bbox 210 1365 2244 1769">
     <span class='ocr_line' id='line_1_4' title="bbox 399 1365 2244 1453; baseline -0.001 -19"><span class='ocrx_word' id='word_1_8' title='bbox 399 1372 530 1452; x_wconf 77' lang='grc' dir='ltr'><strong><em>Τῆς</em></strong></span> <span class='ocrx_word' id='word_1_9' title='bbox 574 1368 838 1453; x_wconf 81' lang='grc' dir='ltr'><strong><em>πρώτης</em></strong></span> <span class='ocrx_word' id='word_1_10' title='bbox 873 1378 1009 1432; x_wconf 79' lang='grc' dir='ltr'><strong><em>τῶν</em></strong></span> <span class='ocrx_word' id='word_1_11' title='bbox 1044 1366 1408 1450; x_wconf 78' lang='grc' dir='ltr'><em>Διοδώρου</em></span> <span class='ocrx_word' id='word_1_12' title='bbox 1451 1368 1703 1450; x_wconf 79' lang='grc' dir='ltr'><strong><em>βίβλων</em></strong></span> <span class='ocrx_word' id='word_1_13' title='bbox 1745 1368 1856 1432; x_wconf 79' lang='grc' dir='ltr'><strong><em>διὰ</em></strong></span> <span class='ocrx_word' id='word_1_14' title='bbox 1902 1369 1978 1433; x_wconf 90' lang='grc' dir='ltr'><strong><em>τὸ</em></strong></span> <span class='ocrx_word' id='word_1_15' title='bbox 2024 1365 2134 1452; x_wconf 88' lang='grc' dir='ltr'><strong><em>μέ-</em></strong></span> <span class='ocrx_word' id='word_1_16' title='bbox 2157 1371 2244 1433; x_wconf 81' lang='grc'><strong><em>42</em></strong></span> 
     </span>
     <span class='ocr_line' id='line_1_5' title="bbox 210 1469 2136 1560; baseline -0.001 -21"><span class='ocrx_word' id='word_1_17' title='bbox 210 1480 418 1557; x_wconf 78' lang='grc' dir='ltr'><strong><em>γεθος</em></strong></span> <span class='ocrx_word' id='word_1_18' title='bbox 445 1476 540 1550; x_wconf 83' lang='grc' dir='ltr'><strong><em>εἰς</em></strong></span> <span class='ocrx_word' id='word_1_19' title='bbox 569 1474 694 1539; x_wconf 88' lang='grc' dir='ltr'><strong><em>δύο</em></strong></span> <span class='ocrx_word' id='word_1_20' title='bbox 724 1475 1001 1556; x_wconf 80' lang='grc' dir='ltr'><em>βίβλους</em></span> <span class='ocrx_word' id='word_1_21' title='bbox 1030 1469 1431 1557; x_wconf 75' lang='grc' dir='ltr'><em>διῃρημένης</em></span> <span class='ocrx_word' id='word_1_22' title='bbox 1462 1472 1507 1555; x_wconf 85' lang='grc' dir='ltr'><strong><em>-ἡ</em></strong></span> <span class='ocrx_word' id='word_1_23' title='bbox 1543 1474 1767 1559; x_wconf 82' lang='grc' dir='ltr'><strong><em>πρώτη</em></strong></span> <span class='ocrx_word' id='word_1_24' title='bbox 1797 1471 1919 1559; x_wconf 73' lang='grc' dir='ltr'><strong><em>μὲν</em></strong></span> <span class='ocrx_word' id='word_1_25' title='bbox 1954 1495 2136 1560; x_wconf 88' lang='grc' dir='ltr'><strong><em>περι-</em></strong></span> 
     </span>
     <span class='ocr_line' id='line_1_6' title="bbox 213 1575 2137 1663; baseline 0.001 -19"><span class='ocrx_word' id='word_1_26' title='bbox 213 1579 347 1663; x_wconf 84' lang='grc' dir='ltr'><strong><em>έχει</em></strong></span> <span class='ocrx_word' id='word_1_27' title='bbox 401 1580 760 1663; x_wconf 84' lang='grc' dir='ltr'><strong><em>προοίμιον</em></strong></span> <span class='ocrx_word' id='word_1_28' title='bbox 813 1575 965 1661; x_wconf 85' lang='grc' dir='ltr'><strong><em>περὶ</em></strong></span> <span class='ocrx_word' id='word_1_29' title='bbox 1021 1577 1178 1660; x_wconf 80' lang='grc' dir='ltr'><strong><em>ὅλης</em></strong></span> <span class='ocrx_word' id='word_1_30' title='bbox 1234 1585 1352 1660; x_wconf 79' lang='grc' dir='ltr'><strong><em>τῆς</em></strong></span> <span class='ocrx_word' id='word_1_31' title='bbox 1404 1581 1849 1662; x_wconf 75' lang='grc' dir='ltr'><strong><em>πραγματείας</em></strong></span> <span class='ocrx_word' id='word_1_32' title='bbox 1900 1579 2011 1646; x_wconf 80' lang='grc' dir='ltr'><strong><em>καὶ</em></strong></span> <span class='ocrx_word' id='word_1_33' title='bbox 2057 1582 2137 1645; x_wconf 82' lang='grc' dir='ltr'><strong><em>τὰ</em></strong></span> 
     </span>
     <span class='ocr_line' id='line_1_7' title="bbox 213 1677 2137 1769; baseline 0.002 -22"><span class='ocrx_word' id='word_1_34' title='bbox 213 1686 538 1765; x_wconf 82' lang='grc' dir='ltr'><strong><em>λεγόμενα</em></strong></span> <span class='ocrx_word' id='word_1_35' title='bbox 583 1677 738 1767; x_wconf 86' lang='grc' dir='ltr'><strong><em>παρ’</em></strong></span> <span class='ocrx_word' id='word_1_36' title='bbox 790 1684 1183 1765; x_wconf 77' lang='grc' dir='ltr'><strong><em>Αἰγυπτίοις</em></strong></span> <span class='ocrx_word' id='word_1_37' title='bbox 1226 1681 1381 1768; x_wconf 77' lang='grc' dir='ltr'><strong><em>περὶ</em></strong></span> <span class='ocrx_word' id='word_1_38' title='bbox 1426 1691 1542 1766; x_wconf 84' lang='grc' dir='ltr'><strong><em>τῆς</em></strong></span> <span class='ocrx_word' id='word_1_39' title='bbox 1575 1691 1698 1748; x_wconf 86' lang='grc' dir='ltr'><strong><em>τοῦ</em></strong></span> <span class='ocrx_word' id='word_1_40' title='bbox 1733 1687 1988 1769; x_wconf 83' lang='grc' dir='ltr'><strong><em>κόσμου</em></strong></span> <span class='ocrx_word' id='word_1_41' title='bbox 2031 1709 2137 1768; x_wconf 88' lang='grc' dir='ltr'><strong><em>γε-</em></strong></span> 
     </span>
    </p>

    <p class='ocr_par' dir='ltr' id='par_1_5' title="bbox 161 1786 2146 2303">
     <span class='ocr_line' id='line_1_8' title="bbox 161 1786 2139 1875; baseline 0.002 -23"><span class='ocrx_word' id='word_1_42' title='bbox 161 1810 189 1851; x_wconf 85' lang='lat'>5</span> <span class='ocrx_word' id='word_1_43' title='bbox 217 1787 463 1865; x_wconf 85' lang='grc' dir='ltr'><strong><em>νέσεως</em></strong></span> <span class='ocrx_word' id='word_1_44' title='bbox 497 1786 608 1854; x_wconf 83' lang='grc' dir='ltr'><strong><em>καὶ</em></strong></span> <span class='ocrx_word' id='word_1_45' title='bbox 642 1797 759 1871; x_wconf 81' lang='grc' dir='ltr'><strong><em>τῆς</em></strong></span> <span class='ocrx_word' id='word_1_46' title='bbox 794 1800 931 1854; x_wconf 76' lang='grc' dir='ltr'><strong><em>τῶν</em></strong></span> <span class='ocrx_word' id='word_1_47' title='bbox 966 1788 1143 1854; x_wconf 80' lang='grc' dir='ltr'><strong><em>ὅλων</em></strong></span> <span class='ocrx_word' id='word_1_48' title='bbox 1178 1788 1246 1870; x_wconf 77' lang='grc' dir='ltr'><strong><em>ἐξ</em></strong></span> <span class='ocrx_word' id='word_1_49' title='bbox 1286 1788 1492 1875; x_wconf 81' lang='grc' dir='ltr'><strong><em>ἀρχῆς</em></strong></span> <span class='ocrx_word' id='word_1_50' title='bbox 1526 1789 1926 1873; x_wconf 78' lang='grc' dir='ltr'><strong><em>συστάσεως,</em></strong></span> <span class='ocrx_word' id='word_1_51' title='bbox 1972 1792 2139 1874; x_wconf 83' lang='grc' dir='ltr'><strong><em>πρὸς</em></strong></span> 
     </span>
     <span class='ocr_line' id='line_1_9' title="bbox 212 1890 2138 1981; baseline 0.001 -21"><span class='ocrx_word' id='word_1_52' title='bbox 212 1890 289 1960; x_wconf 75' lang='grc' dir='ltr'><strong><em>δὲ</em></strong></span> <span class='ocrx_word' id='word_1_53' title='bbox 353 1895 617 1973; x_wconf 86' lang='grc' dir='ltr'><strong><em>τούτοις</em></strong></span> <span class='ocrx_word' id='word_1_54' title='bbox 678 1893 832 1981; x_wconf 81' lang='grc' dir='ltr'><strong><em>περὶ</em></strong></span> <span class='ocrx_word' id='word_1_55' title='bbox 894 1906 1030 1961; x_wconf 79' lang='grc' dir='ltr'><strong><em>τῶν</em></strong></span> <span class='ocrx_word' id='word_1_56' title='bbox 1092 1901 1308 1979; x_wconf 79' lang='grc' dir='ltr'><strong><em>θεῶν,</em></strong></span> <span class='ocrx_word' id='word_1_57' title='bbox 1373 1896 1522 1961; x_wconf 81' lang='grc' dir='ltr'><strong><em>ὅσοι</em></strong></span> <span class='ocrx_word' id='word_1_58' title='bbox 1585 1896 1811 1972; x_wconf 84' lang='grc' dir='ltr'><strong><em>πόλεις</em></strong></span> <span class='ocrx_word' id='word_1_59' title='bbox 1871 1897 2138 1961; x_wconf 82' lang='grc' dir='ltr'><strong><em>ἔκτισαν</em></strong></span> 
     </span>
     <span class='ocr_line' id='line_1_10' title="bbox 209 1999 2146 2089; baseline -0.001 -21"><span class='ocrx_word' id='word_1_60' title='bbox 209 1999 355 2068; x_wconf 83' lang='grc' dir='ltr'><strong><em>κατ’</em></strong></span> <span class='ocrx_word' id='word_1_61' title='bbox 398 2007 747 2087; x_wconf 78' lang='grc' dir='ltr'><strong><em>Αἴγυπτον</em></strong></span> <span class='ocrx_word' id='word_1_62' title='bbox 792 2001 1184 2089; x_wconf 78' lang='grc' dir='ltr'><strong><em>ἐπωνύμους</em></strong></span> <span class='ocrx_word' id='word_1_63' title='bbox 1229 2000 1487 2070; x_wconf 80' lang='grc' dir='ltr'><strong><em>ἑαυτῶν</em></strong></span> <span class='ocrx_word' id='word_1_64' title='bbox 1523 2004 1940 2087; x_wconf 85' lang='grc' dir='ltr'><strong><em>ποιήσαντες,</em></strong></span> <span class='ocrx_word' id='word_1_65' title='bbox 1985 2003 2146 2087; x_wconf 87' lang='grc' dir='ltr'><strong><em>περί</em></strong></span> 
     </span>
     <span class='ocr_line' id='line_1_11' title="bbox 207 2108 2136 2198; baseline -0.001 -22"><span class='ocrx_word' id='word_1_66' title='bbox 207 2133 278 2176; x_wconf 91' lang='grc' dir='ltr'><strong><em>τε</em></strong></span> <span class='ocrx_word' id='word_1_67' title='bbox 325 2121 461 2176; x_wconf 81' lang='grc' dir='ltr'><strong><em>τῶν</em></strong></span> <span class='ocrx_word' id='word_1_68' title='bbox 505 2112 789 2198; x_wconf 79' lang='grc' dir='ltr'><strong><em>πρώτων</em></strong></span> <span class='ocrx_word' id='word_1_69' title='bbox 832 2109 1216 2196; x_wconf 79' lang='grc' dir='ltr'><strong><em>γενομένων</em></strong></span> <span class='ocrx_word' id='word_1_70' title='bbox 1261 2111 1647 2197; x_wconf 78' lang='grc' dir='ltr'><strong><em>ἀνθρώπων</em></strong></span> <span class='ocrx_word' id='word_1_71' title='bbox 1691 2108 1802 2176; x_wconf 84' lang='grc' dir='ltr'><strong><em>καὶ</em></strong></span> <span class='ocrx_word' id='word_1_72' title='bbox 1845 2119 1968 2176; x_wconf 84' lang='grc' dir='ltr'><strong><em>τοῦ</em></strong></span> <span class='ocrx_word' id='word_1_73' title='bbox 2014 2130 2136 2174; x_wconf 83' lang='grc' dir='ltr'><strong><em>πα-</em></strong></span> 
     </span>
     <span class='ocr_line' id='line_1_12' title="bbox 209 2213 2136 2303; baseline -0.001 -21"><span class='ocrx_word' id='word_1_74' title='bbox 209 2218 564 2284; x_wconf 84' lang='grc' dir='ltr'><strong><em>λαιοτάτου</em></strong></span> <span class='ocrx_word' id='word_1_75' title='bbox 616 2221 802 2302; x_wconf 84' lang='grc' dir='ltr'><strong><em>βίου,</em></strong></span> <span class='ocrx_word' id='word_1_76' title='bbox 867 2227 983 2303; x_wconf 79' lang='grc' dir='ltr'><strong><em>τῆς</em></strong></span> <span class='ocrx_word' id='word_1_77' title='bbox 1037 2242 1106 2284; x_wconf 90' lang='grc' dir='ltr'><strong><em>τε</em></strong></span> <span class='ocrx_word' id='word_1_78' title='bbox 1166 2229 1304 2284; x_wconf 82' lang='grc' dir='ltr'><strong><em>τῶν</em></strong></span> <span class='ocrx_word' id='word_1_79' title='bbox 1364 2218 1724 2283; x_wconf 74' lang='grc' dir='ltr'><strong><em>ἀθανάτων</em></strong></span> <span class='ocrx_word' id='word_1_80' title='bbox 1780 2223 1973 2300; x_wconf 83' lang='grc' dir='ltr'><strong><em>τιμῆς</em></strong></span> <span class='ocrx_word' id='word_1_81' title='bbox 2025 2213 2136 2280; x_wconf 82' lang='grc' dir='ltr'><strong><em>καὶ</em></strong></span> 
     </span>
    </p>

    <p class='ocr_par' dir='ltr' id='par_1_6' title="bbox 131 2320 2136 2409">
     <span class='ocr_line' id='line_1_13' title="bbox 131 2320 2136 2409; baseline -0 -21"><span class='ocrx_word' id='word_1_82' title='bbox 131 2343 185 2383; x_wconf 87' lang='lat'><strong><em>10</em></strong></span> <span class='ocrx_word' id='word_1_83' title='bbox 207 2332 324 2407; x_wconf 82' lang='grc' dir='ltr'><strong><em>τῆς</em></strong></span> <span class='ocrx_word' id='word_1_84' title='bbox 366 2335 503 2390; x_wconf 81' lang='grc' dir='ltr'><strong><em>τῶν</em></strong></span> <span class='ocrx_word' id='word_1_85' title='bbox 546 2336 731 2391; x_wconf 83' lang='grc' dir='ltr'><strong><em>ναῶν</em></strong></span> <span class='ocrx_word' id='word_1_86' title='bbox 775 2333 1212 2409; x_wconf 83' lang='grc' dir='ltr'><strong><em>κατασκευῆς,</em></strong></span> <span class='ocrx_word' id='word_1_87' title='bbox 1273 2323 1421 2408; x_wconf 80' lang='grc' dir='ltr'><strong><em>ἑξῆς</em></strong></span> <span class='ocrx_word' id='word_1_88' title='bbox 1467 2320 1541 2389; x_wconf 71' lang='grc' dir='ltr'><strong><em>δὲ</em></strong></span> <span class='ocrx_word' id='word_1_89' title='bbox 1584 2321 1738 2409; x_wconf 85' lang='grc' dir='ltr'><strong><em>περὶ</em></strong></span> <span class='ocrx_word' id='word_1_90' title='bbox 1782 2331 1898 2406; x_wconf 83' lang='grc' dir='ltr'><strong><em>τῆς</em></strong></span> <span class='ocrx_word' id='word_1_91' title='bbox 1943 2342 2136 2387; x_wconf 85' lang='grc' dir='ltr'><strong><em>τοπο-</em></strong></span> 
     </span>
    </p>

    <p class='ocr_par' dir='ltr' id='par_1_7' title="bbox 102 2427 2135 2836">
     <span class='ocr_line' id='line_1_14' title="bbox 102 2427 2135 2516; baseline 0 -21"><span class='ocrx_word' id='word_1_92' title='bbox 102 2453 172 2502; x_wconf 80' lang='lat'><strong><em>52</em></strong></span> <span class='ocrx_word' id='word_1_93' title='bbox 208 2434 442 2509; x_wconf 80' lang='grc' dir='ltr'><strong><em>θεσίας</em></strong></span> <span class='ocrx_word' id='word_1_94' title='bbox 485 2440 603 2516; x_wconf 79' lang='grc' dir='ltr'><strong><em>τῆς</em></strong></span> <span class='ocrx_word' id='word_1_95' title='bbox 645 2428 787 2498; x_wconf 80' lang='grc' dir='ltr'><strong><em>κατ’</em></strong></span> <span class='ocrx_word' id='word_1_96' title='bbox 832 2438 1182 2514; x_wconf 78' lang='grc' dir='ltr'><strong><em>Αἴγυπτον</em></strong></span> <span class='ocrx_word' id='word_1_97' title='bbox 1225 2431 1446 2516; x_wconf 80' lang='grc' dir='ltr'><strong><em>χώρας</em></strong></span> <span class='ocrx_word' id='word_1_98' title='bbox 1489 2428 1601 2496; x_wconf 84' lang='grc' dir='ltr'><strong><em>καὶ</em></strong></span> <span class='ocrx_word' id='word_1_99' title='bbox 1643 2439 1781 2495; x_wconf 77' lang='grc' dir='ltr'><strong><em>τῶν</em></strong></span> <span class='ocrx_word' id='word_1_100' title='bbox 1819 2427 1972 2516; x_wconf 85' lang='grc' dir='ltr'><strong><em>περὶ</em></strong></span> <span class='ocrx_word' id='word_1_101' title='bbox 2016 2430 2135 2495; x_wconf 90' lang='grc' dir='ltr'><strong><em>τὸν</em></strong></span> 
     </span>
     <span class='ocr_line' id='line_1_15' title="bbox 214 2538 2133 2624; baseline 0.001 -25"><span class='ocrx_word' id='word_1_102' title='bbox 214 2538 463 2603; x_wconf 78' lang='grc' dir='ltr'><strong><em>Νεῖλον</em></strong></span> <span class='ocrx_word' id='word_1_103' title='bbox 507 2540 807 2623; x_wconf 87' lang='grc' dir='ltr'><strong><em>ποταμὸν</em></strong></span> <span class='ocrx_word' id='word_1_104' title='bbox 849 2538 1653 2624; x_wconf 79' lang='grc' dir='ltr'><strong><em>παραδοξολογουμένων,</em></strong></span> <span class='ocrx_word' id='word_1_105' title='bbox 1707 2546 1823 2621; x_wconf 83' lang='grc' dir='ltr'><strong><em>τῆς</em></strong></span> <span class='ocrx_word' id='word_1_106' title='bbox 1867 2559 1936 2602; x_wconf 91' lang='grc' dir='ltr'><strong><em>τε</em></strong></span> <span class='ocrx_word' id='word_1_107' title='bbox 1979 2538 2133 2602; x_wconf 86' lang='grc' dir='ltr'><strong><em>τού-</em></strong></span> 
     </span>
     <span class='ocr_line' id='line_1_16' title="bbox 210 2635 2132 2729; baseline 0.002 -23"><span class='ocrx_word' id='word_1_108' title='bbox 210 2663 334 2706; x_wconf 91' lang='grc' dir='ltr'><strong><em>του</em></strong></span> <span class='ocrx_word' id='word_1_109' title='bbox 377 2644 775 2728; x_wconf 81' lang='grc' dir='ltr'><strong><em>πληρώσεως</em></strong></span> <span class='ocrx_word' id='word_1_110' title='bbox 827 2635 944 2721; x_wconf 81' lang='grc' dir='ltr'><strong><em>τὰς</em></strong></span> <span class='ocrx_word' id='word_1_111' title='bbox 998 2645 1211 2721; x_wconf 78' lang='grc' dir='ltr'><strong><em>αἰτίας</em></strong></span> <span class='ocrx_word' id='word_1_112' title='bbox 1262 2641 1375 2708; x_wconf 74' lang='grc' dir='ltr'><strong><em>καὶ</em></strong></span> <span class='ocrx_word' id='word_1_113' title='bbox 1429 2653 1566 2708; x_wconf 76' lang='grc' dir='ltr'><strong><em>τῶν</em></strong></span> <span class='ocrx_word' id='word_1_114' title='bbox 1626 2644 1979 2729; x_wconf 76' lang='grc' dir='ltr'><strong><em>ἱστορικῶν</em></strong></span> <span class='ocrx_word' id='word_1_115' title='bbox 2022 2642 2132 2709; x_wconf 82' lang='grc' dir='ltr'><strong><em>καὶ</em></strong></span> 
     </span>
     <span class='ocr_line' id='line_1_17' title="bbox 207 2747 2132 2836; baseline 0.002 -23"><span class='ocrx_word' id='word_1_116' title='bbox 207 2751 607 2834; x_wconf 84' lang='grc' dir='ltr'><strong><em>φιλοσόφων</em></strong></span> <span class='ocrx_word' id='word_1_117' title='bbox 672 2748 1070 2835; x_wconf 72' lang='grc' dir='ltr'><strong><em>ἀποφάσεις,</em></strong></span> <span class='ocrx_word' id='word_1_118' title='bbox 1145 2753 1242 2816; x_wconf 81' lang='grc' dir='ltr'><strong><em>ἔτι</em></strong></span> <span class='ocrx_word' id='word_1_119' title='bbox 1309 2747 1382 2816; x_wconf 70' lang='grc' dir='ltr'><strong><em>δὲ</em></strong></span> <span class='ocrx_word' id='word_1_120' title='bbox 1446 2752 1563 2828; x_wconf 81' lang='grc' dir='ltr'><strong><em>τὰς</em></strong></span> <span class='ocrx_word' id='word_1_121' title='bbox 1625 2752 1791 2836; x_wconf 87' lang='grc' dir='ltr'><strong><em>πρὸς</em></strong></span> <span class='ocrx_word' id='word_1_122' title='bbox 1854 2749 2132 2817; x_wconf 79' lang='grc' dir='ltr'><strong><em>ἕκαστον</em></strong></span> 
     </span>
    </p>

    <p class='ocr_par' dir='ltr' id='par_1_8' title="bbox 130 2854 2201 3368">
     <span class='ocr_line' id='line_1_18' title="bbox 130 2854 2201 2943; baseline 0.004 -27"><span class='ocrx_word' id='word_1_123' title='bbox 130 2874 181 2915; x_wconf 88' lang='lat'><strong><em>15</em></strong></span> <span class='ocrx_word' id='word_1_124' title='bbox 209 2865 345 2919; x_wconf 81' lang='grc' dir='ltr'><strong><em>τῶν</em></strong></span> <span class='ocrx_word' id='word_1_125' title='bbox 399 2855 843 2941; x_wconf 81' lang='grc' dir='ltr'><strong><em>συγγραφέων</em></strong></span> <span class='ocrx_word' id='word_1_126' title='bbox 890 2855 1332 2942; x_wconf 83' lang='grc' dir='ltr'><strong><em>ἀντιρρήσεις·</em></strong></span> <span class='ocrx_word' id='word_1_127' title='bbox 1388 2855 1463 2922; x_wconf 86' lang='grc' dir='ltr'><strong><em>έν</em></strong></span> <span class='ocrx_word' id='word_1_128' title='bbox 1515 2858 1721 2943; x_wconf 80' lang='grc' dir='ltr'><strong><em>ταύτῃ</em></strong></span> <span class='ocrx_word' id='word_1_129' title='bbox 1778 2854 1853 2922; x_wconf 73' lang='grc' dir='ltr'><strong><em>δὲ</em></strong></span> <span class='ocrx_word' id='word_1_130' title='bbox 1906 2866 1985 2942; x_wconf 79' lang='grc' dir='ltr'><strong><em>τῇ</em></strong></span> <span class='ocrx_word' id='word_1_131' title='bbox 2032 2859 2132 2940; x_wconf 83' lang='grc' dir='ltr'><strong><em>βί-</em></strong></span> <span class='ocrx_word' id='word_1_132' title='bbox 2170 2878 2201 2924; x_wconf 84' lang='lat'>2</span> 
     </span>
     <span class='ocr_line' id='line_1_19' title="bbox 203 2962 2133 3049; baseline 0.002 -24"><span class='ocrx_word' id='word_1_133' title='bbox 203 2963 348 3049; x_wconf 76' lang='grc' dir='ltr'><strong><em>βλςο</em></strong></span> <span class='ocrx_word' id='word_1_134' title='bbox 394 2962 476 3027; x_wconf 75' lang='grc' dir='ltr'><strong><em>τὰ</em></strong></span> <span class='ocrx_word' id='word_1_135' title='bbox 521 2969 766 3048; x_wconf 81' lang='grc' dir='ltr'><strong><em>συνεχῆ</em></strong></span> <span class='ocrx_word' id='word_1_136' title='bbox 813 2973 953 3040; x_wconf 79' lang='grc' dir='ltr'><strong><em>τοῖς</em></strong></span> <span class='ocrx_word' id='word_1_137' title='bbox 997 2963 1503 3049; x_wconf 83' lang='grc' dir='ltr'><strong><em>προειρημένοις</em></strong></span> <span class='ocrx_word' id='word_1_138' title='bbox 1549 2962 1855 3049; x_wconf 77' lang='grc' dir='ltr'><strong><em>διέξιμεν.</em></strong></span> <span class='ocrx_word' id='word_1_139' title='bbox 1937 2964 2133 3048; x_wconf 76' lang='grc' dir='ltr'><strong><em>ἀρχό-</em></strong></span> 
     </span>
     <span class='ocr_line' id='line_1_20' title="bbox 207 3064 2132 3153; baseline 0.001 -21"><span class='ocrx_word' id='word_1_140' title='bbox 207 3074 387 3152; x_wconf 78' lang='grc' dir='ltr'><strong><em>μεθα</em></strong></span> <span class='ocrx_word' id='word_1_141' title='bbox 442 3064 518 3133; x_wconf 76' lang='grc' dir='ltr'><strong><em>δὲ</em></strong></span> <span class='ocrx_word' id='word_1_142' title='bbox 576 3069 705 3133; x_wconf 83' lang='grc' dir='ltr'><strong><em>ἀπὸ</em></strong></span> <span class='ocrx_word' id='word_1_143' title='bbox 758 3079 894 3134; x_wconf 77' lang='grc' dir='ltr'><strong><em>τῶν</em></strong></span> <span class='ocrx_word' id='word_1_144' title='bbox 947 3067 1330 3153; x_wconf 87' lang='grc' dir='ltr'><strong><em>γενομένων</em></strong></span> <span class='ocrx_word' id='word_1_145' title='bbox 1387 3071 1668 3151; x_wconf 83' lang='grc' dir='ltr'><strong><em>πρώτων</em></strong></span> <span class='ocrx_word' id='word_1_146' title='bbox 1720 3064 1862 3135; x_wconf 82' lang='grc' dir='ltr'><strong><em>κατ’</em></strong></span> <span class='ocrx_word' id='word_1_147' title='bbox 1922 3073 2132 3150; x_wconf 75' lang='grc' dir='ltr'><strong><em>Αἴγυ-</em></strong></span> 
     </span>
     <span class='ocr_line' id='line_1_21' title="bbox 205 3172 2132 3263; baseline 0.004 -25"><span class='ocrx_word' id='word_1_148' title='bbox 205 3194 378 3239; x_wconf 90' lang='grc' dir='ltr'><strong><em>πτον</em></strong></span> <span class='ocrx_word' id='word_1_149' title='bbox 422 3172 782 3260; x_wconf 84' lang='grc' dir='ltr'><strong><em>βασιλέων,</em></strong></span> <span class='ocrx_word' id='word_1_150' title='bbox 826 3174 939 3241; x_wconf 77' lang='grc' dir='ltr'><strong><em>καὶ</em></strong></span> <span class='ocrx_word' id='word_1_151' title='bbox 983 3177 1099 3253; x_wconf 78' lang='grc' dir='ltr'><strong><em>τὰς</em></strong></span> <span class='ocrx_word' id='word_1_152' title='bbox 1142 3177 1308 3241; x_wconf 79' lang='grc' dir='ltr'><strong><em>κατὰ</em></strong></span> <span class='ocrx_word' id='word_1_153' title='bbox 1353 3174 1552 3263; x_wconf 87' lang='grc' dir='ltr'><strong><em>μέρος</em></strong></span> <span class='ocrx_word' id='word_1_154' title='bbox 1597 3177 1819 3242; x_wconf 81' lang='grc' dir='ltr'><strong><em>αὐτῶν</em></strong></span> <span class='ocrx_word' id='word_1_155' title='bbox 1865 3172 2132 3258; x_wconf 71' lang='grc' dir='ltr'><strong><em>πράξεις</em></strong></span> 
     </span>
     <span class='ocr_line' id='line_1_22' title="bbox 206 3279 2132 3368; baseline -0.003 -22"><span class='ocrx_word' id='word_1_156' title='bbox 206 3279 640 3365; x_wconf 78' lang='grc' dir='ltr'><strong><em>ἐκθησόμεθα</em></strong></span> <span class='ocrx_word' id='word_1_157' title='bbox 684 3279 874 3368; x_wconf 86' lang='grc' dir='ltr'><strong><em>μέχρι</em></strong></span> <span class='ocrx_word' id='word_1_158' title='bbox 921 3280 1275 3368; x_wconf 80' lang='grc' dir='ltr'><strong><em>Ἀμάσιδος</em></strong></span> <span class='ocrx_word' id='word_1_159' title='bbox 1319 3290 1442 3347; x_wconf 87' lang='grc' dir='ltr'><strong><em>τοῦ</em></strong></span> <span class='ocrx_word' id='word_1_160' title='bbox 1486 3279 1838 3366; x_wconf 82' lang='grc' dir='ltr'><strong><em>βασιλέως,</em></strong></span> <span class='ocrx_word' id='word_1_161' title='bbox 1897 3297 2132 3364; x_wconf 82' lang='grc' dir='ltr'><strong><em>προεκ-</em></strong></span> 
     </span>
    </p>
   </div>
   <div class='ocr_carea' id='block_1_5' title="bbox 205 3484 2133 3703">
    <p class='ocr_par' dir='ltr' id='par_1_9' title="bbox 205 3484 2133 3703">
     <span class='ocr_line' id='line_1_23' title="bbox 352 3484 2080 3563; baseline -0.003 -18"><span class='ocrx_word' id='word_1_162' title='bbox 352 3491 760 3563; x_wconf 76' lang='lat' dir='ltr'><strong>Argumentum</strong></span> <span class='ocrx_word' id='word_1_163' title='bbox 795 3491 961 3547; x_wconf 75' lang='lat' dir='ltr'><strong>huius</strong></span> <span class='ocrx_word' id='word_1_164' title='bbox 998 3490 1179 3562; x_wconf 78' lang='lat' dir='ltr'><strong>partis</strong></span> <span class='ocrx_word' id='word_1_165' title='bbox 1224 3491 1523 3547; x_wconf 81' lang='lat' dir='ltr'>verbosum</span> <span class='ocrx_word' id='word_1_166' title='bbox 1568 3484 1869 3560; x_wconf 75' lang='lat' dir='ltr'>praeponit</span> <span class='ocrx_word' id='word_1_167' title='bbox 1905 3488 1969 3540; x_wconf 89' lang='lat' dir='ltr'><strong><em>A.</em></strong></span> <span class='ocrx_word' id='word_1_168' title='bbox 2011 3516 2080 3527; x_wconf 87' lang='lat'><strong><em>—-</em></strong></span> 
     </span>
     <span class='ocr_line' id='line_1_24' title="bbox 210 3551 2133 3633; baseline -0.003 -17"><span class='ocrx_word' id='word_1_169' title='bbox 210 3569 239 3616; x_wconf 93' lang='lat'><strong>1</strong></span> <span class='ocrx_word' id='word_1_170' title='bbox 297 3563 396 3631; x_wconf 80' lang='grc' dir='ltr'><strong><em>τῆς</em></strong></span> <span class='ocrx_word' id='word_1_171' title='bbox 448 3563 672 3632; x_wconf 80' lang='grc' dir='ltr'><strong><em>πρῶτης</em></strong></span> <span class='ocrx_word' id='word_1_172' title='bbox 712 3594 774 3603; x_wconf 90' lang='lat'><strong><em>-—</em></strong></span> <span class='ocrx_word' id='word_1_173' title='bbox 816 3562 1156 3633; x_wconf 79' lang='grc' dir='ltr'><strong><em>διῃρημένης</em></strong></span> <span class='ocrx_word' id='word_1_174' title='bbox 1205 3578 1314 3616; x_wconf 89' lang='lat' dir='ltr'><strong><em>om.</em></strong></span> <span class='ocrx_word' id='word_1_175' title='bbox 1356 3559 1396 3614; x_wconf 88' lang='lat' dir='ltr'>C</span> <span class='ocrx_word' id='word_1_176' title='bbox 1545 3567 1608 3614; x_wconf 80' lang='lat'><strong><em>17</em></strong></span> <span class='ocrx_word' id='word_1_177' title='bbox 1655 3554 1772 3612; x_wconf 83' lang='grc' dir='ltr'><strong><em>άπὸ</em></strong></span> <span class='ocrx_word' id='word_1_178' title='bbox 1823 3556 1935 3609; x_wconf 78' lang='grc' dir='ltr'><strong><em>τῶν</em></strong></span> <span class='ocrx_word' id='word_1_179' title='bbox 1982 3551 2133 3623; x_wconf 73' lang='grc' dir='ltr'><strong><em>πρῶ-</em></strong></span> 
     </span>
     <span class='ocr_line' id='line_1_25' title="bbox 205 3622 2132 3703; baseline -0.006 -16"><span class='ocrx_word' id='word_1_180' title='bbox 205 3652 320 3687; x_wconf 83' lang='grc' dir='ltr'><strong><em>των</em></strong></span> <span class='ocrx_word' id='word_1_181' title='bbox 348 3627 477 3688; x_wconf 75' lang='grc' dir='ltr'><strong><em>κατ’</em></strong></span> <span class='ocrx_word' id='word_1_182' title='bbox 509 3634 795 3702; x_wconf 81' lang='grc' dir='ltr'><strong><em>Αἴγυπτον</em></strong></span> <span class='ocrx_word' id='word_1_183' title='bbox 812 3633 1137 3703; x_wconf 78' lang='grc' dir='ltr'><strong><em>γενομένων</em></strong></span> <span class='ocrx_word' id='word_1_184' title='bbox 1158 3628 1435 3703; x_wconf 80' lang='grc' dir='ltr'><strong><em>βασιλέων</em></strong></span> <span class='ocrx_word' id='word_1_185' title='bbox 1456 3629 1563 3684; x_wconf 80' lang='lat' dir='ltr'><strong><em>oF</em></strong></span> <span class='ocrx_word' id='word_1_186' title='bbox 1668 3633 1734 3679; x_wconf 83' lang='lat'><strong><em>19</em></strong></span> <span class='ocrx_word' id='word_1_187' title='bbox 1749 3622 2001 3692; x_wconf 84' lang='grc' dir='ltr'><strong><em>Ἀμάσιος</em></strong></span> <span class='ocrx_word' id='word_1_188' title='bbox 2020 3624 2132 3678; x_wconf 82' lang='lat' dir='ltr'><strong><em>DF.</em></strong></span> 
     </span>
    </p>
   </div>
   <div class='ocr_carea' id='block_1_6' title="bbox 2508 383 2569 2277">
    <p class='ocr_par' dir='ltr' id='par_1_10' title="bbox 2508 383 2569 2277">
     <span class='ocr_line' id='line_1_26' title="bbox 2508 383 2569 2277; baseline 0 0"><span class='ocrx_word' id='word_1_189' title='bbox 2508 383 2569 2277; x_wconf 95' lang='lat' dir='ltr'><strong><em> </em></strong></span> 
     </span>
    </p>
   </div>
  </div>
 </body>
</html>
