2569 4061
1027 413 1055 467 Ι
1094 418 1180 470 11.
1210 421 1296 470 ιε.
1346 486 1356 496 ·
2046 415 2129 482 21

207 573 360 661 παρ’
432 575 636 668 ένιζοις
701 571 776 641 δὲ
838 585 975 641 τῶν
1029 572 1366 661 Ἑλλήνων
1423 575 1740 646 Ὠκεανὸν
1814 579 2137 663 ὑπάρχειν

209 682 644 767 ὑπειλῆφθαι,
689 679 843 767 περὶ
889 676 973 748 οὗ
1018 680 1127 747 καὶ
1174 684 1294 750 τὸν
1337 685 1619 768 ποιητὴν
1663 684 1884 770 λέγειν

289 788 725 860 Ὠκεανόν,τε
769 793 954 855 θεῶν
998 787 1262 871 γένεσιν
1309 787 1423 854 καὶ
1467 789 1714 876 μητέρα
1769 794 2020 875 Τηθύν.

208 897 281 962 οἰ
338 898 464 982 γὰρ
525 896 887 979 Αἰγύπτιοι
948 898 1340 979 νομίζουσιν
1397 892 1715 962 Ὠκεανὸν
1778 893 1953 964 εἶναι
2016 901 2135 966 τὸν
2171 920 2204 970 6

154 1020 180 1059 5
208 1000 362 1088 παρ’
416 1002 644 1080 αὐτοῖς
686 1003 986 1085 ποταμὸν
1031 1003 1317 1085 Νεῖλον,
1363 1003 1532 1088 πρὸς
1577 993 1631 1091 ᾧ
1685 1001 1796 1070 καὶ
1842 1005 1959 1081 τὰς
2002 1015 2135 1074 τῶν

208 1114 391 1175 θεῶν
433 1108 728 1192 γενέσεις
772 1108 1086 1193 ὑπάρξαι·
1142 1118 1258 1193 τῆς
1304 1110 1431 1194 γὰρ
1476 1111 1694 1194 πάσης
1742 1108 2136 1195 οἰκουμένης

206 1215 371 1281 κατὰ
416 1218 634 1300 μόνην
677 1214 801 1296 τὴν
845 1218 1195 1297 Αἴγυπτον
1240 1209 1413 1279 εἶναι
1449 1218 1676 1292 πόλεις
1718 1216 1971 1293 πολλὰς
2005 1215 2136 1282 ὑπὸ

204 1331 338 1387 τῶν
395 1319 691 1406 ἀρχαίων
743 1324 929 1386 θεῶν
985 1317 1396 1404 ἐκτισμένας,
1443 1313 1592 1387 οἷον
1636 1324 1839 1406 Διός,
1876 1318 2137 1405 εΗλίου,

200 1424 480 1513 Ἑρμοῦ,
548 1422 992 1509 Ἀπόλλωνος,
1068 1428 1333 1510 Πανός,
1403 1429 1830 1512 Εἰλειθυίας,
1912 1430 2138 1496 ἄλλων

126 1551 181 1592 10
206 1537 557 1600 πλειόνων.
628 1534 748 1599 τὸν
795 1529 856 1596 δ’
911 1531 1073 1618 ἀέρα
1116 1537 1661 1620 προσαγορεῦσαί
1698 1553 1911 1620 φασιν
1939 1530 2135 1621 Ἀθη-
2174 1556 2206 1607 ’1

208 1650 338 1706 νᾶν
386 1636 1057 1725 μεθερμηνευομένης
1100 1646 1217 1721 τῆς
1261 1636 1518 1723 λέξεως,
1562 1638 1674 1706 καὶ
1709 1643 1878 1719 Διὸς
1922 1648 2137 1727 θυγα-

209 1745 367 1832 τέρα
421 1747 697 1829 νομίσαι
740 1744 1019 1826 ταύτην,
1064 1742 1177 1809 καὶ
1228 1742 1575 1828 παρθένον
1627 1745 2139 1831 ὑποστήσασθαι

214 1852 328 1916 διά
383 1873 455 1916 τε
500 1850 575 1915 τὸ
631 1850 950 1933 ἄφθορον
1007 1844 1182 1918 εἶναι
1227 1849 1431 1935 φύσει
1484 1851 1602 1916 τὸν
1650 1849 1812 1938 ἀέρα
1865 1852 1977 1920 καὶ
2020 1857 2140 1921 τὸν

209 1956 579 2045 ἀκρότατον
640 1954 899 2042 ἐπέχειν
956 1958 1164 2022 τόπον
1226 1965 1349 2022 τοῦ
1409 1957 1794 2044 σύμπαντος
1854 1962 2139 2045 κόσμου·

127 2081 179 2122 15
209 2067 441 2151 διόπερ
509 2063 581 2130 έκ
634 2071 751 2147 τῆς
811 2071 1113 2150 κορυφῆς
1174 2073 1297 2130 τοῦ
1353 2066 1522 2144 Διὸς
1573 2070 2140 2152 μυθολογηθῆναι

208 2174 458 2257 ταύτην
483 2169 817 2256 γενέσθαι.
879 2171 1273 2255 ὠνομάσθαι
1312 2167 1387 2237 δὲ
1423 2171 1636 2256 αὐτὴν
1671 2172 2137 2259 Τριτογένειαν
2174 2195 2208 2244 8

187 2279 335 2346 ’ἀπὸ
402 2287 528 2345 τοῦ
587 2274 732 2364 τρὶς
784 2276 1219 2362 μεταβάλλειν
1281 2276 1487 2359 αὐτῆς
1543 2278 1667 2360 τὴν
1721 2280 1933 2362 φύσιν
1987 2277 2132 2347 κατ’

211 2385 544 2468 ἐνιαυτόν,
588 2386 783 2470 ἔαρος
818 2382 930 2451 καὶ
963 2381 1217 2467 θέρους
1262 2381 1376 2451 καὶ
1409 2391 1748 2467 χειμῶνος.
1823 2382 2139 2466 λέγεσθαι

211 2487 273 2575 df
336 2491 546 2576 αὐτὴν
618 2489 732 2557 καὶ
796 2492 1229 2571 Γλαυκῶπιν,
1288 2488 1411 2573 οὐχ
1485 2489 1705 2575 ὥσπερ
1772 2491 1940 2559 ἔνιοι
2002 2503 2138 2561 τῶν

132 2614 184 2654 20
203 2597 542 2684 Ἑλλήνων
586 2597 947 2681 ὑπέλαβον,
997 2595 1126 2661 ἀπὸ
1162 2604 1286 2665 τοῦ
1332 2598 1489 2673 τοὺς
1526 2595 1926 2681 ὀφθαλμοὺς
1961 2601 2137 2685 ἔχειν

209 2707 565 2788 γλαυκούς·
602 2713 802 2771 τοῦτο
831 2701 955 2788 μὲν
991 2705 1119 2788 γὰρ
1157 2703 1402 2787 εὔηθες
1436 2702 1786 2789 ὑπάρχειν·
1826 2702 1971 2773 ἀλλ’
2005 2705 2135 2775 ἀπὸ

208 2820 331 2878 τοῦ
367 2813 487 2877 τὸν
534 2809 695 2896 ἀέρα
730 2809 855 2893 τὴν
899 2810 1237 2894 πρόσοψιν
1283 2810 1459 2898 ἔχειν
1505 2810 1890 2892 ἔγγλαυκον.
1965 2810 2135 2895 φασὶ
2171 2833 2204 2881 9

209 2914 285 2984 δὲ
329 2920 488 2994 τοὺς
521 2915 716 2982 πέντε
753 2917 961 2991 θεοὺς
995 2917 1154 2991 τοὺς
1189 2913 1714 2999 προειρημένους
1751 2926 1971 2982 πᾶσαν
2011 2918 2136 3000 τὴν

209 3021 612 3108 οἰκουμένην
657 3021 1205 3108 ἐπιπορεύεσθαι,
1253 3019 1791 3105 φανταζομένους
1834 3033 1976 3101 τοῖς
2021 3023 2137 3091 ἀν-

132 3145 183 3185 25
211 3133 519 3216 θρώποις
575 3129 648 3195 έν
705 3129 905 3215 ἱερῶν
953 3123 1138 3216 ζῴων
1193 3137 1517 3212 μορφαῖς,
1572 3129 1712 3196 ἔστι
1759 3127 1819 3193 ‹5’
1874 3130 1983 3196 ὅτε
2041 3132 2138 3206 εἰς

210 3235 594 3322 ἀνθρώπων
634 3233 816 3313 ἰδέας
850 3236 894 3318 ’ἥ
929 3257 1135 3300 τινων
1172 3235 1397 3299 ἄλλων
1432 3236 1987 3318 μεταβάλλοντας·
2023 3231 2138 3298 καὶ

210 3352 408 3409 τοῦτο
465 3343 554 3428 μκὴ
602 3343 913 3427 μυθῶδες
964 3341 1321 3426 ὑπάρχειν,
1368 3339 1535 3406 ἀλλὰ
1580 3341 1903 3420 δυνατόν,
1951 3343 2135 3421 εἴπερ

357 3540 424 3589 16
461 3531 672 3604 ταύτην
701 3532 974 3604 γενέσθαι
1012 3532 1072 3603 C,
1110 3529 1322 3617 συνέβη
1362 3528 1573 3600 ταύτην
1602 3525 1875 3599 γενέσθαι
1905 3525 1967 3614 ξ,
2006 3544 2138 3580 συν-

212 3603 316 3678 έβη
353 3601 568 3674 ταύτην
603 3604 653 3658 D
754 3613 821 3661 21
861 3607 1028 3661 τοῦτο
1061 3646 1073 3658 .
1106 3648 1117 3658 .
1151 3646 1163 3658 .
1193 3599 1472 3671 ὑπαρχειν
1510 3618 1617 3655 om.
1655 3599 1700 3651 F
1811 3600 1877 3647 22
1918 3608 2056 3663 οψιν
2085 3594 2136 3647 D

209 3681 280 3731 23
325 3675 430 3744 τὴν
466 3675 657 3732 πᾶσαν
693 3675 743 3730 D
1676 3697 1680 3701 ·
