2569 4061
720 392 816 446 DE
857 391 1207 448 SERMONE
1243 390 1636 449 DIODOREO.
1995 394 2148 450 LXV

215 559 512 638 δύναμιν,
561 565 622 621 et
674 562 771 634 11,
805 562 906 635 61,
937 563 978 620 4
1025 555 1210 636 πεζὴν
1257 560 1564 638 στρατιάν,
1615 564 1717 640 11,
1748 562 1849 635 68,
1882 564 1919 620 2
1968 565 2032 622 et
2077 566 2145 637 43

222 660 326 731 11,
360 661 460 735 77,
494 660 527 716 1
577 658 698 736 bis;
760 660 859 736 11,
890 660 1000 734 81,
1033 660 1100 734 23
1167 658 1277 736 13,
1321 659 1505 735 13,1
1557 661 1621 718 et
1669 663 1734 735 7,
1795 661 1904 737 13,
1939 660 2046 737 14,
2078 661 2144 737 4,

223 757 326 832 13,
360 758 460 832 17,
489 757 559 831 4,
613 757 712 833 13,
741 758 845 830 45,
877 758 944 831 6,
988 757 1085 833 13,
1116 757 1221 833 46,
1251 756 1319 832 5,
1364 756 1463 831 13,
1493 757 1595 832 67,
1629 758 1661 814 1
1701 755 1820 833 bis3
1863 757 2145 835 13,100,

217 855 287 929 5,
342 855 442 931 14,
473 854 579 929 48,
607 854 668 927 4,
715 855 778 912 et
824 854 1015 913 altero
1060 870 1218 913 unus
1254 852 1497 929 πεζικῆς
1542 871 1651 927 pro
1687 852 1887 930 πεζῆς,
1932 856 2001 914 ut
2043 853 2143 932 15,

216 952 281 1024 4,
312 953 350 1009 2
390 969 612 1029 omnes,
661 953 723 1011 et
764 951 1030 1011 vicissim
1070 952 1171 1028 20,
1202 952 1306 1028 45,
1340 954 1373 1010 1
1417 969 1623 1010 omnes
1668 953 1912 1028 praeter
1957 969 2145 1011 unum

215 1045 464 1125 πεζικήν
517 1067 577 1108 τε
632 1044 732 1107 καὶ
789 1045 1108 1125 ναυτικήν,
1171 1048 1330 1125 quod
1383 1048 1572 1108 etiam
1637 1047 1774 1108 aliis
1841 1050 1933 1108 est
1995 1048 2144 1109 locis

216 1145 428 1206 multis
450 1191 465 1220 ,
512 1164 696 1223 quum
739 1143 976 1206 librarii
1023 1145 1120 1205 vel
1163 1165 1271 1221 pro
1321 1145 1606 1208 adverbio
1651 1146 1795 1229 πεζῇ
1840 1146 2145 1206 interdum

216 1243 538 1303 intulerint
581 1241 809 1325 πεζικῇ,
854 1245 925 1303 ut
970 1242 1134 1318 apud
1177 1242 1541 1304 Pausaniam
1594 1247 1649 1322 1,
1683 1246 1785 1321 29,
1821 1244 1921 1304 14.

400 1342 655 1419 Πειραιᾶ
712 1359 898 1417 quum
957 1340 1038 1399 sit
1090 1342 1188 1418 11,
1217 1342 1323 1414 41,
1354 1344 1422 1419 23
1473 1343 1571 1416 12,
1602 1344 1705 1417 49,
1737 1344 1773 1400 2
1826 1360 1976 1419 seq.;
2042 1343 2143 1415 13,

220 1439 327 1514 68,
359 1439 426 1516 2,
479 1440 579 1514 13,
613 1439 757 1514 107,
789 1439 857 1514 2,
910 1439 1009 1513 14,
1040 1438 1098 1514 3,
1128 1437 1195 1513 5,
1247 1439 1347 1514 18,
1379 1439 1481 1515 65,
1516 1440 1546 1497 1
1591 1442 1653 1498 et
1691 1441 1758 1517 3,
1809 1439 1910 1516 18,
1942 1440 2043 1518 66,
2074 1441 2142 1514 2,

225 1536 328 1611 18,
361 1537 461 1613 68,
504 1537 535 1594 1
590 1538 651 1595 et
699 1537 764 1610 2,
819 1536 919 1610 18,
950 1535 1052 1609 69,
1085 1535 1151 1610 2,
1203 1535 1302 1608 18,
1350 1536 1452 1611 75,
1493 1536 1556 1612 1,
1606 1537 1707 1609 20,
1742 1537 1847 1612 45,
1886 1538 1922 1594 2
1973 1538 2036 1596 et
2086 1537 2142 1610 3,

215 1651 414 1708 neque
468 1626 756 1711 Πειραιέα
806 1633 906 1709 11,
947 1633 1050 1708 60,
1093 1633 1159 1709 3,
1212 1634 1312 1709 14,
1344 1633 1449 1707 32,
1478 1635 1547 1709 4,
1602 1633 1700 1709 14,
1732 1634 1835 1710 33,
1876 1634 1913 1692 2
1964 1635 2026 1693 et
2074 1635 2141 1709 4,

223 1730 327 1806 14,
366 1730 468 1804 85,
508 1731 574 1807 2,
635 1730 737 1803 15,
768 1730 869 1803 29,
900 1730 967 1807 5,
1026 1730 1127 1807 15,
1159 1731 1262 1809 34,
1294 1730 1361 1805 3,
1421 1730 1519 1803 15,
1552 1731 1654 1806 35,
1686 1731 1752 1805 2,
1818 1729 1918 1806 18,
1949 1732 2051 1807 64,
2081 1732 2140 1806 4,

213 1845 413 1901 neque
464 1821 791 1907 Πειραιέως
842 1827 942 1905 11,
970 1828 1076 1901 41,
1114 1828 1183 1904 2,
1244 1828 1345 1903 14,
1384 1827 1486 1900 33,
1527 1828 1594 1903 4,
1646 1828 1750 1902 14,
1780 1827 1883 1902 85,
1915 1828 1979 1903 2,
2041 1829 2140 1901 18,

221 1924 326 2000 64,
357 1924 423 1999 4,
474 1926 574 2002 18,
606 1925 709 1999 65,
740 1924 809 2000 5,
859 1924 959 1999 18,
992 1924 1093 1999 68,
1125 1926 1184 1999 2,
1239 1923 1583 1999 ferendum,
1648 1923 1753 1983 sed
1816 1924 2142 1999 utrumque

217 2019 720 2095 contrahendum,
769 2023 838 2082 ut
881 2022 1136 2102 Πειραιᾶ
1180 2023 1244 2083 et
1289 2023 1586 2102 Πειραιῶς
1630 2023 1724 2082 est
1772 2022 1873 2101 13,
1905 2023 1962 2101 3,
1995 2024 2026 2082 1
2080 2025 2142 2082 et

217 2121 287 2195 33
339 2122 437 2194 13,
472 2122 617 2197 107,
649 2121 707 2193 4,
756 2120 819 2179 et
863 2119 1006 2178 libri
1041 2119 1202 2180 inter
1237 2122 1556 2197 utramque
1593 2120 1850 2180 formam
1884 2120 2141 2200 variant,

215 2219 289 2276 ut
342 2216 503 2277 inter
548 2218 803 2294 Πειραιᾶ
849 2220 911 2277 et
955 2213 1242 2297 Πειραιέα
1292 2218 1391 2295 14,
1422 2220 1480 2294 3,
1512 2219 1578 2294 5,
1629 2219 1730 2294 18,
1762 2219 1865 2294 65,
1895 2219 1998 2295 68,
2028 2220 2138 2296 69,

217 2316 320 2388 20,
351 2315 459 2390 45,
488 2314 548 2372 2.
636 2312 808 2370 Nihil
862 2314 1019 2373 enim
1073 2314 1415 2391 perversius
1468 2317 1766 2391 perpetua
1817 2314 1977 2373 inter
2029 2315 2139 2375 has

213 2412 444 2471 formas
489 2407 906 2489 fluctuatione,
960 2429 1113 2487 quae
1157 2411 1259 2472 vel
1302 2410 1367 2470 in
1420 2411 1595 2472 libris
1638 2410 2006 2487 Atticorum,
2069 2415 2140 2471 ut

216 2504 611 2583 ThucydidiS,
656 2504 730 2564 de
776 2524 894 2582 quo
940 2503 1063 2566 dixi
1107 2507 1186 2568 ad
1222 2508 1401 2569 Thes.
1442 2508 1734 2584 Stephani
1769 2528 1824 2569 v.
1856 2502 2136 2588 Ἐρέτρια,

217 2602 585 2680 conspicitur
641 2605 704 2666 et
757 2603 833 2665 ab
890 2603 1300 2666 defensoribus
1357 2606 1485 2667 eius
1540 2605 1689 2683 ipsis
1745 2606 2135 2684 scriptoribus

211 2704 567 2778 imputatur.

394 2796 775 2880 Περσεφόνη,
821 2798 980 2875 quod
1025 2799 1080 2858 D
1134 2799 1484 2881 Φερσεφόνη
1536 2802 1745 2861 scribit
1790 2804 1850 2880 4,
1880 2805 1940 2878 4,
1973 2806 2036 2879 1,
2074 2806 2136 2881 4,

217 2900 319 2976 22,
362 2901 430 2974 1,
474 2900 534 2976 4,
576 2898 678 2975 25,
716 2899 786 2974 4,
843 2899 902 2974 4,
932 2899 1035 2974 26,
1068 2902 1134 2975 1,
1196 2899 1252 2973 5,
1287 2901 1343 2977 2,
1375 2900 1440 2975 3,
1505 2900 1560 2973 5,
1594 2900 1696 2974 68,
1731 2902 1795 2976 2,
1853 2901 1913 2977 5,
1945 2902 2045 2979 75,
2076 2903 2135 2977 4,

214 3015 334 3055 non
389 2997 585 3056 solum
633 2996 692 3073 3,
724 2996 825 3070 64,
863 2997 915 3070 1,
970 3013 1042 3054 ex
1106 2993 1225 3054 alio
1287 2995 1471 3055 etiam
1520 2996 1578 3074 5,
1610 2996 1713 3073 68,
1754 2998 1791 3055 2
1842 3015 1975 3057 cum
2029 2999 2135 3059 illo

214 3092 307 3153 bis
351 3093 699 3171 praebente,
748 3092 853 3153 sed
891 3092 1076 3152 etiam
1116 3094 1219 3169 27,
1248 3094 1310 3169 4,
1343 3094 1375 3150 1
1425 3093 1513 3151 ita
1559 3110 1691 3154 esse
1738 3093 2135 3171 scribendum,

212 3208 333 3250 non
378 3188 754 3270 Περσεφόνη,
800 3189 1066 3249 ostendit
1111 3190 1269 3266 quod
1314 3189 1539 3251 ibidem
1588 3193 1623 3250 7
1674 3192 1768 3252 est
1822 3187 2019 3272 Φέρσ.,
2065 3197 2137 3253 ut

213 3288 375 3364 apud
419 3286 792 3364 Appianum,
837 3287 911 3345 de
957 3304 1076 3362 quo
1123 3286 1359 3348 fallitur
1405 3287 2011 3366 Schweighaeuserus
2058 3289 2137 3349 ad

212 3384 472 3445 Hannib.
530 3403 577 3444 c.
625 3386 736 3459 56,
812 3403 1046 3464 semper
1109 3385 1492 3446 scribendum
1561 3382 1941 3467 Φερσεφόνη,
2016 3402 2138 3444 non

211 3481 388 3542 modo
443 3481 556 3542 hoc
599 3482 775 3541 modo
834 3482 1012 3561 illud,
1073 3503 1258 3561 quum
1305 3483 1487 3543 etiam
1533 3483 1809 3562 Dionysii
1853 3479 1926 3539 A.
1965 3481 2034 3539 R.
2076 3481 2135 3554 2,

214 3582 296 3641 19
347 3580 530 3640 codex
576 3579 901 3640 Vaticanus
950 3583 1152 3641 servet
1202 3582 1273 3642 Φ.
1357 3580 1571 3656 Itaque
1619 3582 1705 3640 sic
1750 3576 1935 3637 etiam
1984 3578 2042 3650 6,
2076 3576 2134 3645 2,

215 3680 250 3738 9
303 3676 519 3753 scripsi
561 3695 669 3753 pro
717 3695 787 3738 eo
834 3677 995 3754 quod
1039 3678 1203 3753 apud
1245 3676 1575 3735 Eusebium
1622 3677 1717 3733 est
1759 3666 2135 3741 Περσεφόνη-

319 3784 573 3827 Drononus
600 3785 639 3826 L
1786 3773 1816 3808 e
