2569 4061
890 400 916 454 1
954 403 1039 455 81.
1070 404 1153 453 82.
1185 404 1266 452 83.
1933 395 2058 461 139

140 561 443 625 θανάτου
488 564 710 646 κρίσιν
754 560 1227 645 ὑπομένουσιν,
1273 558 1648 642 ἡγουμένου
1688 569 1812 626 τοῦ
1857 583 2057 643 νομο-

141 666 347 732 θέτου
373 675 488 750 τῆς
516 666 586 732 ἐκ
613 671 879 732 πολλῶν
915 669 1176 751 χρόνων
1204 665 1818 749 παρατετηρημένης
1852 673 2055 751 θερα-

143 775 330 849 πείας
373 771 480 843 καὶ
517 771 1040 857 συντεταγμένης
1077 772 1205 836 ὑπὸ
1248 780 1385 835 τῶν
1421 769 1708 854 ἀρίστων
1743 785 2055 855 τεχνιτῶν

146 878 409 961 ὀλίγους
455 878 539 945 ἂν
585 878 904 961 γενέσθαι
950 875 1457 961 συνετωτέρους.

91 1003 116 1043 5
320 984 492 1068 Περὶ
530 982 605 1050 δὲ
639 996 775 1050 τῶν
810 982 1288 1069 ἀφιερωμένων
1326 979 1510 1071 ζῴων
1544 981 1685 1048 κατ’
1718 989 2059 1066 Αἴγυπτον
2083 989 2161 1047 5ἒὶ

142 1094 407 1169 εἰκότως
462 1095 770 1175 φαίνεται
823 1095 1096 1167 πολλοῖς
1148 1088 1531 1174 παράδοξον
1583 1090 2059 1173 τὸγινόμενον

140 1197 251 1263 καὶ
300 1199 624 1280 ζητήσεως
678 1196 881 1273 ἄξιον.
974 1193 1282 1278 σέβονται
1326 1196 1453 1280 γὰρ
1500 1197 1646 1260 ἔνια
1695 1206 1832 1260 τῶν
1880 1192 2061 1282 ζῴων

141 1304 501 1388 Αἰγύπτιοι
554 1300 712 1366 καθ’
764 1301 1144 1384 ὑπερβολὴν
1203 1301 1284 1366 οὐ
1320 1304 1547 1379 ζῶντα
1601 1304 1847 1386 μόνον,
1895 1301 2061 1366 ἀλλὰ

143 1408 253 1475 καὶ
307 1410 819 1491 τελευτήσαντα,
867 1399 1015 1472 οἷον
1070 1407 1424 1493 αἰλούρους
1466 1407 1580 1473 καὶ
1632 1412 1789 1486 τοὺς
1848 1411 2060 1493 ἰχνεύ-

66 1536 117 1575 10
146 1539 355 1599 μονας
396 1513 508 1579 καὶ
544 1515 770 1595 κύνας,
818 1514 914 1577 ἔτι
951 1509 1011 1576 δ’
1059 1511 1321 1595 ἱέρακας
1355 1512 1467 1578 καὶ
1500 1516 1615 1591 τὰς
1650 1514 2061 1598 καλουμένας

146 1618 302 1703 παρ’
357 1619 584 1693 αὐτοῖς
630 1620 824 1700 ἴβεις,
869 1619 1035 1702 πρὸς
1080 1615 1154 1682 δὲ
1199 1619 1460 1695 τούτοις
1503 1621 1658 1696 τούς
1701 1643 1770 1685 τε
1819 1622 2061 1695 λύκους

148 1722 262 1788 καὶ
299 1725 455 1799 τοὺς
489 1724 956 1806 κροκοδείλους
983 1722 1092 1787 καὶ
1126 1722 1317 1808 ἕτερα
1352 1733 1622 1789 τοιαῦτα
1658 1728 1884 1808 πλείω,
1912 1725 2061 1809 περὶ

152 1824 249 1895 ὧν
285 1830 400 1905 τὰς
436 1829 647 1905 αἰτίας
682 1828 1076 1894 ἀποδιδόναι
1110 1832 1588 1915 πειρασόμεθα,
1624 1828 1871 1915 βραχέα
1905 1835 2063 1913 πρό-

148 1959 346 2022 τερον
406 1932 573 2020 ὑπὲρ
637 1935 858 2001 αὐτῶν
921 1938 1321 2013 διελθόντες.
1424 1933 1691 2019 πρῶτον
1754 1933 1876 2021 μὲν
1937 1938 2061 2019 γὰρ
2103 1959 2130 2003 52

69 2064 119 2104 15
150 2042 398 2131 ἑκάστῳ
475 2041 655 2126 γένει
724 2055 860 2109 τῶν
930 2048 1269 2129 σεβασμοῦ
1342 2047 1809 2129 τυγχανόντων
1885 2041 2065 2132 ζῴων

148 2149 513 2235 ἀφιέρωται
573 2151 757 2236 χώρα
815 2149 1116 2237 φέρουσα
1176 2152 1516 2236 πρόσοδον
1581 2151 1918 2236 ἀρκοῦσαν
1971 2153 2065 2225 εἰς

149 2255 525 2341 ἐπιμέλειαν
586 2256 697 2322 καὶ
760 2258 1020 2342 τροφὴν
1084 2257 1330 2323 αὐτῶν·
1403 2265 1754 2322 ποιοῦνται
1819 2254 1893 2321 δὲ
1955 2258 2063 2321 καὶ

147 2369 336 2440 θεοῖς
391 2380 567 2428 τισιν
620 2363 817 2448 εὐχὰς
868 2360 1036 2449 ὑπὲρ
1081 2374 1216 2428 τῶν
1269 2365 1532 2428 παίδων
1578 2364 1648 2427 οἱ
1687 2356 1828 2427 κατ’
1859 2368 2063 2446 Αἴγυ-

150 2489 317 2535 πτον
361 2481 497 2535 τῶν
540 2470 615 2535 ἐκ
657 2479 775 2552 τῆς
819 2473 1028 2535 νόσου
1074 2467 1459 2535 σωθέντων·
1507 2468 1904 2554 ξυρήσαντες
1939 2472 2063 2552 γὰρ

73 2594 127 2632 20
153 2577 269 2651 τὰς
310 2579 535 2660 τρίχας
578 2574 689 2641 καὶ
733 2577 898 2661 πρὸς
935 2576 1261 2661 ἀργύριον
1307 2575 1348 2659 ἢ
1395 2578 1674 2661 χρυσίον
1712 2579 2063 2660 στήσαντες

157 2682 420 2746 διδόασι
452 2685 528 2748 τὸ
565 2686 855 2766 νόμισμα
890 2693 1029 2759 τοῖς
1066 2681 1558 2766 ἐπιμελομένοις
1591 2695 1724 2748 τῶν
1759 2706 2065 2770 προειρη-

152 2785 372 2871 μένων
413 2785 609 2876 ζῴων.
666 2789 737 2853 οἱ
760 2784 834 2852 δὲ
870 2799 1008 2864 τοῖς
1045 2784 1167 2872 μὲν
1196 2786 1403 2874 ἱέραξι
1439 2788 1598 2871 κρέα
1633 2788 2063 2874 κατατέμνον-
2105 2816 2133 2856 12·

150 2917 257 2970 τες
292 2892 401 2958 καὶ
437 2895 1009 2979 προσκαλούμενοι
1045 2895 1295 2981 μεγάλῃ
1331 2904 1410 2980 τῇ
1448 2903 1640 2980 φωνῇ
1686 2896 2067 2980 πετομένοις

154 2999 654 3084 ἀναρρίπτουσι,
702 2999 890 3085 μέχρι
937 2998 1021 3066 ἂν
1059 2999 1396 3084 δέξωνται,
1442 3011 1581 3078 τοῖς
1624 2999 1685 3065 δ’
1731 3003 2067 3085 αἰλούροις

74 3123 125 3163 25
151 3105 263 3172 καὶ
306 3117 448 3183 τοῖς
494 3107 836 3191 ἰχνεύμοσι
875 3108 1453 3192 καταθρύπτοντες
1496 3111 1654 3183 τοὺς
1699 3109 1942 3192 ἄρτους
1977 3106 2069 3176 εἰς

151 3214 324 3295 γάλα
366 3211 479 3278 καὶ
521 3214 970 3292 ποππύζοντες
1014 3212 1498 3299 παρατιθέασιν
1543 3213 1583 3295 ἢ
1629 3223 1765 3277 τῶν
1812 3209 2069 3292 ἰχθύων

152 3331 287 3384 τῶν
325 3318 398 3384 ἐκ
441 3328 563 3384 τοῦ
600 3322 855 3385 Νείλου
896 3319 1410 3402 κατατέμνοντες
1455 3319 1647 3402 ὠμῶς
1683 3317 2067 3389 σιτίζουσιν·

106 3564 109 3571 ,
297 3517 331 3565 9
388 3508 536 3582 οἷον]
582 3507 717 3573 τούς
761 3530 819 3565 τε
869 3510 996 3565 add.
1042 3510 1095 3564 II
1248 3507 1610 3578 ἰχνεύμονας]
1658 3505 1757 3558 καὶ
1801 3499 2071 3566 νυφίτζας

155 3581 285 3637 add.
324 3581 387 3635 F
492 3588 558 3635 14
597 3577 992 3651 διαλεχθέντες
1028 3579 1082 3632 11
1149 3640 1165 3652 l
1192 3585 1258 3633 16
1307 3577 1589 3643 πρόσοδον
1627 3571 1880 3642 φέρουσα
1917 3569 2069 3638 vulg.

159 3658 224 3707 18
262 3653 509 3708 παιδίων
544 3650 697 3722 vulg.
844 3657 911 3705 27
951 3646 1112 3718 ὠμῶς
1149 3665 1257 3702 om.
1299 3647 1404 3700 OF
