2569 4061
416 295 552 360 474
1097 289 1405 347 monem
1441 288 1672 344 smnm

419 462 514 525 ἔτι
566 457 729 522 κατὰ
782 456 908 539 τὴν
965 455 1364 536 Θετταλίαν,
1425 451 1592 536 φασὶ
1650 461 2053 537 προσπεσεῖν
2115 454 2380 536 φήμην

417 565 518 629 ὅτι
562 562 803 639 πάντες
859 562 930 627 οἰ
980 562 1141 645 μετὰ
1177 557 1475 636 Ἰάσονος
1526 558 2043 644 στρατεύσαντες
2088 556 2164 623 ἐν
2212 569 2376 637 τοῖς

412 670 578 734 κατὰ
635 669 755 735 τὸν
815 670 1087 734 Πόντον
1144 669 1373 742 τόποις
1433 665 1831 731 ἀπολώλασι.
1935 666 2169 750 διόπερ
2232 666 2371 731 τὸν

414 779 671 842 Πελίαν
717 777 954 862 καιρὸν
1000 777 1174 858 ἔχειν
1211 772 1773 855 ὑπολαμβάνοντα
1817 773 1973 848 τοὺς
2019 769 2368 857 ἐφέδρους

412 892 529 967 τῆς
602 885 941 968 βασιλείας
1011 881 1261 957 πάντας
1342 880 1558 964 άρδην
1640 877 1938 960 ἀνελεῖν,
2020 878 2140 943 τὸν
2224 874 2366 962 μὲν
2398 908 2426 949 5

412 988 662 1074 πατέρα
709 989 829 1054 τὸν
880 985 1174 1062 Ἰάσονος
1221 985 1590 1068 ἀναγκάσαι
1635 994 1816 1050 πιεῖν
1861 975 2023 1068 αἷμα
2067 984 2359 1070 ταύρου,

412 1098 533 1162 τὸν
580 1093 643 1162 δ’
686 1094 985 1178 ἀδελφὸν
1023 1095 1414 1176 Πρόμαχον,
1451 1092 1658 1156 παῖδα
1694 1091 1819 1174 τὴν
1854 1090 2121 1174 ἡλικίαν
2159 1092 2355 1175 ὄντα,

339 1227 372 1276 2
413 1211 758 1286 φονεῦσαι.
852 1198 1271 1284 Ἀμφινόμην
1332 1194 1408 1263 δὲ
1470 1199 1595 1282 τὴν
1657 1195 1904 1283 μητέρα
1967 1195 2356 1281 μέλλουσαν

412 1307 844 1390 ἀναιρεῖσθαί
882 1321 1092 1389 φασιν
1130 1306 1468 1391 ἔπανδρον
1512 1303 1624 1370 καὶ
1659 1307 1922 1389 μνήμης
1968 1303 2160 1382 ἀξίαν
2205 1304 2352 1369 ἐπι-

409 1409 807 1477 τελέσασθαι
879 1409 1121 1497 πρᾶξιν
1139 1430 1154 1448 ·
1237 1420 1760 1496 καταφυγοῦσαν
1840 1411 1966 1495 γὰρ
2041 1409 2148 1476 ἐπὶ
2218 1413 2350 1494 τὴν
2382 1439 2436 1479 ιο

410 1516 635 1584 ἑστίαν
705 1526 829 1583 τοῦ
902 1517 1226 1603 βασιλέως
1298 1516 1409 1583 καὶ
1480 1514 2031 1602 καταρασαμένην
2092 1523 2344 1583 παθεῖν

409 1626 615 1693 αὐτὸν
660 1626 810 1706 ἄξια
855 1636 990 1691 τῶν
1039 1625 1495 1710 ἀσεβημάτων,
1543 1623 1720 1708 ξίφει
1764 1622 2149 1702 πατάξασαν
2191 1622 2344 1690 ἑαυ-

337 1755 370 1805 8
406 1743 522 1818 τῆς
566 1735 642 1800 τὸ
689 1738 941 1816 στῆθος
976 1732 1277 1818 ἡρωικῶς
1312 1729 1756 1816 καταστρέψαι
1801 1730 1921 1795 τὸν
1965 1733 2138 1813 βίον.
2219 1732 2342 1797 τὸν

408 1836 482 1904 δὲ
543 1842 800 1905 Πελίαν
859 1839 1074 1927 τούτῳ
1138 1847 1230 1925 τῷ
1292 1839 1516 1924 τρόπφ
1576 1846 1797 1902 πᾶσαν
1860 1837 1984 1918 τὴν
2043 1834 2339 1915 Ἰάσονος

408 1946 821 2030 συγγένειαν.
857 1946 1070 2030 ἄρδην
1117 1943 1439 2009 ἀνελόντα
1484 1945 1650 2027 ταχὺ
1694 1943 1819 2026 τὴν
1863 1945 2330 2028 προσήκουσαν
2365 1969 2423 2010 15

405 2064 545 2131 τοῖς
590 2053 958 2138 ἀσεβήμασι
1003 2054 1412 2136 κομίσασθαι
1458 2053 1797 2136 τιμωρίαν.
1878 2050 1999 2116 τὸν
2042 2049 2169 2135 γάρ
2205 2045 2335 2115 Ἰά-

405 2176 573 2225 σονα
617 2160 1164 2226 καταπλεύσαντα
1185 2160 1456 2235 ’νυκτὸς
1508 2168 1625 2242 τῆς
1672 2160 2028 2235 Θετταλίας
2083 2159 2178 2234 εἰς
2225 2158 2335 2244 ὄρ·

406 2289 536 2350 μον
583 2265 664 2331 οὐ
712 2268 971 2354 μακρὰν
1016 2262 1139 2350 μὲν
1183 2275 1300 2350 τῆς
1339 2264 1610 2331 Ἰωλκοῦ
1655 2267 1984 2349 κείμενον,
2031 2263 2334 2350 ἀθεώρη-

402 2396 524 2441 τον
571 2371 645 2440 δὲ
689 2385 830 2451 τοῖς
875 2373 947 2440 ἐκ
991 2384 1107 2457 τῆς
1150 2376 1436 2456 πόλεως,
1483 2377 1730 2456 μαθεῖν
1766 2373 1944 2457 παρά
1981 2395 2162 2448 τινος
2198 2383 2332 2436 τῶν

402 2483 568 2546 κατὰ
620 2482 744 2564 τὴν
788 2483 1012 2567 χώραν
1067 2481 1149 2545 τὰ
1202 2483 1528 2565 γενόμενα
1571 2478 1723 2566 περὶ
1776 2482 1933 2555 τοὺς
1989 2490 2332 2562 συγγενεῖς
2357 2503 2410 2543 20

332 2607 368 2655 4
404 2585 801 2670 ἀτυχήματα.
892 2588 1160 2652 πάντων
1217 2583 1292 2651 δὲ
1337 2597 1472 2652 τῶν
1519 2583 1842 2670 ἀριστέων
1890 2583 2174 2669 ἑτοίμων
2220 2587 2329 2651 όν-

399 2715 535 2757 των
578 2694 863 2776 βοηθεῖν
915 2699 1007 2779 τῷ
1058 2689 1304 2757 Ἰάσονι
1356 2689 1467 2758 καὶ
1521 2692 1738 2758 πάντα
1792 2692 2116 2758 κίνδυνον
2172 2692 2328 2758 ἀνα-

403 2796 746 2882 δέχεσθαι,
802 2796 955 2884 περὶ
1007 2805 1123 2881 τῆς
1178 2797 1542 2876 ἐπιθέσεως
1588 2798 1895 2884 ἐμπεσεῖν
1940 2799 2168 2876 αὐτοῖς
2213 2799 2325 2883 ἀμ·

402 2907 834 2991 φισβήτησιν·
879 2906 1037 2983 τοὺς
1081 2901 1205 2989 μὲν
1244 2906 1374 2992 γὰρ
1413 2905 1897 2989 συμβουλεύειν
1931 2914 2326 2992 παραχρῆμα

399 3010 841 3098 βιασαμένους
886 3014 981 3089 εἰς
1019 3012 1143 3096 τὴν
1179 3014 1377 3077 πόλιν
1413 3011 1928 3098 ἀπροσδοκήτως
1964 3009 2325 3077 ἐπιθέσθαι
2351 3034 2405 3075 85

397 3128 489 3208 τῷ
535 3122 815 3204 βασιλεῖ,
861 3120 1046 3195 τινὰς
1092 3115 1153 3182 δ’
1207 3118 1704 3203 ἀποφαίνεσθαι
1744 3119 1889 3183 δεῖν
1926 3119 2325 3205 στρατιώτας

400 3223 528 3288 ἀπὸ
575 3235 690 3309 τῆς
738 3226 910 3301 ἰδίας
954 3227 1273 3310 πατρίδος
1319 3223 1595 3290 ἕκαστον
1644 3223 2047 3303 συλλέξαντα
2093 3226 2320 3291 κοινὸν

398 3329 694 3411 ἄρασθαι
739 3331 1055 3414 πόλεμον·
1115 3330 1451 3396 ἀδύνατον
1500 3332 1628 3418 γὰρ
1685 3326 1857 3396 εἶναι
1910 3333 2317 3415 πεντήκοντα

469 3547 493 3560 „
539 3487 571 3533 3
611 3479 758 3536 κατὰ
795 3480 921 3572 τὸν]
960 3482 1108 3538 κατὰ
1145 3485 1298 3553 vulg.
1372 3491 1405 3539 ὅ
1444 3482 1575 3557 μὲν]
1614 3482 1864 3565 μὲνγὰρ
1891 3485 2045 3556 vulg.
2122 3493 2153 3540 6
2192 3484 2313 3557 τὸν]

393 3565 493 3598 του
536 3549 643 3601 OF
745 3557 815 3604 24
852 3571 954 3615 ους
993 3554 1098 3608 OF
1202 3561 1269 3609 27
1311 3553 1674 3627 συλλέξαντα]
1718 3554 2062 3622 ἐκλέξασθαι
2098 3557 2165 3614 D.
