2569 4061
1030 412 1056 463 1
1094 418 1174 468 10.
1210 421 1296 470 11.
2053 415 2136 479 19

209 585 343 638 τῶν
389 569 463 638 δὲ
509 568 666 659 παρ’
688 572 964 658 Ἕλλησι
1009 581 1315 641 παλαιῶν
1359 580 1764 660 μυθολόγων
1798 574 1977 655 τινες
2020 577 2140 643 τὸν
2178 597 2211 646 3

190 679 452 766 Ὄσιριν
496 683 846 746 Διόνυσον
883 683 1463 768 προσονομάζουσι
1498 683 1608 748 καὶ
1652 686 1928 768 Σείριον
1973 705 2139 769 παρ·

106 807 171 860 15
210 789 516 871 ωνύμως·
564 782 661 853 ὧν
697 788 1054 872 Εὔμολπος
1101 784 1223 873 μὲν
1260 788 1336 854 ἐν
1372 799 1513 865 τοῖς
1552 793 1907 871 Βακχικοῖς
1955 791 2147 855 ἔπεσί

210 910 422 977 φησιν

159 1021 186 1061 5
301 999 642 1086 ἀστροφαῆ
688 1004 1037 1067 Διόνυσον
1082 1001 1155 1067 ἐν
1201 1001 1540 1066 ἀκτίνεσσι
1584 1003 1936 1085 πυρωπόν,

207 1100 479 1192 Ὀρφεὺς
525 1104 600 1173 δὲ
1400 1121 1421 1128 ”

295 1215 579 1280 τούνεκά
625 1238 741 1298 μιν
784 1212 1098 1280 καλέουσι
1149 1215 1424 1297 Φάνητά
1467 1237 1539 1279 τε
1583 1211 1697 1279 καὶ
1730 1215 2094 1278 Διόνυσον.

205 1317 373 1403 φασὶ
421 1317 502 1384 δέ
543 1342 718 1396 τινες
762 1318 873 1384 καὶ
918 1321 994 1384 τὸ
1034 1322 1292 1404 ἔναμμα
1339 1320 1519 1407 αὐτῷ
1556 1321 1632 1384 τὸ
1678 1327 1795 1403 τῆς
1829 1320 2141 1404 νεβρίδος
2175 1338 2211 1387 4

206 1425 333 1490 ἀπὸ
380 1435 498 1511 τῆς
542 1436 679 1491 τῶν
725 1427 991 1511 ἄστρων
1036 1427 1365 1503 ποικιλίας
1409 1433 1799 1511 περιῆφθαι.
1891 1426 2015 1509 τὴν
2063 1423 2138 1491 δὲ

127 1554 179 1592 10
198 1523 361 1598 Ἶσιν
418 1531 1097 1618 μεθερμηνευομένην
1152 1525 1328 1596 εἶναι
1372 1533 1691 1614 παλαιάν,
1747 1532 2139 1616 τεθειμένης

203 1648 320 1722 τῆς
365 1639 820 1722 προσηγορίας
866 1638 994 1702 ἀπὸ
1042 1646 1158 1720 τῆς
1203 1637 1429 1702 ἀιδίου
1474 1637 1586 1703 καὶ
1630 1643 1911 1715 παλαιᾶς
1955 1640 2137 1722 γενέ-

206 1761 395 1820 σεως.
461 1740 703 1824 κέρατα
743 1737 803 1806 δ’
839 1742 1003 1826 αὐτῇ
1040 1740 1457 1808 ἐπιτιθέασιν
1496 1742 1625 1808 ἀπό
1667 1766 1738 1808 τε
1774 1751 1889 1827 τῆς
1924 1745 2141 1820 ὄψεως

204 1849 296 1931 ἣν
362 1850 609 1933 ἔχουσα
674 1850 981 1932 φαίνεται
1043 1846 1200 1913 καθ’
1268 1848 1349 1914 ὃν
1410 1847 1496 1913 ἂν
1564 1851 1814 1933 χρόνον
1876 1848 2140 1933 ὑπάρχῃ

203 1956 596 2042 μηνοειδής,
660 1952 771 2021 καὶ
835 1955 961 2021 ἀπὸ
1016 1963 1133 2040 τῆς
1189 1954 1695 2043 καθιερωμένης
1753 1954 1922 2042 αὐτῇ
1981 1958 2141 2039 βοὸς

123 2085 177 2127 15
203 2063 360 2151 παρ’
395 2065 808 2148 Αἰγυπτίοις.
868 2065 1149 2140 τούτους
1188 2061 1262 2129 δὲ
1298 2066 1457 2141 τοὺς
1492 2066 1702 2141 θεοὺς
1737 2063 2138 2149 ὑφίστανται
2176 2081 2209 2131 5

202 2172 322 2236 τὸν
391 2172 739 2256 σύμπαντα
796 2173 1051 2254 κόσμον
1122 2172 1402 2236 διοικεῖν
1461 2169 1829 2255 τρέφοντάς
1891 2194 1961 2236 τε
2027 2170 2138 2235 καὶ

205 2276 528 2355 αὔξοντας
578 2278 794 2344 πάντα
847 2274 1226 2363 τριμερέσιν
1292 2277 1500 2359 ὥραις
1555 2275 1817 2362 ἀοράτῳ
1881 2278 2139 2357 κινήσει

202 2383 326 2466 τὴν
370 2385 690 2469 περίοδον
735 2382 1277 2469 ἀπαρτιζούσαις,
1324 2389 1405 2467 τῇ
1452 2404 1523 2446 τε
1579 2379 1810 2467 ἐαρινῇ
1857 2378 1969 2446 καὶ
2023 2385 2139 2446 θε-

205 2498 358 2575 ρινῇ
387 2487 498 2556 καὶ
525 2497 887 2575 χειμερινῇ
926 2490 1168 2564 ταύτας
1198 2484 1259 2551 δ’
1298 2486 1786 2569 ἐναντιωτάτην
1822 2485 2141 2570 ἀλλήλαις

123 2620 177 2659 20
204 2597 328 2679 τὴν
373 2597 584 2680 φύσιν
630 2596 909 2681 ἐχούσας
954 2595 1332 2680 ἀπαρτίζειν
1380 2595 1502 2659 τὸν
1539 2592 1848 2659 ἐνιαυτὸν
1898 2593 2134 2680 ἀρίστῃ

205 2707 588 2790 συμφωνία·
632 2704 844 2789 φύσιν
883 2699 957 2767 δὲ
995 2702 1503 2786 συμβάλλεσθαι
1538 2703 1853 2785 πλείστην
1880 2706 1975 2778 εἰς
2011 2703 2135 2784 τὴν

204 2821 339 2874 τῶν
386 2810 697 2876 ἁπάντων
741 2812 1105 2894 ζωογονίαν
1150 2819 1288 2873 τῶν
1331 2800 1518 2872 θεῶν
1562 2809 1820 2873 τούτων
1857 2808 1976 2873 τὸν
2014 2803 2137 2891 μὲν

202 2918 561 3000 πυρώδους
606 2915 717 2981 καὶ
760 2916 1154 3000 πνεύματος,
1201 2916 1325 3000 τὴν
1376 2910 1451 2978 δὲ
1490 2913 1703 2998 ὑγροῦ
1745 2911 1859 2978 καὶ
1905 2914 2134 2997 ξηροῦ,

202 3033 395 3109 κοινῇ
444 3017 506 3087 δ’
562 3021 978 3108 ἀμφοτέρους
1023 3018 1242 3105 ἀέρος·
1300 3018 1412 3086 καὶ
1459 3021 1573 3085 διὰ
1616 3021 1873 3085 τούτων
1917 3020 2134 3084 πάντα

121 3151 176 3191 25
204 3137 576 3215 γεννᾶσθαι
633 3127 745 3195 καὶ
802 3126 1188 3214 τρέφεσθαι.
1297 3128 1404 3192 διὸ
1463 3123 1577 3191 καὶ
1634 3127 1709 3191 τὸ
1769 3121 1891 3210 μὲν
1956 3123 2133 3186 ἅπαν
2172 3141 2204 3187 6

205 3249 393 3322 σῶμα
441 3246 558 3321 τῆς
601 3246 735 3300 τῶν
791 3235 966 3300 ὅλων
1014 3236 1281 3320 φύσεως
1338 3232 1405 3312 ἐξ
1450 3231 1648 3315 ἡλίου
1692 3229 1805 3296 καὶ
1851 3229 2135 3309 σελήνης

353 3470 380 3517 1
422 3459 523 3518 τὸν
550 3457 761 3531 Ὄσιριν
800 3479 908 3518 om.
949 3463 995 3515 D
1123 3468 1155 3513 2
1198 3456 1618 3527 ἐπονομάζουσι
1658 3454 1761 3509 CF
1848 3451 2044 3539 'alotov
2082 3450 2131 3503 D

205 3544 238 3592 ὅ
295 3530 629 3604 ἀστροφανῆ
666 3534 759 3588 CD
907 3538 938 3587 9
986 3534 1240 3601 διῆφθαι
1276 3528 1326 3582 D
1488 3533 1554 3580 12
1602 3526 1992 3607 περιτιθεμσιν
2024 3520 2139 3607 ,ΟΡ

208 3612 275 3662 15
315 3602 683 3676 ὑφίστανται]
721 3600 797 3658 ἄν
835 3624 919 3666 τις
945 3597 1363 3674 προβάλλονται
1401 3597 1529 3651 add.
1570 3594 1619 3648 D
1712 3598 1780 3647 20
1816 3610 1919 3658 την
1957 3609 2132 3658 φυσιν

203 3675 470 3748 ἀλλήλαις
509 3675 615 3731 OF
752 3681 817 3730 21
872 3671 1074 3744 φύσιν]
1114 3669 1293 3740 φασὶν
1330 3666 1537 3721 Reiske
1681 3665 1913 3716 πλεῖστα
1950 3662 2130 3715 Wess,

1740 3749 1813 3800 2*
