2569 4061
393 268 525 334 328
1072 267 1380 324 DIODORI
1418 265 1649 323 SICULI

286 433 371 498 41
562 430 721 496 Ἀπὸ
768 426 843 495 δὲ
888 431 1146 496 τούτων
1190 440 1325 496 τῶν
1369 432 1594 495 τόπων
1638 431 1757 495 τὸν
1804 427 1926 514 μὲν
1971 429 2099 517 ἀπὸ
2147 428 2325 496 Πτο-

394 538 703 621 λεμαΐδος
755 537 1149 623 παράπλουν
1204 535 1329 614 ἕως
1372 546 1508 602 τῶν
1560 537 1842 623 Ταύρων
1888 535 2320 623 ἀκρωτηρίων

390 645 899 729 προειρήκαμεν,
954 644 1063 709 ὅτε
1111 645 1537 727 Πτολεμαίου
1583 643 1708 726 τὴν
1751 652 1887 709 τῶν
1932 642 2315 727 ἐλεφάντων

389 751 616 835 θήραν
662 748 1178 835 ἀπηγγείλαμεν·
1223 748 1352 814 ἀπὸ
1399 745 1476 814 δὲ
1519 758 1656 814 τῶν
1699 750 1982 835 Ταύρων
2027 748 2322 834 ἐπιστρέ-

392 878 508 939 φει
561 851 683 940 μὲν
736 856 779 939 ἡ
832 857 1153 944 παράλιος
1206 856 1373 940 πρὸς
1429 855 1546 932 τὰς
1606 854 1962 938 ἀνατολάς,
2022 857 2186 920 κατὰ
2243 851 2320 920 δὲ
2348 876 2376 918 5

391 964 515 1047 τὴν
576 964 861 1049 θερινὴν
921 963 1175 1049 τροπὴν
1239 962 1316 1026 αί
1372 959 1554 1027 σκιαὶ
1609 965 1927 1035 πίπτουσι
1984 964 2152 1048 πρὸς
2211 984 2323 1045 με·

394 1070 728 1156 σημβρίαν
773 1068 1089 1147 ἐναντίως
1132 1078 1277 1145 ταῖς
1322 1063 1477 1155 παρ’
1528 1068 1688 1152 ἡμῖν
1734 1070 1890 1155 ἄχρι
1933 1071 2100 1155 πρὸς
2136 1069 2319 1156 ὤραν

323 1196 356 1245 2
395 1173 730 1261 δευτέραν.
822 1176 955 1259 ἔχει
1001 1170 1077 1238 δὲ
1120 1171 1232 1239 καὶ
1284 1177 1624 1259 ποταμοὺς
1675 1175 1717 1258 ἡ
1773 1175 1989 1261 χώρα,
2046 1173 2319 1261 ῥέοντας

394 1280 467 1346 ἐκ
502 1290 638 1346 τῶν
674 1279 852 1371 ὀρῶν
887 1291 1024 1345 τῶν
1049 1280 1737 1368 προσαγορευομένων
1776 1284 2105 1363 Ψεβαίων.
2163 1281 2321 1346 διεί-

393 1391 634 1469 ληπται
691 1382 766 1451 δὲ
823 1383 936 1452 καὶ
993 1388 1248 1465 πεδίοις
1307 1388 1619 1473 μεγάλοις
1678 1385 1966 1473 φέρουσι
2025 1388 2319 1473 μαλάχης
2349 1412 2404 1454 10

392 1488 504 1557 καὶ
549 1492 897 1579 καρδάμου
940 1491 1052 1558 καὶ
1098 1496 1406 1577 φοίνικος
1449 1495 1692 1559 ἄπιστα
1729 1490 2011 1577 μεγέθη·
2057 1492 2321 1579 ἐκφέρει

396 1595 471 1664 δὲ
514 1596 626 1665 καὶ
670 1602 966 1686 καρποὺς
1009 1603 1391 1683 παντοίους,
1435 1601 1560 1683 τὴν
1604 1596 1726 1684 μὲν
1770 1608 2006 1682 γεῦσιν
2051 1603 2322 1684 ἔχοντας

324 1729 357 1776 3
393 1704 703 1791 νωθράν,
760 1704 1257 1791 ἀγνοουμένους
1312 1702 1387 1771 δὲ
1443 1703 1599 1792 παρ’
1650 1705 1827 1790 ἡμῖν.
1918 1705 1961 1789 ἡ
2025 1703 2100 1772 δὲ
2155 1706 2324 1792 πρὸς

393 1813 517 1896 τὴν
576 1814 925 1897 μεσόγειον
985 1811 1459 1881 ἀνατείνουσαν
1484 1815 1739 1899 πλήρης
1801 1811 1983 1879 ἐστὶν
2041 1811 2322 1895 ἐλεφάν-

392 1942 530 1985 των
582 1916 694 1984 καὶ
746 1920 1013 2005 ταύρων
1067 1919 1321 2005 ἀγρίων
1376 1918 1486 1984 καὶ
1541 1922 1836 1985 λεόντων
1886 1916 1996 1985 καὶ
2048 1921 2317 1982 πολλῶν
2347 1944 2404 1986 15

394 2026 617 2093 ἄλλων
669 2026 1113 2092 παντοδαπῶν
1165 2027 1432 2111 θηρίων
1487 2024 1801 2111 ἀλκίμων.
1894 2024 1930 2091 ὁ
1984 2021 2061 2091 δὲ
2112 2025 2323 2111 πόρος

391 2137 627 2219 νήσοις
691 2135 1062 2217 διείληπται
1122 2134 1383 2219 καρπὸν
1446 2129 1568 2218 μὲν
1634 2129 1880 2199 οὐδένα
1953 2133 2320 2220 φερούσαις

394 2240 666 2329 ἥμερον,
713 2241 1188 2329 ἐκτρεφούσαις
1235 2238 1296 2307 δ’
1342 2238 1598 2327 ὀρνέων
1645 2242 1783 2307 ἴδια
1826 2238 1988 2325 γένη
2035 2238 2147 2306 καὶ
2181 2248 2326 2318 ταῖς

324 2367 361 2417 4
394 2351 765 2435 προσόψεσι
827 2348 1201 2433 θαυμαστά.
1291 2347 1333 2431 ἡ
1400 2345 1461 2412 δ’
1515 2344 1662 2430 ἑξῆς
1716 2347 2018 2412 θάλαττα
2078 2349 2322 2431 βαθεῖα

395 2459 733 2532 παντελῶς
792 2453 960 2536 ἐστι,
1019 2450 1132 2519 καὶ
1188 2455 1353 2536 κήτη
1414 2450 1605 2539 φέρει
1661 2453 2054 2518 παντοδαπὰ
2112 2454 2321 2539 παρά·
2351 2477 2403 2522 20

397 2558 559 2635 δοξα
604 2567 744 2634 τοῖς
789 2556 1165 2640 μεγέθεσιν,
1214 2558 1298 2622 οὐ
1344 2556 1571 2642 μέντοι
1617 2563 1960 2624 λυποῦντα
2004 2561 2164 2634 τοὺς
2208 2558 2323 2624 ἀν-

394 2663 735 2747 θρώπους,
784 2664 901 2729 ἐὰν
945 2665 1034 2748 μή
1081 2685 1181 2740 τις
1227 2662 1557 2740 ἀκουσίως
1601 2664 1824 2730 αὐτῶν
1868 2675 2012 2742 ταῖς
2058 2670 2326 2749 λοφιαῖς

394 2765 743 2855 περιπέσῃ·
789 2770 873 2834 ού
895 2770 1243 2835 ’δύνανται
1286 2772 1414 2857 γὰρ
1463 2771 1731 2836 διώκειν
1776 2775 1935 2849 τοὺς
1978 2770 2321 2855 πλέοντας,

397 2877 487 2954 ὡς
532 2874 616 2942 ἂν
668 2877 835 2942 κατὰ
887 2877 1011 2960 τὴν
1066 2879 1132 2942 ἐκ
1183 2885 1302 2961 τῆς
1353 2878 1686 2962 θαλάττης
1741 2880 1939 2964 ἄρσιν
1985 2879 2325 2964 ἀμαυρου-

395 2983 617 3070 μένων
662 2983 890 3061 αὐτοῖς
925 2993 1060 3049 τῶν
1098 2983 1412 3069 ὀμμάτων
1447 2984 1577 3049 ὑπὸ
1613 2993 1737 3049 τοῦ
1771 2986 1939 3050 κατὰ
1973 2986 2093 3050 τὸν
2130 2985 2324 3067 ἥλιον
2351 3009 2403 3050 25

396 3090 706 3175 φέγγους.
779 3098 985 3155 ταῦτα
1032 3087 1154 3173 μὲν
1201 3084 1327 3155 οὖν
1372 3091 1452 3154 τὰ
1489 3088 1652 3176 μέρη
1689 3099 1807 3174 τῆς
1850 3091 2308 3174 Τρωγλοδυτι-
2325 3117 2428 3168 209

540 3319 571 3367 2
608 3317 668 3369 et
703 3321 806 3369 4τ
775 3334 918 3383 τροιν
923 3315 1059 3369 ικῶν
1095 3316 1145 3368 D
1186 3316 1255 3370 cf.
1296 3322 1381 3384 38,
1421 3322 1454 3370 4
1581 3322 1613 3370 9
1655 3317 1919 3402 Θεβαίων
1956 3318 2006 3371 D
2137 3324 2204 3372 12
2253 3316 2319 3373 δὲ

394 3381 516 3463 καὶ]
555 3380 621 3436 δὲ
658 3384 811 3454 vulg.
960 3390 1027 3439 16
1072 3385 1459 3441 παντοδαπῶν
1493 3387 1717 3454 θηρίων
1753 3380 2028 3474 ἀλκίμων]
2068 3382 2322 3457 ἀλκίμων

394 3444 551 3511 ζωων
588 3451 644 3504 11
813 3450 1085 3524 πόρος]τ
1054 3452 1228 3517 τόπος
1263 3455 1313 3508 D
1485 3461 1554 3510 20
1565 3473 1740 3538 ⁴'antam
1743 3455 1934 3511 οδαπά
1975 3456 2139 3527 φέρει
2165 3458 2321 3528 vulg.

394 3520 465 3566 24
504 3513 568 3569 ἐκ
606 3521 733 3573 add.
771 3523 954 3578 Wess.
1101 3530 1239 3579 261
1209 3527 1552 3594 τιρωγοδυτκ
1519 3526 1624 3593 κῆς
1661 3525 1727 3580 D.
