2569 4061
433 328 569 393 532
1106 324 1417 380 DIODORI
1457 322 1691 380 SICULI

432 498 549 571 τῆς
591 490 738 552 τότε
785 483 908 571 μὲν
948 484 1059 551 ἀπ’
1105 487 1314 552 αὐτοῦ
1353 486 1678 571 Ζάγκλης,
1723 495 1854 551 νῦν
1893 482 1967 550 δὲ
2004 489 2427 573 Μεσσήνης

433 592 943 679 ὀνομαζομένης,
993 594 1160 659 ἄλλα
1204 617 1274 658 τε
1310 591 1422 658 καὶ
1456 594 1577 657 τὸν
1615 590 1848 676 λιμένα
1883 593 2423 676 προσχώσαντα

358 723 395 772 2
432 701 555 784 τὴν
621 698 1120 786 ὀνομαζομένην
1186 696 1422 782 Ἀκτὴν
1494 706 1788 781 ποιῆσαι.
1890 695 2030 763 ἐπεὶ
2104 695 2189 763 δὲ
2269 710 2420 785 τῆς

431 809 799 892 Μεσσήνης
860 806 1314 891 ἐμνήσθημεν,
1380 804 1505 870 οὐκ
1564 804 1901 870 ἀνοίκειον
1945 810 2398 890 προσθεῖναι
2413 810 2507 858 325

431 917 790 1000 νομίζομεν
833 924 975 990 τοῖς
1017 910 1478 999 προκειμένοις
1521 912 1639 988 τὰς
1684 908 1838 995 περὶ
1881 912 2001 976 τὸν
2043 915 2405 996 πορθμὸν
2433 929 2459 969 5

362 1043 398 1092 3
437 1023 791 1106 διηγήσεις.
883 1018 1051 1104 φασὶ
1110 1020 1239 1102 γὰρ
1296 1018 1368 1083 οἰ
1416 1015 1688 1083 παλαιοὶ
1745 1017 2185 1102 μυθογράφοι
2255 1020 2407 1102 τὴν

433 1130 753 1193 Σικελίαν
811 1128 888 1191 τὸ
951 1128 1081 1211 πρὸ
1141 1134 1263 1190 τοῦ
1323 1121 1740 1210 χερρόνησον
1805 1119 2018 1189 οὖσαν
2080 1123 2403 1209 ὕστερον

435 1233 757 1315 γενέσθαι
809 1240 1023 1314 νῆσον
1079 1232 1191 1296 διὰ
1241 1233 1556 1308 τοιαύτας
1614 1232 1844 1307 αἰτίας.
1935 1231 2055 1295 τὸν
2115 1232 2396 1315 ἰσθμὸν

433 1340 600 1404 κατὰ
652 1339 727 1402 τὸ
785 1337 1197 1402 στενώτατον
1249 1338 1381 1404 ὑπὸ
1439 1340 1637 1403 δυοῖν
1697 1342 2008 1421 πλευρῶν
2063 1339 2390 1424 θαλάττῃ

434 1446 1014 1529 προσκλυζόμενον
1073 1444 1564 1531 ἀναρραγῆναι,
1625 1442 1740 1510 καὶ
1793 1445 1913 1509 τὸν
1969 1440 2182 1509 τόπον
2244 1443 2386 1510 ἀπὸ
2417 1462 2464 1500 1⁰

434 1549 681 1615 τούτου
714 1546 981 1635 Ῥήγιον
1027 1550 1515 1635 ὀνομασθῆναι,
1562 1548 1674 1615 καὶ
1720 1549 1844 1632 τὴν
1888 1548 2173 1633 ὕστερον
2212 1556 2384 1616 πολ-

437 1661 582 1734 λοῖς
635 1659 808 1723 ἔτεσι
831 1742 840 1749 q
863 1662 1256 1723 κτισθεῖσαν
1311 1655 1511 1723 πόλιν
1565 1666 1794 1741 τυχεῖν
1843 1665 1962 1739 τῆς
2004 1655 2383 1740 ὁμωνύμου

367 1789 403 1837 4
439 1766 911 1849 προσηγορίας.
1003 1764 1176 1827 ἔνιοι
1236 1758 1311 1827 δὲ
1370 1761 1642 1845 λέγουσι
1707 1772 2000 1846 σεισμῶν
2061 1763 2379 1845 μεγάλων

437 1867 819 1953 γενομένων
882 1870 1326 1955 διαρραγῆναι
1388 1871 1509 1934 τὸν
1572 1869 1821 1953 αὐχένα
1886 1877 2001 1952 τῆς
2063 1868 2373 1954 ἠπείρου,

437 1974 551 2043 καὶ
594 1974 913 2060 γενέσθαι
957 1976 1076 2041 τὸν
1121 1977 1435 2063 πορθμὸν
1487 1975 1913 2062 διειργούσης
1955 1983 2073 2060 τῆς
2115 1977 2368 2042 θαλάτ-
2402 1995 2447 2034 15
2505 1997 2506 2000 ’

368 2109 401 2159 5
439 2106 555 2166 της
611 2084 737 2167 τὴν
796 2084 1074 2170 ἤπειρον
1140 2083 1268 2148 ἀπὸ
1331 2091 1450 2167 τῆς
1511 2086 1742 2168 νήσου.
1833 2081 2147 2159 Ἡσίοδος
2214 2078 2276 2146 δ’
2329 2083 2367 2149 ὁ

438 2192 716 2273 ποιητής
751 2206 921 2275 φησι
963 2190 1364 2256 τούναντίον
1409 2188 1958 2274 ἀναπεπταμένου
2002 2197 2126 2254 τοῦ
2168 2191 2367 2255 πελά-

438 2320 604 2381 γους
656 2291 944 2385 Ὠρίωνα
1006 2309 1391 2384 προσχῶσαι
1453 2300 1527 2363 τὸ
1592 2298 1758 2362 κατὰ
1820 2297 1947 2380 τὴν
2011 2297 2364 2382 Πελωρίδα

439 2406 745 2488 κείμενον
807 2403 1256 2491 ἀκρωτήριον,
1317 2402 1429 2470 καὶ
1486 2405 1562 2469 τὸ
1620 2401 1892 2487 τέμενος
1946 2412 2071 2468 τοῦ
2124 2408 2361 2468 Ποσει·
2493 2406 2496 2483 A

441 2512 658 2587 δῶνος
700 2510 1211 2595 κατασκευάσαι,
1256 2512 1632 2595 τιμώμενον
1678 2509 1809 2574 ὑπὸ
1854 2519 1990 2575 τῶν
2028 2510 2356 2595 ἐγχωρίων
2383 2527 2429 2566 20
2491 2486 2494 2579 ff

442 2617 924 2699 διαφερόντως·
971 2624 1178 2681 ταῦτα
1225 2613 1301 2681 δὲ
1348 2616 1882 2704 διαπραξάμενον
1927 2617 2023 2692 εἰς
2067 2615 2352 2700 Εὔβοιαν

440 2730 923 2805 μεταναστῆναι
968 2720 1163 2786 κάκεῖ
1208 2734 1625 2806 κατοικῆσαι·
1686 2724 1797 2787 διὰ
1854 2718 1929 2786 δὲ
1983 2723 2107 2805 τὴν
2162 2723 2349 2801 δόξαν
2485 2774 2488 2797 2

442 2826 517 2893 ἐν
551 2837 691 2904 τοῖς
725 2821 867 2892 κατ’
904 2827 1196 2913 οὐρανὸν
1226 2829 1496 2914 ἄστροις
1524 2826 2113 2915 καταριθμηθέντα
2138 2839 2345 2913 τυχεῖν

371 2955 404 3004 6
442 2934 790 3001 ἀθανάτου
835 2936 1111 3019 μνήμης.
1203 2933 1355 3017 περὶ
1401 2929 1486 3000 οὗ
1530 2933 1642 3000 καὶ
1687 2935 1724 3000 ὁ
1770 2935 2045 3018 ποιητὴς
2077 2933 2343 3020 Ὅμηρος

442 3042 517 3108 ἐν
561 3051 640 3128 τῇ
687 3045 946 3131 Νεκυίᾳ
991 3043 1521 3127 μιμνησκόμενός
1567 3056 1733 3126 φησι
2367 3056 2412 3095 2⁵

532 3204 650 3267 τὸν
699 3199 772 3267 δὲ
818 3199 953 3287 μέτ’
1002 3197 1289 3286 Ὠρίωνα
1334 3200 1664 3286 πελώριον
1711 3200 2060 3283 εἰσενόησα

530 3315 748 3394 θῆρας
793 3307 963 3392 ὁμοῦ
1010 3309 1310 3372 εἰλεῦντα
1355 3302 1495 3372 κατ’
1540 3306 1920 3391 ἀσφοδελὸν
1965 3311 2255 3407 λειμῶνα,

584 3521 616 3567 3
654 3515 777 3585 τῆς]
813 3513 942 3581 περὶ
979 3515 1080 3583 τῆς
1116 3514 1269 3583 vulg.
1433 3521 1465 3569 9
1511 3510 1769 3583 θαλάττῃ
1808 3514 2027 3584 scripsi,
2071 3511 2328 3584 θαλάττης

439 3581 573 3633 libri
682 3589 748 3636 18
787 3582 1127 3651 Πελωριάδα
1163 3584 1218 3638 11
1325 3591 1393 3639 22
1432 3585 1773 3654 μεταστῆναι
1811 3584 1879 3638 Ι).
