2569 4061
380 249 512 314 212
1055 245 1364 302 DIODOBI
1400 245 1636 301 SICULI

308 435 342 485 8
382 412 419 479 ὁ
459 409 533 478 δὲ
568 410 858 488 Βέλεσυς
900 409 975 476 έν
1019 410 1335 497 ὑπαίθρῳ
1380 407 1504 492 τὴν
1540 408 1749 473 νύκτα
1795 409 2307 495 διηγρυπνηκὼς

314 569 321 578 .
378 517 489 585 καὶ
508 515 675 610 δπερὶ
704 517 828 600 τὴν
863 528 997 582 τῶν
1026 517 1292 602 ἄστρων
1319 517 1779 599 παρατήρησιν
1816 519 2308 601 φιλοτιμηθείς,

379 626 586 708 ἔφησε
631 634 771 700 τοῖς
817 623 1220 708 ἀπηλπικόσι
1254 622 1354 686 τά
1372 622 1743 708 πράγματα,
1790 619 1876 687 ἂν
1910 617 2108 687 πένθ’
2149 622 2308 708 ἡμέ-

379 753 500 815 ρας
559 728 1038 813 ἀναμείνωσιν,
1113 727 1497 812 αὐτομάτην
1557 726 1740 810 ἥξειν
1802 729 2130 810 βοήθειαν
2193 727 2307 795 καὶ

378 837 753 920 μεταβολὴν
806 838 1081 901 ἔσεσθαι
1137 845 1271 899 τῶν
1327 834 1504 899 ὅλων
1556 832 1948 919 παμμεγέθη
2005 837 2101 912 εἰς
2153 835 2307 900 τού-
2337 853 2365 894 5

378 945 681 1008 ναντίον·
736 950 944 1008 ταῦτα
994 941 1125 1027 γὰρ
1173 940 1341 1026 ὁρᾶν
1388 940 1499 1004 διὰ
1543 947 1661 1023 τῆς
1704 950 1841 1005 τῶν
1886 941 2150 1025 ἄστρων
2197 940 2308 1025 έμ-

377 1052 637 1134 πειρίας
662 1049 1242 1133 προσημαίνοντας
1263 1046 1491 1123 αὐτοῖς
1516 1048 1675 1123 τοὺς
1701 1049 1920 1123 θεούς.
1975 1043 2088 1111 καὶ
2106 1067 2308 1133 παρε-

379 1155 565 1220 κάλει
620 1154 862 1230 ταύτας
915 1154 1033 1230 τὰς
1086 1151 1337 1239 ἡμέρας
1381 1155 1737 1236 μείναντας
1779 1162 2019 1239 πεῖραν
2074 1156 2308 1236 λαβεῖν

379 1268 495 1343 τῆς
562 1260 736 1335 ἰδίας
806 1256 1041 1343 τέχνης
1104 1257 1217 1323 καὶ
1287 1266 1405 1342 τῆς
1461 1269 1599 1323 τῶν
1658 1263 1843 1323 θεῶν
1907 1259 2304 1345 εὐεργεσίας.

270 1368 359 1433 26
381 1363 933 1450 μετακληθέντων
980 1360 1106 1430 οὖν
1151 1365 1423 1430 πάντων
1467 1365 1668 1430 πάλιν
1706 1363 1818 1430 καὶ
1860 1367 1981 1430 τὸν
2029 1364 2305 1451 ὡρισμέ-
2337 1386 2392 1425 10

379 1495 504 1538 νον
541 1475 791 1557 χρόνον
819 1472 1344 1556 ἀναμεινάντων,
1380 1466 1505 1555 ἧκέ
1534 1493 1635 1548 τις
1663 1470 2095 1555 ἀπαγγέλλων
2134 1474 2305 1538 διότι

381 1579 664 1663 δύναμις
718 1578 790 1643 ἐκ
842 1587 960 1663 τῆς
1005 1582 1422 1665 Βακτριανῆς
1476 1576 1929 1662 ἀπεσταλμένη
1984 1586 2076 1667 τῷ
2122 1581 2304 1661 βασι·

308 1707 340 1755 2
379 1691 484 1751 λεῑ
534 1688 821 1770 πλησίον
874 1682 1013 1750 ἐστὶ
1060 1682 1476 1771 πορευομένη
1532 1685 1699 1749 κατὰ
1748 1686 2069 1769 σπουδήν.
2161 1686 2306 1750 ἔδο-

380 1791 491 1872 ξεν
555 1787 681 1858 οὖν
741 1802 883 1869 τοῖς
945 1790 1097 1877 περὶ
1158 1793 1277 1856 τὸν
1335 1788 1665 1875 Ἀρβάκην
1729 1791 2102 1875 ἀπαντῆσαι
2164 1803 2304 1871 τοῖς

380 1908 774 1983 στρατηγοῖς
808 1898 933 1981 τὴν
967 1899 1284 1981 ταχίστην
1323 1896 1777 1979 ἀναλαβόντας
1811 1908 1948 1963 τῶν
1985 1914 2301 1985 στρατιω-
2333 1917 2388 1958 15

377 2017 513 2072 τῶν
559 2008 718 2082 τοὺς
761 2005 1154 2090 κρατίστους
1207 2001 1321 2070 καὶ
1375 2001 1633 2088 μάλιστ’
1687 2004 2046 2089 εὐζώνους,
2103 2005 2302 2090 ὅπως,

379 2111 464 2177 ἂν
511 2113 599 2197 μὴ
649 2113 761 2177 διὰ
804 2122 940 2176 τῶν
987 2113 1209 2193 λόγων
1262 2113 1420 2188 τοὺς
1465 2114 1922 2197 Βακτριανοὺς
1969 2113 2303 2178 δύνωνται

378 2229 600 2284 πεῖσαι
647 2224 1175 2300 συναποστῆναι,
1234 2228 1376 2295 τοῖς
1421 2219 1651 2294 ὅπλοις
1705 2219 2067 2301 βιάσωνται
2113 2242 2304 2303 μετα-

311 2345 343 2393 3
381 2335 567 2410 σχεῖν
610 2335 745 2390 τῶν
791 2324 1013 2390 αὐτῶν
1051 2323 1356 2390 ἐλπίδων.
1428 2322 1616 2401 τέλος
1654 2320 1727 2389 δὲ
1763 2325 1928 2410 πρὸς
1963 2325 2087 2408 τὴν
2123 2325 2304 2391 ἐλευ-

379 2433 623 2515 θερίαν
670 2429 970 2514 ἀσμένως
1015 2430 1544 2496 ὑπακουσάντων
1579 2432 1654 2495 τὸ
1701 2426 1823 2513 μὲν
1867 2441 2136 2516 πρῶτον
2170 2443 2305 2497 τῶν
2337 2451 2396 2493 20

379 2535 757 2619 ἡγεμόνων,
812 2538 1033 2600 ἔπειτα
1087 2533 1198 2599 καὶ
1251 2544 1368 2618 τῆς
1423 2536 1580 2619 ὅλης
1638 2537 2011 2620 δυνάμεως,
2065 2539 2307 2616 πάντες

306 2662 344 2710 4
382 2640 455 2706 ἐν
499 2641 715 2728 ταύτῷ
762 2638 1510 2726 κατεστρατοπέδευσαν.
1603 2642 1711 2707 ὅτε
1757 2643 1841 2726 δὴ
1890 2642 2139 2729 συνέβη
2184 2646 2305 2710 τὸν

383 2744 658 2830 βασιλέα
687 2758 823 2812 τῶν
853 2745 1222 2831 Ἀσσυρίων
1256 2747 1381 2830 τὴν
1417 2743 1540 2831 μὲν
1577 2747 1945 2814 ἀπόστασιν
1971 2760 2106 2816 τῶν
2132 2755 2306 2816 Βακ-

381 2862 671 2940 τριανῶν
707 2851 1105 2935 ἀγνοοῦντα,
1146 2863 1291 2929 ταῖς
1329 2849 1403 2918 δὲ
1437 2853 2038 2938 προγεγενημέναις
2075 2856 2305 2941 εὐημε-

384 2963 558 3045 ρίαις
620 2957 1180 3045 μετεωρισθέντα,
1248 2968 1578 3044 τραπῆναι
1641 2962 1806 3047 πρὸς
1870 2962 2130 3045 ἄνεσιν,
2194 2961 2308 3028 καὶ
2337 2983 2401 3024 25

382 3078 525 3145 τοῖς
559 3066 987 3153 στρατιώταις
1028 3066 1388 3131 διαδοῦναι
1429 3067 1596 3151 πρὸς
1633 3066 1917 3152 εὐωχίαν
1957 3069 2160 3154 ἱερεῖα
2196 3067 2307 3134 καὶ

356 3180 643 3259 ,πλῆθος
690 3180 883 3239 οἴνου
936 3197 1007 3238 τε
1062 3171 1174 3237 καὶ
1218 3184 1354 3237 τῶν
1400 3174 1622 3239 ἄλλων
1668 3172 2075 3258 ἐπιτηδείων.
2169 3176 2307 3241 διό-

529 3371 594 3420 10
631 3361 804 3420 πάλιν
841 3361 1113 3421 ἁπάντων
1150 3364 1304 3435 vulg.
1403 3371 1468 3420 17
1507 3362 1864 3435 δυνήσωνται
1910 3368 1958 3421 D
2046 3374 2111 3423 19
2149 3366 2309 3431 τέλος

382 3431 472 3502 δὲ]
502 3431 716 3490 τούτων
745 3434 810 3492 δὲ
840 3438 939 3491 aut
966 3428 1047 3490 ὧν
1077 3437 1296 3492 conicio
1326 3435 1458 3507 (nisi
1485 3434 1632 3492 fortae
1661 3437 1839 3493 maior
1864 3438 2067 3495 lacuna.
2094 3440 2308 3510 subest)

378 3507 450 3554 26
487 3506 836 3570 μεταδοῦναι
872 3507 942 3562 ΙΙ.
