2569 4061
1089 370 1142 424 11
1180 376 1266 425 37.
1298 376 1383 425 38.
2065 371 2197 436 233

271 531 346 597 ἐκ
414 541 536 597 τοῦ
599 527 740 597 κατ’
803 532 1033 614 ὀλίγον
1105 530 1453 617 γενέσθαι,
1525 540 1640 615 τῆς
1710 538 1934 619 χρείας
1998 532 2201 617 αὐτῆς

272 636 750 722 ὑφηγουμένης
822 637 1064 720 εὐφυεῖ
1142 636 1282 726 ζῴῳ
1357 634 1466 701 καὶ
1541 642 1907 723 συνεργοὺς
1980 641 2200 724 ἔχοντι

268 746 436 829 πρὸς
471 745 731 809 ἅπαντα
767 754 990 829 χεῖρας
1025 743 1136 809 καὶ
1182 746 1389 825 λόγον
1425 741 1537 808 καὶ
1581 752 1797 826 ψυχῆς
1832 746 2195 829 ἀγχίνοιαν.

269 856 731 934 μυθολογοῦσι
799 846 873 914 δὲ
935 853 1113 937 παρὰ
1166 860 1308 926 τοῖς
1360 848 1603 925 Ἰνδοῖς
1657 851 1729 914 οἱ
1785 852 2196 936 λογιώτατοι,
2236 876 2268 924 3

211 974 241 1015 5
269 954 423 1041 περὶ
478 952 561 1022 οὗ
606 963 910 1039 καθῆκον
956 956 1040 1020 ἂν
1059 1002 1065 1008 ·
1085 963 1186 1040 εἴη
1236 958 1583 1040 συντόμως
1630 957 1943 1020 διελθεῖν.
2037 957 2203 1039 φασὶ

269 1063 400 1149 γὰρ
446 1062 520 1130 έν
564 1074 706 1140 τοῖς
766 1062 1225 1148 ἀρχαιοτάτοις
1267 1064 1567 1147 χρόνοις,
1628 1056 1783 1148 παρ’
1836 1062 2063 1138 αὐτοῖς
2108 1065 2204 1128 ἔτι

269 1180 405 1233 τῶν
452 1169 836 1255 ἀνθρώπων
890 1168 1202 1252 κωμηδὸν
1258 1168 1658 1253 οἰκούντων,
1703 1167 2203 1255 παραγενέσθαι

269 1277 390 1341 τὸν
433 1278 782 1341 Διόνυσον
839 1273 911 1340 ἐκ
956 1285 1090 1339 τῶν
1144 1274 1313 1358 πρὸς
1360 1272 1643 1360 ἑσπέραν
1696 1278 1921 1342 τόπων
1967 1278 2202 1361 ἔχοντα

272 1384 564 1466 δύναμιν
615 1364 995 1463 ἀξιόλογον·
1052 1379 1364 1445 ἐπελθεῖν
1411 1378 1484 1446 δὲ
1537 1384 1662 1466 τὴν
1702 1381 1991 1468 Ἰνδικὴν
2036 1384 2201 1449 ἅπα-

184 1506 242 1548 10
272 1506 423 1572 σαν,
470 1488 791 1573 μηδεμιᾶς
837 1487 1043 1569 οὔσης
1091 1486 1445 1569 ἀξιολόγου
1481 1491 1733 1565 πόλεως
1780 1492 1947 1573 [τῆς]
2000 1492 2201 1555 δυνα-

270 1592 474 1678 μένης
512 1590 1006 1668 ἆντιτάξασθαι.
1072 1590 1563 1675 ἐπιγενομένων
1592 1589 1667 1657 δὲ
1693 1594 2050 1677 καυμάτων
2087 1619 2198 1680 με-
2237 1616 2272 1665 4

270 1702 520 1784 γάλων,
566 1697 677 1764 καὶ
721 1708 857 1763 τῶν
900 1706 1022 1762 τοῦ
1067 1697 1420 1763 Διονύσου
1466 1709 1885 1781 στρατιωτῶν
1937 1705 2201 1785 λοιμικῇ

271 1807 455 1892 νόσω
496 1802 1102 1890 διαφθειρομένων,
1150 1801 1419 1869 συνέσει
1459 1801 1866 1889 διαφέροντα
1900 1806 2021 1870 τὸν
2056 1805 2200 1888 ἡγε-

273 1913 449 1995 μόνα
488 1919 732 1976 τοῦτον
777 1910 1146 1993 ἀπαγαγεῖν
1181 1911 1257 1975 τὸ
1306 1910 1758 2001 στρατόπεδον
1804 1908 1876 1974 ἐκ
1919 1920 2056 1975 τῶν
2093 1933 2204 1976 πε-

188 2033 244 2074 15
275 2018 487 2084 δινῶν
522 2020 744 2084 τόπων
773 2019 868 2095 εἰς
902 2017 1027 2102 τὴν
1063 2017 1362 2104 ὀρεινήν·
1401 2016 1474 2083 έν
1511 2017 1719 2103 ταύτῃ
1756 2013 1830 2083 δὲ
1862 2019 2204 2083 πνεόντων

271 2134 551 2209 ψυχρῶν
612 2121 877 2207 ἀνέμων
935 2122 1047 2188 καὶ
1099 2135 1235 2189 τῶν
1296 2126 1707 2208 ναματιαίων
1763 2122 2031 2187 ὑδάτων
2092 2147 2203 2189 κα-

275 2237 514 2316 θαρῶν
570 2229 863 2312 ῥεόντων
907 2231 1073 2315 πρὸς
1123 2230 1357 2306 αὐταῖς
1411 2240 1555 2306 ταῖς
1598 2240 1871 2313 πηγαῖς,
1918 2229 2206 2295 ἀπαλλα-

277 2345 476 2420 γῆναι
529 2345 645 2418 τῆς
689 2338 899 2401 νόσου
936 2338 1030 2402 ’τὸ
1078 2337 1547 2421 στρατόπεδον.
1640 2335 2085 2419 ὀνομάζεσθαι
2131 2333 2206 2401 δὲ

279 2450 395 2526 τῆς
448 2442 729 2528 ὀρεινῆς·
764 2443 884 2507 τὸν
938 2444 1146 2508 τόπον
1198 2451 1443 2507 τοῦτον
1497 2444 1775 2528 Μηρόν,
1831 2438 1988 2507 καθ’
2041 2442 2121 2508 ὃν
2168 2443 2204 2509 ὁ

182 2566 255 2606 .2o
281 2551 622 2625 Διόνυσος
670 2546 971 2633 ἐξέτρεψε
1006 2550 1124 2625 τὰς
1168 2550 1487 2633 δυνάμεις
1532 2547 1605 2614 ἐκ
1640 2558 1756 2631 τῆς
1800 2551 2037 2614 νόσου·
2083 2547 2199 2635 ἀφ’

282 2648 365 2718 οὗ
430 2656 511 2738 δὴ
577 2652 686 2720 καὶ
750 2658 908 2731 τοὺς
947 2653 1271 2739 Ἕλληνας
1335 2653 1487 2741 περὶ
1548 2665 1671 2721 τοῦ
1732 2661 1902 2721 θεοῦ
1963 2658 2207 2722 τούτου

277 2758 822 2845 παραδεδωκέναι
857 2771 999 2837 τοῖς
1044 2759 1620 2847 μεταγενεστέροις
1655 2762 2043 2847 τεθράφθαι
2086 2764 2206 2828 τὸν

278 2868 627 2931 Διόνυσον
673 2865 748 2932 ἐν
784 2874 990 2954 μηρῷ.
1065 2867 1226 2949 μετὰ
1264 2863 1341 2931 δὲ
1376 2875 1584 2932 ταῦτα
1619 2876 1734 2951 τῆς
1773 2869 2206 2951 παραθέσεως
2244 2890 2275 2938 5

273 2981 411 3035 τῶν
446 2982 721 3056 καρπῶν
766 2970 1249 3056 ἐπιμεληθέντα
1296 2973 1727 3056 μεταδιδόναι
1771 2983 1912 3049 τοῖς
1944 2969 2203 3057 Ἰνδοῖς,

190 3095 248 3136 25
275 3074 386 3141 καὶ
431 3077 557 3161 τὴν
602 3077 870 3163 εὕρεσιν
914 3086 1038 3142 τοῦ
1085 3083 1278 3143 οἴνου
1325 3077 1437 3143 καὶ
1481 3088 1617 3143 τῶν
1663 3080 1886 3144 ἄλλων
1929 3090 2066 3144 τῶν
2112 3082 2206 3155 εἰς

273 3184 393 3248 τὸν
452 3185 606 3266 βίον
661 3186 1003 3270 χρησίμων
1060 3186 1498 3267 παραδοῦναι.
1588 3188 1756 3272 πρὸς
1812 3182 1885 3249 δὲ
1942 3185 2204 3259 τούτοις

272 3290 534 3355 πόλεών
588 3313 658 3355 τε
714 3288 1081 3374 ἀξιολόγων
1135 3297 1507 3376 γενηθῆναι
1564 3290 1864 3376 κτίστην,
1926 3311 2204 3373 μεταγα-

416 3487 449 3536 ὅ
487 3473 592 3570 οὗ]’
623 3473 702 3537 ὧν
740 3481 802 3537 F
879 3553 903 3567 ..
930 3488 996 3537 10
1032 3483 1131 3551 τῆς
1167 3501 1275 3540 om.
1318 3482 1409 3538 CD
1531 3487 1598 3536 14
1634 3481 1862 3552 τοῦτον]
1900 3476 2114 3533 τούτων
2151 3476 2201 3530 D

275 3548 692 3680 ἒῗδέἴαῖαὸτῃ]
735 3549 994 3609 ἕνταυθα
1034 3553 1139 3610 OF
1243 3560 1313 3608 23
1352 3550 1720 3614 καταθέσεως
1754 3551 1807 3604 ΙΙ
1915 3556 1985 3603 24
2019 3567 2202 3617 παρα-
