2569 4061
1053 306 1132 360 111
1169 311 1253 361 35.
1295 311 1380 362 36.
2065 306 2196 373 317

272 471 646 554 φαινόμενα
690 471 879 556 λόφω
925 471 1368 553 παραπλήσια.
1450 477 1542 556 τῷ
1589 467 1712 554 μὲν
1758 464 1885 536 οὖν
1931 467 2200 553 μεγέθει
2237 473 2269 521 2

271 585 406 640 τῶν
454 573 805 660 ῥηθέντων
853 575 1121 659 θηρίων
1158 574 1283 639 οὐκ
1329 575 1414 649 ἄν
1449 597 1550 651 τις
1587 574 1833 662 ῥᾳδίως
1872 575 2197 659 συγκατά-

272 686 494 746 θοιτο·
577 677 731 765 περὶ
804 676 881 744 δὲ
953 689 1089 744 τῶν
1163 682 1494 763 μεγίστων
1565 681 1831 765 θηρίων
1903 690 2039 746 τῶν
2108 682 2203 759 είς

277 788 438 865 ὄψιν
474 786 904 871 ἐληλυθότων
937 785 1050 852 καὶ
1087 785 1552 870 κομισθέντων
1588 788 1663 852 ἔν
1697 802 1875 852 τισιν
1912 787 2203 870 ἀγγείοις

218 910 247 952 5
275 892 582 972 εὐθέτοις
612 895 707 970 εἰς
733 894 858 977 τὴν
884 890 1392 978 Ἀλεξάνδρειαν
1427 895 1851 977 ποιησόμεθα
1885 893 2010 976 τὴν
2047 891 2204 957 ἀνα-

273 1002 564 1091 γραφήν,
603 998 1078 1086 προστιθέντες
1103 997 1215 1066 καὶ
1242 1006 1361 1084 τῆς
1394 1002 1614 1085 θήρας
1648 1000 1772 1082 τὴν
1806 1000 1972 1065 κατὰ
2007 996 2206 1084 μέρος

277 1107 682 1192 οἰκονομίαν.
776 1106 813 1171 ὁ
869 1108 994 1192 γὰρ
1053 1107 1363 1192 δεύτερος
1418 1110 1864 1191 Πτολεμαῖος,
1925 1107 2083 1190 περί
2134 1126 2205 1169 τε
2244 1124 2275 1172 3

273 1212 397 1295 τὴν
433 1222 568 1277 τῶν
604 1210 988 1296 ἐλεφάντων
1022 1214 1353 1297 κυνηγίαν
1399 1208 1866 1297 φιλοτιμηθεὶς
1910 1208 2023 1275 καὶ
2065 1219 2206 1287 τοῖς

276 1319 392 1395 τὰς
418 1318 840 1405 παραδόξους
865 1320 1084 1403 θήρας
1101 1328 1237 1383 τῶν
1266 1318 1736 1403 ἀλκιμωτάτων
1765 1316 1949 1407 ζῴων
1976 1337 2207 1383 ποιου-

197 1444 252 1483 ιο
280 1423 506 1508 μένοις
534 1426 821 1509 μεγάλας
849 1421 1201 1508 ἀπονέμων
1238 1426 1513 1510 δωρεάς,
1549 1426 1763 1490 πολλὰ
1799 1421 1875 1490 δὲ
1907 1426 2208 1510 χρήματα

280 1532 667 1613 δαπανήσας
702 1532 798 1608 εἰς
831 1530 1082 1613 ταύτην
1125 1530 1249 1612 τὴν
1296 1529 1681 1614 ἐπιθυμίαν,
1730 1529 2092 1615 ἐλέφαντάς
2136 1552 2207 1595 τε

282 1637 572 1718 συχνοὺς
624 1635 1023 1720 πολεμιστὰς
1076 1636 1587 1720 περιεποιήσατο
1641 1632 1753 1699 καὶ
1807 1645 1942 1699 τῶν
1988 1636 2209 1699 ἄλλων

283 1736 468 1828 ζῴων
515 1740 946 1828 ἀθεωρήτους
989 1739 1102 1806 καὶ
1146 1738 1569 1827 παραδόξους
1614 1740 1851 1825 φύσεις
1900 1738 2210 1822 ἐποίησεν

280 1847 376 1923 εἰς
420 1856 674 1929 γνῶσιν
719 1846 947 1912 ἐλθεῖν
991 1855 1133 1924 τοῖς
1160 1844 1457 1930 ’Ἐλλησω
1548 1846 1655 1911 διὸ
1700 1846 1821 1910 καί
1858 1866 2033 1921 τινες
2075 1854 2211 1909 τῶν
2249 1866 2284 1915 4

201 1972 253 2013 15
279 1963 613 2038 κυνηγῶν,
670 1954 959 2040 ὁρῶντες
1012 1955 1135 2038 τὴν
1178 1962 1303 2019 τοῦ
1347 1950 1670 2037 βασιλέως
1715 1953 2213 2037 μεγαλοψυχίαν

283 2058 358 2125 ἐν
410 2070 555 2137 ταῖς
608 2062 920 2147 δωρεαῖς,
980 2059 1474 2147 συστραφέντες
1528 2062 1623 2137 εἰς
1681 2060 1912 2125 ἱκανὸν
1954 2062 2214 2141 πλῆθος
2282 2109 2287 2110 ff

261 2164 556 2252 ’ἔκριναν
604 2166 1111 2253 παραβαλέσθαι
1155 2178 1300 2245 ταῖς
1343 2176 1615 2252 ψυχαῖς,
1671 2163 1783 2231 καὶ
1835 2174 1971 2231 τῶν
2015 2164 2214 2249 μεγά-

282 2277 420 2339 λων
475 2275 700 2358 ὄφεων
754 2273 874 2340 ἕνα
918 2275 1374 2360 θηρεύσαντες
1419 2273 1819 2358 ἀνακομίσαι
1865 2274 2074 2350 ζῶντα
2120 2272 2215 2347 εἰς

284 2380 408 2463 τὴν
455 2378 959 2467 Ἀλεξάνδρειαν
1011 2382 1179 2467 πρὸς
1229 2381 1352 2446 τὸν
1399 2383 1835 2463 Πτολεμαῖον.
1928 2377 2214 2462 μεγάλης
2253 2397 2284 2446 5

204 2505 260 2544 20
290 2482 350 2548 δ’
388 2486 593 2569 οὔσης
619 2486 730 2553 καὶ
755 2486 1140 2573 παραδόξου
1176 2495 1293 2571 τῆς
1330 2486 1661 2570 ἐπιβολῆς,
1697 2485 1739 2568 ἡ
1776 2485 1940 2568 τύχη
1980 2499 2216 2569 συνερ-

286 2591 547 2674 γήσασα
600 2601 742 2670 ταῖς
796 2591 1120 2670 ἐπινοίαις
1173 2592 1398 2658 αὐτῶν
1449 2590 1561 2657 καὶ
1610 2593 1685 2657 τὸ
1731 2589 1919 2667 τέλος
1965 2591 2214 2656 οἰκεῖον

286 2702 707 2783 περιεποίησε
770 2708 886 2783 τῆς
948 2697 1260 2785 πράξεως.
1355 2697 1841 2774 σκοπεύσαντες
1899 2697 2028 2782 γὰρ
2093 2695 2214 2763 ἕνα

286 2814 422 2870 τῶν
477 2806 701 2889 ὄφεων
755 2807 1110 2891 τριάκοντα
1155 2816 1386 2890 πηχῶν
1434 2806 1860 2890 διατρίβοντα
1905 2801 2057 2889 περὶ
2099 2805 2215 2881 τὰς

287 2911 639 2989 συστάσεις
673 2923 808 2977 τῶν
842 2912 1132 2995 ὑδάτων,
1168 2912 1289 2977 τὸν
1326 2907 1448 2996 μὲν
1485 2913 1691 2977 ἄλλον
1716 2913 1965 2996 χρόνον
1993 2908 2220 2994 ἀκίνη-

208 3035 261 3077 25
287 3039 409 3082 τον
462 3026 584 3083 τοῦ
640 3018 941 3103 σώματος
994 3020 1068 3084 τὸ
1122 3018 1435 3102 κύκλωμα
1494 3025 1855 3103 τηροῦντα,
1916 3016 2081 3081 κατὰ
2142 3010 2219 3078 δὲ

287 3124 404 3201 τὰς
458 3121 850 3207 ἐπιφανείας
901 3133 1036 3189 τῶν
1093 3125 1204 3189 διὰ
1257 3124 1382 3206 τὴν
1439 3123 1645 3201 δίψαν
1701 3119 1886 3211 ζῴων
1930 3118 2216 3203 φοιτών-

431 3358 464 3406 3
493 3352 740 3423 θηρίων]
771 3352 993 3421 θηρίων
1023 3347 1217 3421 ὄφεων
1259 3347 1497 3420 codices,
1527 3346 1723 3420 ὄφεων
1750 3347 1907 3403 Eioh.
2054 3354 2086 3402 6
2115 3348 2216 3417 τῆς

292 3421 554 3490 Dindorf,
605 3422 705 3493 τῆς
755 3419 903 3477 κατὰ
954 3419 1122 3491 μέρος
1174 3423 1394 3478 codices
1575 3416 1721 3475 κατὰ
1769 3418 1937 3489 μέρος
1986 3434 2095 3473 om.
2135 3416 2225 3472 OF

293 3497 327 3547 8
365 3493 667 3563 κυνηγίαν]
694 3492 891 3564 θήραν
923 3493 971 3549 O
1077 3500 1143 3549 10
1179 3491 1273 3565 δὲ]
1311 3489 1467 3547 πάνυ
1506 3491 1632 3546 add.
1667 3489 1822 3560 vulg.
1935 3493 2000 3542 17
2038 3506 2224 3558 παρα-

298 3560 609 3637 βάλλεσθαι
643 3565 693 3619 D
838 3563 939 3628 τὰς
973 3562 1163 3636 ’ψυχὰς
1196 3562 1474 3619 Hertlein.
