2569 4061
1120 257 1201 313 111
1241 264 1286 315 1.
1319 265 1368 315 2.
2066 259 2196 323 269

447 423 788 499 Αἰθίοπας
821 424 1057 488 τοίνυν
1095 422 1440 509 ἱστοροῦσι
1475 422 1778 507 πρώτους
1815 420 2198 506 ἀνθρώπων
2226 423 2269 487 2

267 527 581 594 ἁπάντων
653 526 1034 613 γεγονέναι,
1120 526 1232 593 καὶ
1304 529 1421 605 τὰς
1494 527 1862 607 ἀποδείξεις
1941 527 2198 593 τούτων

267 635 588 721 ἐμφανεῖς
641 630 823 701 εἷναί
871 651 1099 719 φασιν.
1190 634 1293 699 ὅτι
1347 630 1470 718 μὲν
1516 634 1645 720 γὰρ
1703 634 1827 699 οὐκ
1877 633 2200 718 ἐπήλυδες

267 741 615 826 ἐλθόντες,
681 736 824 807 ἀλλ’
877 741 1167 826 ἐγγενεῖς
1232 742 1422 818 ὄντες
1473 748 1591 823 τῆς
1644 741 1862 826 χώρας
1929 741 2201 818 δικαίως

214 869 242 910 5
272 849 684 933 αὐτόχθονες
720 848 1177 933 ὀνομάζονται,
1225 847 1466 933 σχεδὸν
1502 847 1681 931 παρὰ
1726 856 1888 912 πᾶσι
1926 861 2201 929 συμφω-

271 960 569 1022 νεῖσθαι·
617 955 720 1021 ὅτι
757 951 831 1020 δὲ
867 956 1026 1031 τοὺς
1062 953 1193 1019 ὑπὸ
1235 954 1361 1036 τὴν
1397 956 1814 1066 με’σημβρίαν
1853 953 2203 1029 οἰκοῦντας

270 1066 568 1128 πιθανόν
614 1062 754 1127 ἐστι
807 1061 1113 1148 πρώτους
1159 1060 1291 1126 ὑπὸ
1345 1068 1462 1144 τῆς
1505 1068 1627 1143 γῆς
1681 1059 2200 1143 ἐζωογονῆσθαι,

271 1164 614 1257 προφανὲς
656 1168 983 1254 ὑπάρχειν
1030 1168 1261 1232 ἅπασι·
1311 1175 1429 1251 τῆς
1471 1167 1601 1253 γὰρ
1646 1164 1799 1255 περὶ
1843 1168 1963 1232 τὸν
2008 1167 2203 1250 ἥλιον

271 1279 641 1361 θερμασίας
679 1272 1254 1361 ἀναξηραινούσης
1289 1274 1414 1358 τὴν
1450 1282 1580 1358 γῆν
1606 1273 1823 1360 ὑγρὰν
1857 1268 2069 1339 οὖσαν
2108 1275 2204 1338 ἔτι

188 1401 244 1442 10
276 1377 405 1463 [δὲ]
453 1382 618 1446 κατὰ
670 1381 794 1464 τὴν
839 1391 974 1445 τῶν
1020 1379 1198 1445 ὅλων
1241 1378 1509 1463 γένεσιν
1564 1377 1675 1447 καὶ
1721 1379 2204 1464 ζωογονούσης,

273 1488 452 1564 εἰκὸς
518 1483 692 1553 εἶναι
748 1489 868 1553 τὸν
932 1486 1266 1571 ἐγγυτάτω
1329 1489 1538 1551 τόπον
1603 1488 1766 1552 ὄντα
1822 1495 1945 1552 τοῦ
2009 1486 2205 1570 ἡλίου

274 1603 543 1678 πρῶτον
597 1593 889 1676 ἐνεγκεῖν
944 1594 1182 1678 φύσεις
1235 1590 1591 1677 ἐμψύχους.
1682 1591 1851 1676 φασὶ
1907 1590 1982 1657 δὲ
2041 1585 2197 1676 παρ’
2241 1611 2273 1659 2

279 1696 506 1775 αὐτοῖς
548 1699 835 1785 πρώτοις
869 1693 1391 1785 καταδειχθῆναι
1434 1700 1642 1776 θεοὺς
1677 1706 1875 1783 τιμᾶν
1919 1694 2030 1763 καὶ
2076 1701 2206 1761 θυ-

281 1807 430 1881 σίας
464 1803 784 1871 ἐπιτελεῑν
819 1803 930 1871 καὶ
967 1805 1231 1890 πομπὰς
1266 1801 1378 1869 καὶ
1413 1803 1819 1889 πανηγύρεις
1853 1799 1964 1868 καὶ
1999 1802 2207 1867 τᾶλλα

193 1929 249 1972 15
280 1907 369 1975 δι’
412 1905 508 1976 ὧν
544 1912 897 1997 ἄνθρωποι
932 1912 1007 1976 τὸ
1046 1916 1242 1976 θεῖον
1277 1919 1545 1994 τιμῶσι·
1593 1909 1699 1975 διὸ
1736 1904 1847 1972 καὶ
1881 1908 2005 1991 τὴν
2041 1903 2198 1992 παρ’

169 2041 276 2093 175
296 2017 525 2095 αὐτοῖς
569 2015 916 2102 εὐσέβειαν
954 2017 1442 2103 διαβεβοῆσθαι
1476 2016 1655 2102 παρὰ
1699 2022 1905 2080 πᾶσιν
1941 2012 2208 2099 ἀνθρώ-

276 2148 459 2206 ποις,
506 2123 619 2190 καὶ
665 2127 893 2191 δοκεῖν
937 2125 1054 2202 τὰς
1098 2119 1254 2210 παρ’
1304 2125 1599 2200 Αἰθίοψι
1647 2123 1897 2198 θυσίας
1940 2118 2199 2204 μάλιστ’

276 2228 452 2299 εἶναι
497 2240 588 2320 τῷ
637 2233 963 2320 δαιμονίῳ
1010 2228 1502 2317 κεχαρισμένας.
1586 2229 1887 2315 μάρτυρα
1936 2223 2010 2293 δὲ
2055 2228 2208 2292 τού·
2245 2248 2277 2297 3

276 2363 415 2404 των
446 2336 848 2425 παρέχονται
874 2340 994 2403 τὸν
1030 2338 1490 2422 πρεσβύτατον
1518 2335 1760 2420 σχεδὸν
1786 2331 1899 2400 καὶ
1922 2334 2209 2419 ’μάλιστα

197 2462 254 2504 20
280 2442 416 2509 τῶν
480 2454 775 2528 ποιητῶν
836 2445 1351 2528 θαυμαζόμενον
1406 2437 1564 2528 παρ’
1601 2439 1901 2526 Ἕλλησι·
1966 2448 2209 2506 τοῦτον

279 2551 410 2637 γὰρ
465 2552 627 2616 κατὰ
679 2551 804 2635 τὴν
843 2544 1089 2615 Ἰλιάδα
1144 2549 1573 2635 παρεισάγειν
1625 2550 1746 2613 τόν
1800 2570 1870 2612 τε
1917 2550 2054 2612 Δία
2099 2544 2210 2613 καὶ

277 2659 439 2734 τοὺς
497 2658 742 2734 ἄλλους
804 2653 944 2742 μετ’
1009 2655 1217 2721 αὐτοῦ
1275 2657 1484 2732 θεοὺς
1548 2654 2057 2739 ἀποδημοῦντας
2117 2656 2211 2731 εἰς

278 2765 656 2830 Αἰθιοπίαν
709 2766 877 2851 πρός
931 2786 1001 2828 τε
1062 2763 1177 2839 τὰς
1231 2764 1480 2838 θυσίας
1538 2762 1655 2839 τὰς
1714 2758 2213 2845 ἀπονεμομένας

281 2869 511 2947 αὐτοῖς
576 2867 717 2936 κατ’
780 2872 925 2947 ἔτος
998 2866 1109 2933 καὶ
1174 2868 1462 2953 εὐωχίαν
1532 2868 1768 2952 κοινὴν
1832 2869 2010 2953 παρὰ
2072 2877 2212 2943 τοῖς

201 2992 254 3034 25
283 2978 604 3059 Αἰθίοψι,

466 3084 635 3159 Ζεὺς
671 3083 798 3168 γὰρ
835 3081 902 3158 ἐς
942 3080 1240 3146 ὠκεανὸν
1277 3076 1416 3164 μετ’
1453 3079 1799 3164 ἀμύμονας
1825 3078 2213 3159 Αἰθιοπῆας

461 3191 691 3273 χθιζὸς
752 3190 871 3272 ἔβη
936 3188 1098 3272 μετὰ
1161 3187 1387 3269 δαῖτα,
1441 3183 1597 3251 θεοὶ
1661 3181 1722 3250 δ’
1776 3184 1910 3268 ἅμα
1972 3182 2215 3258 πάντες

1461 3291 1719 3358 ἕποντο.
1768 3309 1770 3311 ’

429 3456 463 3506 5
491 3458 880 3523 συμφωνεῖται
908 3450 1146 3520 οοᾶὶοοει,
1177 3467 1319 3506 corr.
1338 3450 1520 3504 WesS.
1597 3453 1631 3502 8
1658 3443 1903 3516 ὑπάρχει
1928 3444 1984 3498 ΙΙ
2050 3449 2118 3498 10
2147 3440 2218 3499 δὲ

287 3520 473 3577 delevi
581 3529 651 3578 24
690 3519 938 3578 εὐωδίαν
974 3522 1069 3577 DF
1144 3517 1301 3592 παρὰ
1338 3520 1482 3591 τοῖς]
1519 3514 1661 3589 παρ’
1701 3512 1898 3579 αύτοῖς
1934 3522 2052 3580 τοῖς
2086 3513 2216 3572 DF.
