2569 4061
5 85 2561 127 ἡ

379 392 511 458 390
1047 390 1355 447 DIODORI
1392 390 1627 447 SICULI

379 568 515 622 τῶν
571 558 860 638 πολλῶν,
920 563 1164 620 τοῦτον
1220 558 1718 639 κληρονομῆσαι
1775 554 1900 637 τὴν
1953 563 2090 618 τῶν
2145 575 2317 639 προ-

381 659 792 747 γενεστέρων
819 663 1214 747 προαίρεσίν
1247 683 1319 725 τε
1355 658 1467 725 καὶ
1505 659 1725 737 δόξαν.
1773 658 1897 725 οὐκ
1926 656 2034 723 ἐπὶ
2060 661 2314 725 τούτου

382 763 456 831 δὲ
502 769 719 851 μόνου
757 771 1093 852 συμβῆναι
1130 768 1204 832 τὸ
1242 764 1745 853 προειρημένον,
1793 765 1961 830 ἀλλὰ
1995 764 2108 830 καὶ
2145 769 2314 850 μετὰ

307 895 341 942 4
378 870 561 939 ταῦτ’
616 872 723 958 ἐφ’
778 873 1194 961 Ἡρακλέους.
1289 874 1485 938 δυοῖν
1528 874 1657 958 γαρ
1703 874 1917 938 ὄντων
1961 882 2099 937 τῶν
2142 893 2311 957 προ-

377 980 785 1063 γενεστέρων
829 992 965 1046 τῶν
1010 982 1133 1064 τὴν
1169 979 1380 1063 αὐτὴν
1416 978 1790 1063 ἐσχηκότων
1824 980 2308 1064 προσηγορίαν,
2340 999 2369 1039 5

376 1089 499 1152 τὸν
551 1085 674 1172 μὲν
728 1087 1166 1173 ἀρχαιότατον
1220 1084 1552 1173 (Ηρακλέα
1606 1090 2144 1170 μυθολογεῖσθαι
2198 1110 2308 1168 γε-

376 1193 650 1275 γονέναι
711 1188 866 1277 παρ’
918 1194 1347 1275 Αἰγυπτίοις,
1409 1189 1522 1257 καὶ
1583 1194 1840 1274 πολλὴν
1902 1200 2019 1275 τῆς
2082 1194 2308 1257 οἰκου-

378 1297 580 1383 μένης
622 1309 762 1374 τοῖς
807 1298 1038 1375 ὅπλοις
1080 1299 1704 1384 καταστρεψάμενον
1740 1297 1996 1362 θέσθαι
2032 1299 2155 1382 τὴν
2197 1297 2304 1362 ἐπὶ

376 1411 494 1485 τῆς
530 1403 789 1486 Λιβύης
827 1405 1099 1488 στήλην,
1145 1406 1264 1469 τὸν
1304 1401 1378 1470 δὲ
1417 1405 1733 1491 δεύτερον
1771 1403 1843 1469 ἐκ
1879 1406 2148 1490 Κρήτης
2183 1403 2303 1470 ἕνα

374 1519 510 1574 τῶν
560 1506 823 1575 Ἰδαίων
878 1511 1040 1576 ὄντα
1083 1512 1457 1577 Δακτύλων
1510 1509 1620 1575 καὶ
1665 1509 2043 1595 Ξγενόμενον
2096 1513 2307 1594 γόητα
2338 1534 2393 1572 10

374 1613 486 1681 καὶ
514 1619 956 1704 στρατηγικὸν
985 1622 1450 1702 συστήσασθαι
1477 1619 1598 1683 τὸν
1619 1616 2020 1703 Ὀλυμπικὸν
2050 1617 2304 1700 ἀγῶνα·

373 1724 496 1788 τὸν
559 1721 635 1789 δὲ
695 1729 1078 1791 τελευταῖον
1142 1727 1382 1810 μικρὸν
1453 1725 1582 1810 πρὸ
1648 1735 1783 1789 τῶν
1857 1729 2172 1810 Τρωικῶν
2236 1724 2303 1802 ἐξ

366 1828 734 1916 Ἀλκμήνης
790 1829 903 1897 καὶ
961 1833 1131 1908 Διὸς
1186 1829 1608 1896 τεκνωθέντα
1672 1831 1928 1914 πολλὴν
1993 1831 2304 1897 ἐπελθεῖν

373 1947 489 2022 τῆς
525 1934 939 2021 οἰκουμένης,
978 1937 1438 2022 ὑπηρετοῦντα
1475 1948 1615 2014 τοῖς
1651 1935 2063 2024 Εὐρυσθέως
2095 1955 2302 2022 προσ-

303 2065 336 2115 5
372 2047 716 2130 τάγμασιν.
807 2043 1200 2129 ἐπιτυχόντα
1257 2039 1332 2109 δὲ
1376 2052 1537 2108 πᾶσι
1580 2054 1722 2121 τοῖς
1766 2045 2005 2120 ἄθλοις
2048 2041 2303 2111 θέσθαι
2337 2065 2391 2106 15

374 2148 497 2236 μὲν
542 2150 655 2217 καὶ
701 2153 951 2235 στήλην
995 2152 1120 2235 τὴν
1166 2148 1274 2215 ἐπὶ
1318 2160 1432 2234 τῆς
1478 2150 1838 2236 Εὐρώπης,
1901 2152 2013 2216 διὰ
2061 2148 2133 2217 δὲ
2177 2153 2305 2235 τὴν

373 2257 764 2343 ὁμωνυμίαν
798 2257 911 2324 καὶ
945 2258 1069 2341 τὴν
1103 2266 1221 2341 τῆς
1264 2254 1706 2343 προαιρέσεως
1750 2257 2106 2342 ὁμοιότητα
2151 2261 2303 2345 χρό-

372 2388 513 2431 νων
567 2364 1055 2451 ἐπιγενομένων
1108 2366 1590 2448 τελευτήσαντα
1644 2369 2142 2450 κληρονομῆσαι
2186 2368 2304 2444 τὰς

370 2484 507 2538 τῶν
553 2470 1004 2559 ἀρχαιοτέρων
1051 2470 1350 2558 πράξεις,
1407 2472 1496 2548 ὡς
1551 2469 1700 2548 ἑνὸς
1744 2468 2151 2558 εΗρακλέους
2195 2497 2303 2556 γε-

302 2598 335 2647 6
371 2581 649 2661 γονότος
695 2578 769 2643 ἐν
812 2577 1011 2643 παντὶ
1056 2586 1148 2667 τῷ
1193 2580 1523 2664 πρότερον
1569 2579 1779 2643 αἰῶνι.
1851 2576 2020 2665 ὑπὲρ
2070 2576 2144 2644 δὲ
2179 2589 2300 2645 τοῦ
2332 2598 2387 2637 2⁰

371 2688 642 2760 πλειόυς
680 2684 1068 2761 Διονύσους
1101 2682 1451 2766 γεγονέναι
1489 2686 1619 2749 σὺν
1656 2685 1888 2761 ἄλλαις
1924 2683 2301 2764 ἀποδείξεσι

369 2800 730 2874 πειρῶνται
794 2787 1026 2876 φέρειν
1079 2791 1201 2873 τὴν
1256 2787 1330 2854 έκ
1383 2797 1499 2873 τῆς
1560 2794 2068 2876 Τιτανομαχίας·
2134 2809 2300 2877 συμ-

372 2894 820 2981 φωνουμένου
866 2897 994 2982 γαρ
1039 2897 1218 2982 παρὰ
1261 2905 1467 2961 πᾶσιν
1513 2896 1615 2961 ὅτι
1659 2900 2002 2975 Διόνυσος
2044 2906 2136 2986 τῷ
2178 2897 2301 2963 Διὶ

371 3005 878 3088 συνηγωνίσατο
906 3004 1026 3069 τὸν
1053 3004 1218 3090 πρὸς
1243 3003 1403 3079 τοὺς
1439 3006 1722 3080 Τιτᾶνας
1746 3004 2059 3088 πόλεμον,
2099 3004 2300 3069 οὐδα-

373 3123 511 3197 μῶς
553 3110 832 3197 πρέπειν
879 3108 1045 3196 φασὶ
1079 3111 1205 3196 τὴν
1240 3120 1377 3174 τῶν
1422 3109 1721 3175 Τιτάνων
1758 3110 1998 3193 γενεὰν
2034 3109 2298 3176 τιθέναι
2330 3128 2382 3170 25

369 3221 537 3284 κατὰ
590 3221 747 3295 τοὺς
791 3226 909 3301 τῆς
953 3216 1252 3302 Σεμέλης
1296 3218 1583 3302 χρόνους
1629 3213 1788 3282 οὐδὲ
1833 3217 2115 3301 Κάδμον
2158 3218 2280 3282 τὸν
2300 3238 2411 3289 244

363 3320 724 3408 Ἀγήνορος
806 3324 1307 3407 ἀποφαίνεσθαι
1388 3322 1844 3409 πρεσβύτερον
1915 3317 2089 3389 εἶναι
2161 3334 2297 3389 τῶν

548 3516 579 3563 3
619 3508 816 3603 μόνονν
833 3512 887 3565 II
1040 3520 1075 3568 4
1114 3532 1270 3568 οντοι
1252 3531 1306 3565 ιν
1349 3512 1398 3567 0
1548 3517 1581 3566 6
1618 3509 1990 3582 ἀρχαιότερον
2028 3515 2081 3570 II
2230 3522 2296 3569 10

366 3573 505 3658 γόητ
473 3580 569 3646 τοι]
607 3599 806 3647 γενναι
791 3588 874 3637 ”ov
902 3582 951 3635 D
1065 3589 1130 3638 16
1167 3582 1292 3653 καὶ]
1330 3577 1508 3637 αὐτὸν
1544 3582 1959 3639 add.Hert1ein
2066 3591 2136 3640 22
2164 3582 2296 3655 τὴν]

367 3639 466 3693 τὸν
503 3644 578 3711 D,
617 3649 781 3701 καὶτ
749 3647 853 3717 τὴν
889 3652 954 3706 A.
2047 3703 2052 3708 .
