2569 4061
869 366 966 422 DE
1005 366 1403 425 CODICIBUS.
1968 371 2102 427 XIII

148 530 382 617 (quam
429 553 637 596 vocem
683 535 915 596 codices
962 534 1129 594 ABD
1172 535 1326 596 falso
1377 554 1488 616 pro
1533 535 1888 617 παραίτησιν
1933 537 2099 598 exhi-

151 626 344 714 bent)
388 663 467 674 -
511 634 616 708 91,
645 633 683 691 5
722 630 989 710 καθαροί
1021 663 1107 673 --
1150 635 1250 712 92,
1279 636 1322 693 4
1357 637 1704 715 κατηγορεῖν
1739 665 1829 676 —-
1864 634 1929 694 11
1969 637 2027 712 7,
2058 637 2099 694 4

151 731 371 804 ὀπτάς.
442 730 722 791 Desierat
766 747 911 805 ergo
956 729 1243 791 librarius
1290 731 1342 790 Ε
1386 732 1584 808 priore
1633 731 1962 809 exemplari
2005 732 2100 792 uti

152 833 421 907 eiusque
455 829 588 889 loco
623 829 1025 903 usurpaverat
1057 828 1280 888 librum
1320 828 1616 889 secundae
1651 829 1881 906 classis,
1919 847 2098 906 quem

150 928 360 991 codici
406 925 452 986 Ο
499 924 871 988 simillimum
913 924 1104 985 fuisse
1149 925 1289 986 hinc
1331 925 1682 1003 intelleges:

248 1070 280 1128 I
323 1068 432 1142 85,
461 1069 503 1126 4
548 1062 840 1146 λέγοντες]
888 1061 990 1125 καὶ
1033 1061 1268 1146 λέγουσι
1314 1065 1413 1126 ΟΕ

213 1167 284 1227 Π
372 1168 432 1243 4,
464 1167 501 1224 6
551 1161 742 1236 εὐθὺς
788 1154 927 1240 οὖν]
974 1161 1221 1235 τούτους
1266 1162 1576 1241 μαθόντας
1621 1160 1733 1242 τὴν
1770 1160 1965 1223 αἰτίαν
2001 1160 2102 1223 καὶ

560 1261 695 1320 add.
743 1258 788 1320 Ο

558 1355 804 1429 τούτους
844 1355 1159 1434 μαθόντας
1212 1351 1323 1433 τὴν
1381 1355 1673 1436 ἀλήθειαν
1718 1356 1820 1420 καὶ
1865 1360 1997 1420 add.
2044 1360 2097 1420 E

329 1461 435 1536 17,
468 1461 500 1517 1
554 1455 839 1534 μυριάδες
885 1499 900 1514 .
945 1451 1220 1533 ’ὑπῆρχον
1266 1448 1332 1512 δὲ
1378 1474 1491 1516 om.
1539 1455 1636 1515 ΟΕ

323 1557 434 1629 41,
466 1557 501 1613 2
553 1551 637 1623 εἰς
680 1550 820 1623 τοὺς
874 1546 1200 1629 πολέμους]
1249 1547 1334 1623 εἰς
1377 1549 1441 1611 τὸ
1486 1553 1807 1632 πολεμίους
1852 1549 2097 1632 ἀποτρέ-

557 1670 694 1709 πειν
740 1640 884 1707 ΟΒΕ

324 1750 434 1822 54,
465 1750 500 1808 6
551 1741 877 1821 ἀνάκωλοι]
925 1741 1027 1803 καὶ
1072 1741 1154 1822 μὴ
1200 1743 1566 1824 πολύσαρκοι
1613 1746 1746 1807 add.
1793 1745 1890 1806 ΟΕ

379 1845 458 1905 ib.
557 1839 833 1922 λαγαραί]
882 1837 984 1901 καὶ
1029 1837 1493 1922 συνεσφνγμέναι
1528 1839 1632 1913 τὰς
1668 1839 1924 1921 λαγόνας
1962 1843 2097 1902 add.

327 2043 437 2117 56,
462 2043 501 2099 4
549 2034 651 2098 καὶ
693 2037 969 2115 καθάπερ
1016 2033 1427 2117 ἐπιγλωττίδας
1464 2034 1665 2110 αὐτοῖς
1702 2029 2100 2114 ἐκπεφυκέναι

560 2135 673 2194 del.
721 2128 811 2213 ΟΒ,
858 2154 975 2195 om.
1019 2133 1070 2193 Ε

184 2236 285 2295 ΙΠ
328 2238 431 2312 17,
462 2236 497 2292 2
548 2229 934 2311 θρεμμάτων]
982 2230 1303 2311 προβάτων
1349 2230 1447 2291 ΟΕ

330 2334 431 2410 19,
463 2334 498 2392 6
548 2326 901 2405 ποιούμενοι
947 2325 1362 2404 κυκλούμενον
1420 2325 1768 2406 ἰδιοτρόπως
1813 2323 1915 2386 τὸν
1939 2327 2097 2405 ’βίον

560 2423 760 2505 ἔχουσι
793 2418 925 2504 παρ’
969 2422 1109 2485 ὅλον
1153 2421 1256 2484 τὸν
1302 2420 1519 2500 αἰῶνα]
1566 2431 1881 2485 ποιοῦνται
1917 2444 2101 2485 manu

560 2522 890 2584 recentiore
937 2541 1086 2583 corr.
1135 2525 1197 2582 et
1242 2525 1446 2583 cetera
1490 2522 1604 2582 del.
1643 2515 1742 2601 0²3
1786 2530 2100 2583 ποιοῦνται

563 2620 777 2680 ceteris
824 2620 1061 2680 omissis
1105 2619 1157 2677 E

201 2720 297 2782 IV
339 2722 443 2795 31,
475 2723 509 2779 7
560 2715 662 2777 καὶ
723 2714 863 2789 τοὺς
927 2714 1278 2795 ἀμπελῶνας
1342 2715 1619 2776 σκάπτειν
1693 2714 2099 2798 ἀναγκάζοντα

562 2834 675 2875 om.
724 2813 823 2875 ΟΕ

330 2916 433 2986 61,
468 2916 500 2972 1
555 2910 720 2983 δίκας
758 2910 939 2970 αἰτῶν
968 2954 984 2969 .
1004 2953 1018 2970 .
1048 2908 1272 2988 φόνου]
1306 2909 1542 2970 δικάσαι
1569 2908 1672 2971 τὸν
1701 2953 1715 2970 .
1736 2956 1751 2972 .
1780 2908 1977 2988 φόνον
1998 2910 2094 2972 ΟΕ

354 3062 431 3121 In
488 3061 701 3138 quinto
757 3061 1013 3138 denique
1067 3060 1223 3120 libro
1283 3061 1568 3121 librarius
1612 3060 1663 3119 Ε
1709 3061 1915 3137 rediit,
1972 3063 2096 3124 sive

171 3180 286 3222 suo
332 3158 586 3228 arbitrio
643 3158 768 3219 sive
812 3158 1017 3234 inopia.
1074 3160 1344 3237 coactuS,
1399 3157 1477 3217 ad
1531 3159 1837 3235 exemplar
1880 3159 2099 3235 prioris

171 3255 388 3317 classis
437 3257 619 3331 atque
663 3254 823 3326 finit,
878 3254 941 3313 id
995 3254 1158 3332 quod
1210 3255 1383 3316 nobis
1429 3255 1494 3314 in
1538 3256 1843 3316 codicibus
1888 3255 2099 3315 distin-

175 3351 433 3432 guendis
472 3351 644 3428 signo
683 3355 792 3427 esb,
837 3351 904 3411 in
937 3353 1230 3413 vocabulo
1266 3348 1557 3433 κατέσχεν.
1600 3384 1675 3394 -
1718 3351 1955 3424 Anceps
1992 3349 2101 3425 igi-
2203 3425 2208 3434 .

173 3453 280 3509 tm.-
326 3450 424 3509 est
468 3449 651 3508 codex
699 3448 767 3527 Ε,
813 3468 885 3509 ex
929 3452 1183 3527 utraque
1233 3450 1529 3511 librorum
1573 3450 1764 3524 stirpe
1811 3442 2103 3501 contami-

173 3549 387 3619 natus,
441 3544 533 3604 ita
583 3547 789 3606 tamen
842 3548 914 3605 ut
968 3547 1158 3608 maior
1211 3547 1341 3608 eius
1395 3566 1535 3624 pars
1589 3563 1657 3605 se
1714 3536 1982 3613 applicet
2026 3533 2103 3594 ad

177 3640 506 3703 secundam
548 3644 819 3704 classem.
