2569 4061
384 353 517 419 458
1054 351 1362 407 monom
1399 350 1632 406 SICULI

384 514 497 582 καὶ
540 525 680 592 τοῖς
725 515 954 591 ἄλλοις
999 514 1396 601 ἀνθρώποις,
1424 514 1840 600 παράδειγμα
1885 513 2009 596 τὴν
2056 510 2320 578 ἑαυτῶν

386 624 481 698 εἰς
525 622 646 686 τὸν
689 622 858 687 θεὸν
914 618 1259 704 εὐσέβειαν
1306 618 1770 697 ἀποδείξαντες
1813 616 2315 704 προετρέψαντο

384 730 458 794 τὸ
515 724 639 812 μὲν
693 738 958 813 πρῶτον
1014 727 1307 802 ἅπαντας
1342 724 1701 809 Ἕλληνας,
1757 726 1919 809 μετὰ
1973 721 2048 790 δὲ
2102 735 2315 792 ταῦτα

383 831 494 899 καὶ
539 836 697 911 τοὺς
742 835 907 900 κατὰ
947 835 1071 917 τὴν
1117 829 1519 916 οἰκουμένην
1566 831 1971 916 ἀνθρώπους
2016 831 2314 909 ἅπαντας

314 959 350 1008 2
389 940 479 1018 ὡς
522 942 692 1006 θεὸν
736 949 935 1025 τιμᾶν
979 941 1098 1005 τὸν
1133 935 1479 1023 “Ηρακλέα.
1569 937 1984 1023 προσθετέον
2032 936 2093 1002 δ’
2147 938 2312 1022 ἡμῖν
2339 965 2370 1007 5

383 1058 524 1124 τοϊς
560 1045 933 1133 εἰρημένοις
970 1046 1071 1110 ὅτι
1108 1046 1270 1129 μετὰ
1306 1046 1430 1128 τὴν
1467 1041 1853 1110 ἀποθέωσιν
1891 1045 2099 1109 αὐτοῦ
2139 1048 2311 1121 Ζεὺς

369 1151 589 1238 ’Ἠραν
634 1149 757 1236 μὲν
794 1154 1056 1217 ἔπεισεν
1099 1150 1628 1234 υἱοποιήσασθαι
1673 1152 1794 1216 τὸν
1817 1148 2150 1237 Ἡρακλέα
2192 1150 2311 1216 καὶ

380 1261 456 1325 τὸ
503 1259 738 1323 λοιπὸν
795 1259 888 1334 εἰς
944 1259 1064 1323 τὸν
1117 1258 1377 1322 ἅπαντα
1430 1259 1680 1342 χρόνον
1733 1260 1980 1343 μητρὸς
2033 1257 2308 1322 εὔνοιαν

378 1361 817 1449 παρέχεσθαι,
872 1363 996 1446 τὴν
1054 1359 1128 1428 δὲ
1186 1362 1509 1429 τέκνωσιν
1574 1363 1894 1447 γενέσθαι
1952 1361 2115 1448 φασὶ
2167 1387 2307 1429 τοι-

378 1469 616 1552 αύτην·
681 1470 805 1553 τὴν
844 1467 1065 1555 ’Ἠραν
1130 1468 1477 1553 ἀναβᾶσαν
1543 1467 1649 1535 ἐπὶ
1712 1472 1949 1553 κλίνην
2013 1466 2123 1534 καὶ
2184 1472 2307 1536 τὸν
2337 1503 2394 1541 10

369 1572 698 1659 ‘Hpocul-e‘oc
762 1576 1318 1661 προσλαβομένην
1371 1577 1536 1661 πρὸς
1600 1577 1674 1640 τὸ
1742 1586 1929 1659 σῶμα
1995 1575 2108 1639 διὰ
2168 1586 2304 1641 τῶν

381 1680 772 1767 ἐνδυμάτων
819 1682 1090 1767 ἀφεῖναι
1133 1685 1301 1768 πρὸς
1345 1683 1469 1765 τὴν
1514 1690 1673 1766 γῆν,
1720 1679 2136 1766 μιμουμένην
2181 1684 2304 1766 τὴν

379 1787 715 1872 ἀληθινὴν
761 1787 1051 1872 γένεσιν·
1099 1790 1261 1874 ὅπερ
1308 1788 1501 1874 μέχρι
1540 1797 1663 1855 τοῦ
1708 1797 1838 1854 νῦν
1883 1799 2102 1854 ποιεῖν
2145 1793 2304 1866 τοὺς

375 1896 760 1980 βαρβάρους
807 1896 968 1961 ὅταν
1030 1896 1235 1960 θετὸν
1292 1897 1446 1960 υἱὸν
1501 1901 1841 1960 ποιεῖσθαι
1906 1896 2298 1978 βούλωνται.

304 2019 339 2068 3
376 2002 500 2085 τὴν
549 1996 609 2066 δ’
633 1999 852 2087 ’Ἠραν
888 2002 1052 2086 μετὰ
1095 2002 1219 2086 τὴν
1262 2000 1586 2068 τέκνωσιν
1631 2006 2090 2087 μυθολογοῦσι
2136 2015 2298 2066 συν·
2331 2033 2386 2073 15

376 2112 621 2174 οικίσαι
684 2110 808 2193 τὴν
846 2107 1067 2192 ’Ήβην
1130 2117 1220 2197 τῷ
1260 2105 1603 2195 “Ηρακλεῖ,
1667 2107 1820 2195 περὶ
1873 2104 1953 2192 ἧς
2014 2106 2124 2175 καὶ
2179 2112 2299 2175 τὸν

372 2216 655 2299 ποιητὴν
700 2213 1071 2281 τεθεικέναι
1117 2216 1281 2281 κατὰ
1326 2217 1450 2299 τὴν
1498 2218 1799 2281 Νεκυίαν
2240 2197 2246 2209 ’

463 2323 766 2405 εἴδωλον,
814 2322 1011 2399 αὐτὸς
1060 2318 1134 2387 δὲ
1179 2320 1319 2406 μετ’
1364 2321 1761 2387 ἀθανάτοισι
1806 2328 2029 2386 θεοῖσι

460 2427 764 2516 τέρπεται
811 2428 885 2494 ἐν
930 2432 1202 2506 θαλίαις
1247 2428 1361 2495 καὶ
1406 2432 1539 2513 ἔχει
1583 2430 2044 2514 καλλίσφυρον
2058 2419 2295 2513 “Ηβην.

299 2553 337 2601 4
375 2529 494 2600 τὸν
532 2533 594 2601 δ’
633 2531 757 2601 οὖν
777 2534 1107 2622 “Ηρακλέα
1143 2533 1416 2619 λέγουσι
1442 2538 1971 2619 καταλεγόμενον
2007 2536 2137 2600 ὑπὸ
2175 2545 2297 2602 τοῦ
2323 2565 2378 2604 20

372 2641 541 2717 Διὸς
587 2644 682 2719 εἰς
725 2645 883 2718 τοὺς
929 2643 1188 2707 δώδεκα
1240 2646 1449 2719 θεοὺς
1494 2643 1582 2726 μὴ
1629 2640 2127 2727 προσδέξασθαι
2172 2644 2297 2726 τὴν

369 2747 566 2830 τιμὴν
633 2747 908 2829 ταύτην·
974 2746 1312 2812 ἀδύνατον
1374 2749 1502 2833 γὰρ
1566 2743 1653 2831 ἦν
1714 2757 1958 2813 τοῦτον
2025 2753 2295 2814 καταλε-

371 2858 621 2937 χθῆναι
666 2853 755 2935 μὴ
802 2854 1130 2937 πρότερον
1167 2850 1316 2931 ἑνὸς
1356 2864 1491 2919 τῶν
1540 2855 1797 2920 δώδεκα
1831 2859 2017 2920 θεῶν
2062 2854 2295 2938 ἐκβλη-

367 2957 633 3035 θέντος·
671 2959 921 3024 ἄτοπον
959 2953 1084 3025 οὖν
1121 2954 1295 3025 εἶναι
1330 2959 1827 3045 προσδέξασθαι
1853 2961 2053 3044 τιμὴν
2091 2957 2292 3050 ἑτέρω

367 3073 507 3156 θεῷ
555 3064 898 3152 φέρουσαν
947 3066 1229 3151 ἀτιμίαν.
2318 3094 2370 3135 25

547 3171 719 3259 Περὶ
755 3169 878 3256 μὲν
909 3167 1034 3238 οὖν
1054 3169 1459 3258 Ἡρακλέους
1495 3176 1559 3237 εἰ
1590 3171 1699 3238 καὶ
1727 3173 2290 3257 πεπλεονάκαμεν,

363 3275 507 3343 ἀλλ’
554 3273 678 3343 οὖν
742 3274 946 3344 οὐδὲν
998 3289 1135 3343 τῶν
1197 3276 1815 3363 μυθολογουμένων
1869 3278 2022 3365 περὶ
2081 3279 2290 3344 αὐτοῦ

402 3529 415 3549 x
504 3471 535 3518 9
574 3465 929 3535 παρέξεσθαι
965 3467 1013 3521 D
1181 3476 1247 3524 10
1288 3467 1407 3540 ἐπὶ]
1448 3466 1541 3524 ἐπὶ
1577 3466 1681 3537 τὴν
1720 3471 1875 3540 vulg.
2033 3478 2101 3526 20
2139 3469 2286 3526 κατὰ

357 3550 421 3584 το
462 3535 771 3603 λεγόμενον
813 3537 917 3591 OF
1084 3547 1149 3593 21
1190 3540 1645 3611 προσδέξασθαι]
1683 3537 1816 3602 τοὺς
1851 3539 2032 3605 θεοὺς
2069 3542 2198 3597 add.
2235 3541 2284 3595 D

357 3603 426 3650 22
464 3606 896 3672 καταδεχθῆναι
931 3606 997 3662 D.
