2569 4061
386 287 519 352 340
1051 283 1361 342 Dlonoffl
1397 284 1628 340 s10UL1

389 450 845 536 ἀργυροειδεῖς
896 448 1147 524 τύπους
1199 445 1311 514 ἐπὶ
1353 458 1488 513 τῶν
1540 448 1997 534 κιονοκράνων
2052 450 2316 533 ἔχοντα.

316 579 347 628 ’1
386 559 502 633 τὰς
546 549 610 620 δ’
654 555 909 639 ὀροφὰς
953 555 1063 620 καὶ
1097 555 1320 639 θύρας
1363 564 1640 639 χρυσαῖς
1681 555 1954 639 φιάλαις
1998 559 2320 621 λιθοκολ-

389 664 611 745 λήτοις
674 658 787 727 καὶ
843 671 1124 738 πυκναῖς
1184 662 1599 744 διειληφότες
1661 662 1926 727 ἅπασαν
1988 661 2116 745 τὴν
2175 673 2317 728 τῶν

388 770 620 833 οἰκιῶν
647 770 812 834 κατὰ
838 766 1038 853 μέρος
1074 768 1464 851 οἰκοδομίαν
1491 770 1883 851 πεποίηνται
1908 769 2316 852 θαυμαστὴν

386 886 531 952 ταῖς
575 878 1051 952 πολυτελείαις·
1098 875 1179 939 τὰ
1223 869 1346 960 μὲν
1382 875 1509 958 γὰρ
1556 873 1622 953 ἐξ
1659 873 1958 960 ἀργύρου
2002 871 2116 939 καὶ
2152 898 2314 960 χρυ-
2350 897 2380 937 5

392 991 547 1066 σοῦ,
607 984 689 1047 τὰ
745 976 807 1047 δ’
859 980 926 1061 ἐξ
980 978 1341 1066 ἐλέφαντος
1384 979 1496 1046 καὶ
1549 992 1683 1046 τῶν
1735 982 2315 1067 διαπρεπεστάτων

390 1092 627 1175 λίθων,
672 1091 769 1154 ἔτι
814 1083 889 1152 δὲ
923 1098 1059 1152 τῶν
1105 1088 1328 1153 ἄλλων
1363 1098 1498 1152 τῶν
1543 1088 1957 1171 τιμιωτάτων
1999 1083 2155 1174 παρ’
2197 1087 2315 1152 ἀν-

319 1218 352 1267 8
390 1197 722 1282 θρώποις,
778 1194 1355 1259 κατεσκευάκασιν.
1445 1193 1611 1259 ἀλλὰ
1656 1194 1783 1278 γὰρ
1840 1188 2028 1259 οὗτοι
2073 1190 2194 1278 μὲν
2238 1193 2314 1260 ἐκ

389 1306 659 1366 πολλῶν
713 1302 977 1385 χρόνων
1019 1300 1144 1383 τὴν
1199 1300 1638 1384 εὐδαιμονίαν
1691 1299 2060 1366 ἀσάλευτον
2114 1302 2315 1385 ἔσχον

279 1414 284 1420 “
391 1407 502 1470 διὰ
555 1407 631 1470 τὸ
686 1411 1024 1482 παντελῶς
1078 1406 1537 1487 ἀπεξενῶσθαι
1590 1417 1725 1471 τῶν
1783 1408 1894 1471 διὰ
1952 1407 2076 1490 τὴν
2133 1408 2315 1473 ἰδίαν
2347 1429 2405 1468 10

389 1510 779 1591 πλεονεξίαν
816 1510 1091 1598 ἕρμαιον
1126 1511 1522 1598 ἡγουμένων
1557 1514 1676 1578 τὸν
1722 1512 2075 1598 ἀλλότριον
2110 1517 2314 1578 πλοῦ-

392 1643 530 1685 τον.
622 1617 664 1703 ἡ
723 1615 798 1684 δὲ
850 1621 1014 1685 κατὰ
1067 1621 1348 1696 τούτους
1400 1621 1700 1686 θάλαττα
1753 1620 1952 1703 λευκὴ
2005 1622 2318 1704 φαίνεται

392 1727 516 1811 τὴν
561 1729 793 1813 χρόαν,
841 1721 1012 1791 ὥσθ’
1064 1727 1197 1810 ἅμα
1241 1726 1612 1811 θαυμάζειν
1657 1727 1731 1791 τὸ
1777 1725 2158 1813 παράδοξον
2204 1725 2316 1792 καὶ

324 1853 358 1902 9
394 1833 519 1916 τὴν
572 1834 792 1898 αἰτίαν
845 1840 967 1898 τοῦ
1024 1834 1510 1916 συμβαίνοντος
1565 1832 1904 1917 ἐπιζητεῖν.
1992 1840 2185 1914 νῆσοι
2242 1827 2309 1895 δ’

395 1940 787 2023 εὐδαίμονες
814 1940 1100 2023 πλησίον
1125 1938 1566 2025 ὑπάρχουσιν,
1596 1940 1865 2024 ἔχουσαι
1892 1940 2112 2016 πόλεις
2139 1936 2311 2003 ἀτει-
2342 1959 2402 2000 15

393 2052 690 2134 χίστους,
747 2046 821 2114 ἐν
877 2039 979 2124 αἶς
1033 2047 1112 2112 τὰ
1171 2049 1554 2132 βοσκήματα
1608 2049 1824 2113 πάντα
1879 2047 2120 2130 λευκὴν
2181 2049 2318 2131 ἔχει

392 2156 515 2238 τὴν
561 2157 799 2241 χρόαν,
846 2153 958 2220 καὶ
1001 2166 1143 2233 τοῖς
1195 2156 1478 2238 θήλεσιν
1523 2154 1744 2220 αὐτῶν
1800 2154 1924 2219 οὐκ
1970 2153 2316 2239 ἐπιφύεται

392 2263 468 2327 τὸ
506 2264 809 2328 καθόλου
844 2261 1056 2348 κέρας.
1131 2264 1226 2340 εἰς
1260 2262 1506 2340 ταύτας
1542 2257 1600 2325 δ’
1637 2264 1915 2346 ἔμποροι
1959 2262 2299 2326 πάντοθεν
2316 2284 2428 2334 216

393 2366 857 2450 καταπλέουσι,
897 2370 1179 2451 μάλιστα
1219 2362 1280 2432 δ’
1316 2368 1388 2434 έκ
1420 2369 1754 2453 Ποτάνας,
1781 2368 1867 2452 ἣν
1888 2365 2318 2456 Ἀλέξανδρος

396 2473 594 2561 ᾤκισε
639 2474 820 2558 παρὰ
863 2474 982 2538 τὸν
1022 2471 1238 2539 Ἰνδὸν
1282 2478 1613 2560 ποταμόν,
1660 2476 2097 2559 ναύσταθμον
2144 2478 2317 2561 ἔχειν
2344 2494 2401 2534 20

393 2581 802 2662 βουλόμενος
846 2587 963 2662 τῆς
1006 2581 1185 2664 παρὰ
1227 2581 1350 2646 τὸν
1397 2582 1694 2647 ὠκεανὸν
1747 2586 2094 2666 παραλίου.
2168 2580 2317 2666 περὶ

396 2680 519 2769 μὲν
566 2678 690 2748 οὖν
735 2693 852 2768 τῆς
896 2685 1115 2770 χώρας
1159 2685 1270 2751 καὶ
1315 2698 1450 2752 τῶν
1495 2686 1569 2752 ἐν
1616 2687 1782 2774 αὐτῇ
1827 2686 2316 2754 κατοικούντων

396 2789 953 2876 ἀρκεσθησόμεθα
996 2803 1137 2868 τοῖς
1183 2792 1570 2880 εἰρημένοις.

288 2896 376 2963 48
577 2896 748 2985 Περὶ
779 2894 853 2963 δὲ
889 2909 1023 2964 τῶν
1049 2901 1213 2965 κατὰ
1249 2902 1369 2967 τὸν
1399 2900 1690 2988 οὐρανὸν
1727 2902 2085 2990 ὁρωμένων
2112 2925 2316 2989 παρα-

401 3004 618 3084 δόξων
665 3004 738 3071 ἐν
782 3016 923 3085 τοῖς
967 3009 1195 3084 τόποις
1240 3007 1323 3071 οὐ
1368 3009 1864 3093 παραλειπτέον.
1928 3012 2317 3096 θαυμασιώ-
2345 3028 2398 3068 25

397 3136 599 3179 τατον
653 3113 775 3198 μέν
832 3113 969 3179 ἐστι
1022 3115 1098 3178 τὸ
1154 3113 1308 3200 περὶ
1360 3116 1483 3198 τὴν
1539 3117 1784 3200 ἄρκτον
1841 3117 2318 3205 ἱστορούμενον

397 3216 509 3282 καὶ
537 3222 852 3304 πλείστην
882 3220 1169 3305 ἀπορίαν
1191 3224 1645 3306 παρεχόμενον
1672 3234 1814 3301 τοῖς
1838 3224 2317 3309 πλοϊζομένοις·

542 3412 570 3459 1
623 3403 715 3462 ἐπὶ
751 3430 798 3463 τ.
837 3431 887 3466 κ.
925 3408 1136 3472 τύπους
1172 3412 1268 3466 vul
1313 3453 1325 3466 .
1471 3417 1503 3465 5
1549 3410 1658 3484 γὰρ
1696 3431 1805 3470 om.
1842 3415 1993 3486 vulg.
2145 3421 2209 3472 18
2254 3413 2318 3472 τὸ

398 3488 505 3528 om.
544 3476 594 3527 D
761 3485 826 3534 19
876 3477 940 3535 ἐκ
984 3480 1193 3548 Βὴοᾱ.,
1241 3502 1268 3537 ε
1296 3503 1323 3545 ς
1369 3482 1591 3537 codices
1735 3491 1803 3538 22
1853 3481 2231 3542 ἐνοικούντων
2266 3487 2319 3542 11

398 3545 467 3591 26
504 3541 610 3606 μὲν
647 3544 713 3612 D,
752 3546 858 3615 μὲν
895 3541 999 3603 οὖν
1034 3551 1187 3618 vulg.
