2569 4061
987 924 1319 992 ΒΙΒΛΟΣ
1365 925 1646 991 ΤΡΙΤΗ.

542 1199 693 1260 Τῶν
745 1195 875 1279 πρὸ
929 1194 1171 1278 ταύτης
1225 1196 1480 1278 βίβλων
1534 1193 1732 1258 δυοῖν
1787 1191 2013 1257 οὐσῶν
2066 1192 2107 1276 ἡ
2159 1189 2284 1277 μὲν

353 1301 578 1384 πρώτη
615 1297 902 1385 περιέχει
937 1301 1055 1377 τὰς
1089 1301 1256 1365 κατὰ
1300 1301 1424 1384 τὴν
1460 1304 1809 1382 Αἴγυπτον
1844 1298 2112 1385 πράξεις
2146 1310 2283 1365 τῶν

355 1406 649 1491 ἀρχαίων
696 1403 1026 1490 βασιλέων
1071 1402 1184 1470 καὶ
1227 1406 1310 1470 τὰ
1345 1404 1906 1490 μυθολογούμενα
1950 1402 2103 1490 περὶ
2147 1416 2283 1470 τῶν

354 1509 507 1598 παρ’
552 1514 949 1596 Αἰγυπτίοις
1007 1518 1224 1595 θεῶν,
1282 1512 1452 1598 πρὸς
1511 1508 1587 1577 δὲ
1638 1512 1902 1589 τούτοις
1954 1510 2107 1598 περὶ
2160 1520 2283 1577 τοῦ
2311 1531 2340 1573 5

354 1621 611 1685 Νείλου
655 1617 768 1685 καὶ
811 1629 948 1684 τῶν
993 1618 1068 1685 έν
1115 1618 1283 1704 αὐτῇ
1335 1616 1696 1703 φυομένων
1740 1628 2013 1704 καρπῶν
2041 1623 2129 1684 ’τε
2174 1616 2284 1685 καὶ

353 1727 802 1792 παντοδαπῶν
868 1723 1084 1815 ζῴων,
1159 1726 1322 1811 περί
1375 1747 1447 1790 τε
1508 1733 1627 1809 τῆς
1696 1726 2100 1801 τοποθεσίας
2170 1733 2287 1809 τῆς

359 1833 619 1917 [οὔσης]
670 1833 1021 1916 Αἰγύπτου
1063 1829 1176 1896 καὶ
1219 1840 1356 1896 τῶν
1400 1832 1705 1916 νομίμων
1741 1835 1878 1897 τῶν
1922 1831 2099 1916 παρὰ
2140 1840 2287 1906 τοῖς

358 1939 702 2025 ἐγχωρίοις
754 1937 865 2003 καὶ
910 1948 1046 2003 τῶν
1102 1939 1578 2022 δικαστηρίων,
1625 1936 1667 2021 ἡ
1717 1933 1791 2002 δὲ
1847 1934 2121 2024 δευτέρα
2164 1936 2284 2014 τὰς

356 2048 521 2112 κατὰ
564 2048 688 2131 τὴν
718 2044 945 2112 Ἀσίαν
993 2042 1132 2128 [καὶ
1165 2046 1311 2127 τὰς]
1359 2044 1433 2110 ἐν
1469 2055 1609 2122 τοῖς
1647 2044 1947 2131 ἀρχαίοις
1982 2047 2287 2110 συντελε-
2317 2066 2374 2106 10

357 2157 638 2231 σθείσας
682 2153 947 2240 πράξεις
983 2152 1115 2219 ὑπὸ
1152 2163 1289 2218 τῶν
1315 2149 1716 2238 Ἀσσυρίων,
1761 2151 1838 2218 ἐν
1875 2143 1981 2229 αἶς
2026 2150 2208 2217 ἐστιν
2244 2152 2288 2236 ἥ

356 2281 426 2325 τε
463 2260 918 2346 Σεμιράμιδος
953 2258 1213 2343 γένεσις
1256 2256 1369 2325 καὶ
1405 2257 1702 2343 αὔξησις,
1748 2255 1906 2323 καθ’
1948 2257 2036 2341 ἣν
2073 2260 2290 2324 ἔκτισε

356 2362 482 2450 μὲν
518 2369 892 2450 Βαβυλῶνα
927 2363 1040 2431 καὶ
1075 2367 1330 2442 πολλὰς
1364 2366 1569 2442 ἄλλας
1603 2367 1847 2448 πόλεις,
1894 2362 2290 2450 ἐστράτευσε

359 2468 434 2537 δὲ
491 2470 598 2537 ἐπὶ
661 2472 786 2557 τὴν
823 2469 1114 2555 Ἰνδικὴν
1178 2471 1494 2556 μεγάλαις
1549 2472 1942 2557 δυνάμεσιν·
2008 2471 2156 2556 ἑξῆς
2213 2469 2289 2538 δὲ

356 2575 509 2662 περὶ
545 2587 680 2642 τῶν
708 2578 1065 2642 Χαλδαίων
1100 2574 1211 2642 καὶ
1246 2585 1364 2661 τῆς
1401 2573 1557 2664 παρ’
1592 2578 1818 2656 αὐτοῖς
1851 2589 1988 2644 τῶν
2025 2580 2289 2667 ἄστρων
2317 2597 2371 2639 15

357 2684 904 2770 παρατηρήσεως,
963 2680 1074 2747 καὶ
1129 2679 1280 2769 περὶ
1334 2690 1454 2768 τῆς
1501 2680 1810 2769 Ἀραβίας
1862 2682 1975 2749 καὶ
2028 2695 2164 2751 τῶν
2214 2683 2290 2752 έν

359 2787 525 2874 αὐτῇ
585 2786 1011 2875 παραδόξων,
1071 2790 1232 2876 περί
1276 2811 1348 2854 τε
1402 2798 1519 2874 τῆς
1571 2794 1874 2855 Σκυθῶν
1928 2793 2288 2876 βασιλείας,

358 2893 468 2961 καὶ
524 2891 677 2982 περὶ
726 2888 1132 2980 Ἀμαζόνων,
1187 2895 1301 2963 καὶ
1362 2899 1437 2963 τὸ
1501 2902 1884 2963 τελευταῖον
1937 2896 2091 2984 περὶ
2152 2908 2290 2963 τῶν
2355 2971 2360 2975 ,

291 3025 323 3075 3
350 2998 820 3091 Ὑπερβορέων.
896 3000 971 3067 έν
1020 2999 1095 3068 δὲ
1138 3004 1347 3090 ταύτῃ
1384 3005 1466 3069 τὰ
1511 3012 1935 3088 συνεχῆτοῖς
1979 3018 2290 3092 προϊστο-

363 3110 676 3196 ρημένοις
722 3107 1197 3197 προστιθέντες
1244 3109 1533 3196 διέξιμεν
1578 3109 1728 3198 περὶ
1776 3112 2135 3177 Αὐθιόπων
2179 3108 2289 3176 καὶ
2319 3131 2373 3172 20

358 3228 496 3283 τῶν
542 3218 824 3301 Λιβύων
867 3215 981 3282 καὶ
1024 3226 1160 3283 τῶν
1206 3216 1715 3302 ὀνομαζομένων
1753 3213 2168 3283 Ἀτλαντίων.

481 3414 541 3494 ἱ2
581 3409 808 3495 βίβλων]
848 3409 948 3478 τῆς
986 3409 1180 3483 βίβλου
1201 3409 1267 3496 ἱ1)
1380 3416 1413 3465 8
1452 3405 1623 3492 ⁰3²²'6nc
1661 3409 1770 3464 del.
1806 3408 2015 3466 Reiske
2053 3412 2124 3481 (c.
2155 3415 2207 3479 8,
2236 3411 2294 3481 2)

361 3481 394 3527 9
431 3477 557 3546 τας]
596 3498 667 3532 τα
704 3477 835 3534 fort.
913 3485 981 3533 10
1016 3480 1117 3533 καὶ
1151 3499 1255 3543 τας
1292 3480 1403 3536 del.
1432 3480 1597 3538 Dmd.
1673 3486 1739 3535 19
1776 3478 2295 3552 προιστορισμένοις

360 3541 438 3606 D,
478 3545 909 3615 προειρημένοις
952 3548 1015 3602 F
1154 3555 1218 3603 21
1257 3545 1614 3605 Ἀτλαντίδων
1662 3549 1911 3621 codices,
1948 3568 2088 3608 corr.
2127 3551 2293 3609 Dind.
