2569 4061
757 396 1282 454 ARGUMENTUM
1312 395 1452 454 me.
1491 398 1584 454 111.
1885 399 2139 474 Lxxxv

210 512 317 563 Gap.

388 575 726 647 Aethiopiae
743 576 1148 631 describuntur.
1175 574 1583 631 Damnatorum
1597 577 1671 632 ad
1684 577 1921 634 metalla
1933 578 2135 648 ingens

385 665 647 711 numerus
670 658 727 711 et
746 673 1075 711 aerumnosa
1092 655 1228 712 vita.
1270 654 1488 725 Operae
1508 655 1565 710 in
1587 657 1834 714 metallis
1852 658 2131 729 singulae.

212 742 293 791 15.
334 735 623 805 Nationes,
662 751 806 805 quae
843 736 918 790 ad
957 736 1138 791 sinum
1167 734 1472 790 Arabicum
1504 752 1570 789 ac
1598 736 2036 808 Trogodyticam
2076 741 2136 793 et

388 814 751 886 Aethiopiam
799 817 873 871 ad
918 816 1213 871 meridiem
1251 815 1347 870 vel
1384 815 1735 870 occidentem
1780 821 2134 887 spectantem

385 895 676 952 habitant:
714 897 1145 968 Ichthyophagi.
1182 894 1408 951 Inculta
1436 894 1497 949 et
1523 895 1750 951 horrida
1777 913 1968 951 eorum
1995 898 2132 953 vita.

199 1017 204 1025 .
259 997 268 1001 ⁷
386 974 652 1030 Piscandi
686 976 849 1030 ratio.

208 1063 292 1111 16.
332 1054 496 1111 Cibos
534 1071 565 1110 e
601 1055 851 1124 piscibus
890 1057 949 1109 et
985 1053 1362 1122 conchissibi
1399 1056 1619 1125 parant.

210 1144 291 1192 17.
334 1134 720 1201 Quadriduum
755 1134 815 1190 in
851 1135 1123 1204 piscando
1162 1137 1222 1190 et
1258 1135 1474 1190 edendo
1523 1135 1886 1202 consumunt,
1934 1134 2134 1204 quinto

344 1227 349 1233 ’
386 1231 612 1285 quoque
649 1214 742 1269 die
782 1231 962 1284 aquae
999 1214 1371 1270 immoderato
1399 1216 1538 1285 potu
1575 1232 1635 1271 se
1672 1217 1945 1271 recreant.
2001 1214 2138 1269 Vita

388 1296 712 1350 morborum
752 1311 967 1364 expers,
1005 1294 1104 1350 sed
1138 1294 1339 1351 brevis.

213 1380 294 1430 18.
335 1375 487 1431 Gens
527 1392 561 1428 a
598 1375 723 1429 sinu
763 1375 1005 1430 Arabico
1043 1374 1312 1430 remotior
1350 1376 1535 1430 crudis
1582 1376 1830 1431 vescitur
1865 1375 2135 1445 piscibus,

385 1458 527 1525 potu
584 1457 752 1510 caret.
837 1453 1087 1524 Apathia
1147 1453 1514 1509 incredibilis.
1597 1453 1727 1510 Non
1780 1454 1979 1526 lingua
2035 1455 2135 1510 sed

389 1533 652 1589 manibus
690 1533 1047 1603 colloquitur.
1115 1533 1255 1587 Cum
1291 1532 1491 1604 phocis
1530 1536 1870 1590 consortium
1906 1534 2097 1591 habet.

206 1618 293 1670 19.
331 1613 631 1669 Habitatio
667 1612 967 1681 multiplex
1000 1613 1094 1666 vel
1128 1612 1190 1665 in
1228 1612 1510 1681 speluncis
1552 1614 1647 1668 vel
1684 1616 1787 1670 sub
1824 1614 1998 1670 costis
2034 1615 2133 1669 ba—

386 1693 683 1746 laenarum
733 1692 866 1760 alga
910 1691 1153 1746 obtectis
1190 1691 1282 1747 vel
1320 1693 1423 1747 sub
1462 1695 1846 1748 contextarum
1884 1694 2133 1749 olearum

388 1769 720 1824 umbraculo
766 1771 857 1824 vel
902 1770 1008 1824 sub
1059 1770 1298 1825 tumulis
1354 1773 1534 1826 musci
1588 1771 1806 1826 marini.
1879 1772 2134 1828 Mortuos

385 1848 676 1920 proiciunt
711 1848 978 1919 piscibus,

203 1938 288 1987 20.
329 1930 595 1986 Incolunt
631 1928 893 1985 nonnulli
930 1945 1196 1985 cavernas
1233 1931 1552 2001 praeruptis
1590 1930 1738 1986 saxis
1774 1933 1835 1987 et
1869 1931 2013 1986 mari
2049 1932 2132 1985 in-

382 2012 591 2080 clusas,
630 2011 995 2080 quamobrem
1030 2009 1355 2082 aborigines
1393 2011 1685 2067 habentur.

204 2096 287 2146 21.
329 2090 777 2161 Chelonophagi.
830 2090 1163 2146 Testudines
1190 2092 1438 2147 venandi
1467 2091 1629 2147 ratio,
1678 2090 1854 2146 Carne
1884 2094 1943 2147 et
1969 2090 2132 2147 testis

380 2172 632 2226 utuntur.
709 2170 1041 2242 Cetophagi.

203 2258 291 2307 22.
325 2250 593 2307 Piscandi
630 2251 831 2306 modus
867 2250 929 2305 in
966 2267 1065 2305 ora
1100 2250 1454 2320 Babyloniae
1491 2250 1728 2306 obiecta.

205 2336 292 2387 23.
328 2330 684 2401 Rhizophagi
720 2332 781 2386 in
808 2330 1117 2401 Aethiopia
1143 2345 1317 2399 supra
1343 2328 1668 2399 Aegyptum
1696 2329 1820 2385 sita.
1878 2329 1929 2382 A
1955 2329 2134 2384 leoni-

386 2411 490 2464 bus
523 2410 881 2469 infestantur.

206 2495 294 2545 24.
333 2488 654 2562 Hylophagi
693 2492 753 2546 et
790 2489 1279 2562 Spermatophagi.
1334 2490 1550 2547 Horum
1586 2505 1769 2546 mores
1806 2493 2074 2560 agrestes.

207 2574 291 2626 2⁵.
331 2570 642 2640 Aethiopes
679 2571 1024 2626 Venatores.
1069 2570 1325 2625 Venatus
1362 2572 1619 2627 ferarum.

203 2655 290 2706 26.
330 2655 416 2706 27.
454 2650 765 2719 Aethiopes
804 2650 1228 2721 elephantorum
1265 2655 1579 2708 venatores.

206 2736 293 2786 28.
331 2729 642 2800 Aethiopes
671 2729 812 2784 Simi
841 2732 899 2785 et
930 2729 1365 2801 Struthophagi3
1404 2732 1780 2788 struthionum
1809 2731 2130 2802 descriptio.

204 2817 288 2867 29.
328 2810 735 2882 Acridophagi.
818 2810 1089 2866 Locustae
1144 2810 1405 2880 capiendi
1460 2813 1658 2867 modus
1715 2814 1775 2866 et
1818 2828 1849 2866 e
1895 2810 2129 2867 locustis

380 2893 613 2961 paratus
651 2889 828 2946 cibus.
903 2889 1297 2946 Pediculorum
1334 2892 1530 2946 morbo
1567 2890 1951 2947 conficiuntur.

203 2977 287 3026 30.
329 2969 743 3040 Acridophagis
772 2969 1090 3040 propinqua
1118 2970 1274 3039 regio
1305 2971 1378 3026 ob
1406 2987 1670 3040 magnam
1695 2968 2131 3040 phalangiorum

381 3052 442 3107 et
479 3051 838 3121 scorpionum
873 3050 989 3111 vim
1028 3049 1300 3104 desolata.

202 3138 287 3186 31.
329 3130 667 3201 Cynamolgi
702 3128 767 3183 in
802 3132 1052 3186 extremo
1088 3128 1323 3184 meridie
1362 3129 1550 3199 positi.
1608 3131 1786 3186 Boum
1812 3130 2133 3186 Indicorum

379 3208 609 3266 venatio
645 3224 749 3279 per
785 3225 968 3266 canes.

205 3296 290 3347 32.
334 3289 691 3360 Trogodytae
729 3290 847 3346 sive
884 3288 1188 3346 Nomades.
1262 3289 1530 3345 Mulieres
1568 3304 1907 3353 communes,
1944 3283 2129 3339 victus

382 3388 418 3425 a
452 3386 672 3439 pecore,
709 3370 861 3439 quod
887 3369 1189 3440 parentum
1218 3369 1343 3424 loco
1372 3369 1601 3424 habent.
1656 3368 1846 3435 Botus‚
1882 3361 2129 3418 habitus,

384 3448 804 3506 Circumcidunt
838 3448 1132 3520 genitalia.
1239 3476 1242 3479 >
1912 3446 1917 3461 '

201 3534 289 3585 83.
331 3528 557 3599 Species
587 3529 1038 3601 Trogodytarum
1065 3528 1377 3597 Megabari.
1443 3523 1750 3579 Peculiaris
1787 3521 2045 3607 funerum
2075 3518 2134 3571 et

385 3606 730 3678 proeliorum
788 3607 950 3664 ratio,
1033 3607 1247 3662 Infirmi
1303 3607 1501 3674 sponte
1554 3600 1759 3655 finiunt
1811 3597 1988 3652 vltam
2035 3597 2134 3646 auf*

380 3684 607 3758 impune
646 3687 718 3742 ab
757 3688 886 3744 aliis
923 3686 1353 3742 interficiuntur.
