2569 4061
409 308 540 373 518
1077 308 1385 365 DIODORI
1423 303 1655 365 SICULI

410 471 574 535 ὅλου
611 470 911 554 σώματος
950 472 1283 555 διάθεσιν,
1333 473 1499 539 ὥστε
1539 474 1763 537 δοκεῖν
1811 465 1987 537 εἶναι
2021 448 2096 535 τὸ
2136 494 2375 536 κατα-

338 602 370 651 3
409 573 784 642 σκευασθὲν
848 580 1148 664 ἔμψυχον
1215 582 1397 666 ζῷον.
1502 589 1762 665 πρῶτος
1825 574 1888 641 δ’
1943 577 2374 661 ὀμματώσας

406 681 517 748 καὶ
547 684 989 769 διαβεβηκότα
1023 687 1103 750 τὰ
1133 683 1332 769 σκέλη
1369 688 1676 769 ποιήσας,
1713 687 1810 748 ἔτι
1848 681 1921 749 δὲ
1956 685 2074 760 τὰς
2108 694 2369 771 χεῖρας

408 790 878 876 διατεταμένας
923 803 1158 875 ποιῶν,
1206 794 1476 869 εἰκότως
1514 790 1921 875 ἐθαυμάζετο
1967 791 2148 876 παρὰ
2196 802 2365 870 τοῖς

407 895 827 984 ἀνθρώποις·
888 899 959 963 οἰ
998 899 1124 983 γὰρ
1185 899 1315 983 πρὸ
1361 898 1606 963 τούτου
1651 907 1940 981 τεχνῖται
1984 899 2360 963 κατεσκεύ-
2393 921 2425 961 5

407 1007 568 1083 αζον
621 1007 703 1069 τὰ
748 1004 1090 1089 ἀγάλματα
1145 1028 1217 1069 το
1226 1014 1284 1081 ἴς
1332 1001 1454 1089 μὲν
1510 1006 1758 1089 ὄμμασι
1803 1006 2171 1088 μεμυκότα,
2221 1006 2359 1083 τὰς

408 1107 481 1175 δὲ
546 1122 770 1196 χεῖρας
841 1113 1077 1196 ἔχοντα
1149 1110 1552 1195 καθειμένας
1621 1108 1733 1176 καὶ
1799 1121 1943 1188 ταῖς
2014 1115 2355 1197 πλευραῖς

333 1240 370 1290 4
404 1216 906 1301 κεκολλημένας.
999 1219 1036 1283 ὁ
1086 1215 1146 1282 δ’
1196 1212 1324 1283 οὖν
1374 1218 1714 1295 Δαίδαλος
1757 1219 1924 1282 κάτά
1967 1218 2091 1301 τὴν
2139 1223 2352 1302 φιλο-

403 1326 671 1407 τεχνίαν
754 1326 1262 1407 θαυμαζόμενος
1334 1325 1586 1408 ἔφυγεν
1658 1323 1732 1390 ἐκ,
1800 1332 1916 1408 τῆς
1988 1326 2344 1410 πατρίδος,

402 1425 918 1505 καταδικασθεὶς
972 1427 1079 1494 ἐπὶ
1126 1432 1318 1518 φόνω
1377 1432 1490 1495 διὰ
1533 1432 1843 1507 τοιαύτας
1890 1432 2118 1507 αἰτίας.
2213 1441 2341 1516 τῆς
2374 1456 2429 1495 ιο

404 1533 697 1619 ἀδελφῆς
734 1544 849 1618 τῆς
886 1537 1236 1603 Δαιδάλου
1277 1541 1639 1622 γενόμενος
1683 1538 1831 1612 υίὸς
1883 1537 2110 1613 Τάλως
2148 1537 2341 1604 ἐπαι-

333 1664 365 1713 5
404 1642 633 1708 δεύετο
682 1644 861 1730 παρὰ
895 1645 1238 1733 Δαιδάλῳ,
1287 1655 1442 1722 παῖς
1479 1645 1575 1709 ὢν
1621 1644 1744 1728 τὴν
1781 1642 2073 1727 ἡλικίαν·
2120 1643 2339 1729 εὐφυ-

403 1746 667 1836 έστερος
714 1745 775 1815 δ’
815 1750 911 1815 ὢν
956 1759 1078 1815 τοῦ
1126 1752 1535 1816 διδασκάλου
1569 1753 1690 1815 τόν
1735 1774 1805 1815 τε
1850 1753 2333 1835 κεραμευτικὸν

402 1858 646 1942 τροχὸν
721 1851 873 1942 εὗρε
936 1855 1049 1922 καὶ
1124 1859 1390 1940 σιαγόνι
1453 1857 1829 1942 περιτυχὼν
1904 1858 2144 1940 ὄφεως,
2211 1858 2333 1923 καὶ

400 1964 607 2050 ταύτῃ
667 1963 995 2049 ξυλήφιον
1041 1965 1279 2050 μικρὸν
1328 1965 1710 2051 διαπρίσας,
1768 1962 2120 2049 ἐμιμήσατο
2174 1962 2310 2057 ‘mv⁴
2326 1988 2438 2039 320

401 2072 772 2156 τραχύτητα
817 2081 952 2136 τῶν
1000 2071 1325 2137 ὀδόντων·
1384 2073 1616 2157 διόπερ
1667 2071 2327 2155 κατασκευασάμενος
2355 2113 2409 2151 1,ss

402 2175 474 2241 ἐκ
520 2179 806 2263 σιδήρου
851 2181 1128 2264 πρίονα,
1174 2178 1288 2243 καὶ
1336 2180 1448 2244 διὰ
1502 2179 1747 2244 τούτου
1791 2181 2039 2264 πρίζων
2084 2179 2206 2262 τὴν
2253 2177 2328 2244 ἐν

399 2294 540 2360 τοῖς
586 2285 806 2370 ἔργοις
854 2284 1129 2369 ξυλίνην
1175 2285 1380 2368 ὕλην,
1436 2284 1664 2363 ἔδοξεν
1711 2285 2077 2370 εὔχρηστον
2134 2284 2328 2371 εὑρη-

400 2388 588 2456 κέναι
653 2390 819 2475 μέγα
876 2393 1042 2477 πρὸς
1104 2392 1227 2475 τὴν
1282 2391 1668 2474 τεκτονικὴν
1731 2389 1985 2475 τέχνην.
2080 2390 2320 2475 ὁμοίως

404 2493 478 2561 δὲ
523 2495 634 2562 καὶ
669 2499 787 2563 τὸν
823 2501 1067 2584 τόρνον
1109 2497 1327 2584 εὑρὼν
1364 2496 1475 2563 καὶ
1511 2497 1701 2585 ἕτερά
1744 2521 1898 2563 τινα
1934 2501 2320 2582 φιλοτεχνή-
2346 2519 2396 2559 20

329 2625 360 2673 6
400 2625 601 2684 ματα,
653 2603 855 2681 δόξαν
904 2604 1316 2688 ἀπηνέγκατο
1374 2606 1685 2689 μεγάλην.
1780 2605 1815 2670 ὁ
1864 2600 1939 2669 δὲ
1984 2606 2320 2681 Δαίδαλος

400 2711 756 2792 φθονήσας
809 2718 900 2795 τῷ
956 2712 1175 2793 παιδί,
1242 2709 1354 2776 καὶ
1409 2714 1696 2795 νομίζων
1757 2711 1964 2776 αὐτὸν
2018 2714 2193 2776 πολὺ
2244 2720 2319 2797 τῇ

403 2814 561 2901 δόξῃ
616 2813 920 2900 προέξειν
973 2824 1096 2880 τοῦ
1154 2817 1595 2902 διδασκάλου,
1660 2819 1781 2883 τὸν
1834 2819 2042 2882 παῖδα
2098 2817 2319 2884 ἐδολο-

401 2926 675 3008 φόνησε.
731 2923 1012 2988 θάπτων
1051 2916 1110 2988 δ’
1148 2923 1354 2989 αὐτὸν
1390 2922 1500 2990 καὶ
1537 2925 2100 3010 περικατάληπτος
2136 2928 2316 3007 γενό-

398 3054 624 3114 μενος,
693 3029 1090 3116 ἐπηρωτήθη
1148 3034 1297 3096 τίνα
1354 3032 1626 3115 θάπτει,
1691 3028 1801 3095 καὶ
1857 3033 2108 3116 ἔφησεν
2164 3033 2317 3116 ὅφιν
2344 3050 2391 3092 25

400 3139 912 3223 καταχωννύειν.
1005 3139 1354 3222 θαυμάσαι
1410 3134 1472 3202 δ’
1508 3139 1591 3202 ἄν
1645 3160 1745 3213 τις
1790 3138 1866 3201 τὸ
1922 3137 2314 3222 παράδοξον,

401 3244 502 3308 ὅτι
550 3245 660 3309 διὰ
705 3246 780 3309 τὸ
829 3248 996 3333 ζῷον
1041 3243 1107 3323 ἐξ
1155 3239 1238 3309 οὗ
1283 3252 1406 3309 τοῦ
1443 3246 1720 3330 πρίονος
1765 3243 2163 3328 ἐνεθυμήθη
2198 3245 2315 3328 τὴν

572 3440 605 3488 4
642 3436 827 3488 ποιῶν
862 3435 900 3490 f.
941 3435 1049 3491 del.
1199 3441 1264 3490 11
1303 3437 1402 3504 τῆς
1463 3437 1563 3491 τοῦ
1606 3436 1670 3491 F
1812 3442 1878 3491 15
1916 3437 2174 3505 ξυλιφιον
2212 3436 2315 3492 OF

393 3506 461 3554 22
491 3521 558 3557 νο
603 3505 727 3565 ίσας
768 3504 872 3559 OF
976 3512 1044 3561 27
1083 3502 1180 3561 διὰ
1219 3523 1328 3561 om.
1521 3504 1619 3561 διὰ
1657 3508 1759 3562 τοῦ
1798 3504 1944 3578 ζῴου
1992 3507 2311 3574 Eiohstadt3

390 3569 500 3622 del.
595 3571 819 3628 ertlein.
