2569 4061
430 307 564 374 476
1092 303 1402 361 monom
1439 303 1678 360 smum

433 479 742 557 παρεῖναι
814 469 943 553 γὰρ
1016 467 1228 552 αὐτὴν
1301 466 1367 546 ἐξ
1422 464 1875 554 Ὑπερβορέων
1948 460 2049 532 ἐπ’
2121 466 2380 558 ἀγαθῷ

363 602 397 651 8
435 578 703 659 δαίμονι
747 582 827 660 τῇ
873 598 943 640 τε
989 577 1177 640 πόλει
1222 574 1402 660 πάσῃ
1448 571 1559 639 καὶ
1594 581 1686 662 τῷ
1732 576 2010 658 βασιλεῖ.
2086 576 2381 643 πάντων

434 677 508 748 δὲ
552 683 1121 768 προσκυνούντων
1155 678 1267 746 καὶ
1303 681 1652 766 τιμώντων
1686 680 1811 765 τὴν
1853 682 2022 747 θεὸν
2059 684 2380 767 θυσίαις,

432 785 544 853 καὶ
579 789 655 854 τὸ
694 789 988 855 σύνολον
1023 796 1140 873 τῆς
1175 789 1429 863 πόλεως
1465 786 1721 869 ἁπάσης
1759 790 2378 874 συνενθεαζούσης,

434 897 769 980 εἰσβαλεῖν
814 897 938 980 τὴν
972 895 1286 978 Μήδειαν
1333 894 1427 970 εἰς
1469 895 1551 957 τὰ
1593 894 1919 978 βασίλεια,
1964 891 2078 959 καὶ
2121 897 2246 960 τόν
2295 920 2377 961 τε
2403 917 2438 958 5

437 1004 693 1069 Πελίαν
739 1002 832 1078 εἰς
878 1002 1342 1086 δεισιδαίμονα
1388 999 1698 1066 διάθεσιν
1740 999 2052 1085 ἐμβαλεῖν
2095 999 2209 1066 καὶ
2244 1003 2376 1079 τὰς

435 1106 812 1194 θυγατέρας
875 1106 1084 1173 αὐτοῦ
1149 1107 1261 1172 διὰ
1325 1115 1441 1191 τῆς
1504 1108 1837 1193 τερατείας
1891 1107 1986 1183 εἰς
2041 1108 2373 1191 τοιαύτην

435 1212 838 1297 κατάπληξιν
884 1213 1159 1295 ἀγαγεῖν
1203 1213 1373 1278 ὥστε
1426 1222 1774 1279 πιστεῦσαι
1822 1214 1994 1279 διότι
2040 1214 2372 1299 πάρεστιν

435 1319 477 1401 ἡ
522 1320 683 1395 θεὸς
737 1317 1104 1402 εὐδαίμονα
1157 1320 1533 1402 ποιήσουσα
1586 1320 1705 1384 τὸν
1751 1313 1940 1384 οἶκον
1993 1328 2117 1384 τοῦ
2169 1323 2371 1402 βασι-

364 1450 399 1498 4
435 1421 626 1501 λέως·
694 1423 1095 1508 ἀπεφαίνετο
1160 1426 1289 1510 γὰρ
1353 1422 1460 1490 ἐπὶ
1525 1426 1911 1511 δρακόντων
1983 1423 2371 1509 ὀχουμένην
2398 1448 2453 1488 ιο

432 1533 558 1615 τὴν
580 1528 893 1616 ’Ἄρτεμιν
941 1525 1031 1595 δι’
1066 1528 1262 1618 ἀέρος
1308 1530 1888 1616 ὑπερπετασθῆναι
1932 1532 2147 1596 πολλὰ
2192 1529 2367 1618 μέρη

433 1646 550 1722 τῆς
606 1635 1032 1723 οἰκουμένης,
1098 1637 1210 1704 καὶ
1263 1639 1430 1724 πρὸς
1492 1637 1904 1723 καθίδρυσιν
1958 1635 2195 1721 ἑαυτῆς
2248 1638 2367 1704 καὶ

435 1746 628 1830 τιμὰς
657 1745 973 1821 αἰωνίους
991 1742 1376 1828 ἐκλελέχθαι
1393 1745 1513 1809 τὸν
1543 1741 2017 1827 εὐσεβέστατον
2043 1742 2365 1810 ἁπάντων

435 1862 572 1917 τῶν
608 1849 967 1935 βασιλέων·
1012 1847 1525 1938 προστεταχέναι
1572 1846 1634 1914 δ’
1670 1848 1836 1935 αὐτῇ
1882 1848 1994 1918 καὶ
2028 1852 2103 1915 τὸ
2146 1858 2368 1936 γῆρας

437 1959 822 2045 ἀφελοῦσαν
885 1957 958 2021 τὸ
1026 1958 1280 2021 Πελίου
1344 1956 1457 2020 διά
1519 1977 1726 2021 τινων
1786 1957 2130 2042 δυνάμεων
2189 1953 2364 2022 νέον
2400 1978 2455 2021 15

436 2069 773 2142 παντελῶς
824 2071 1097 2146 ποιῆσαι
1150 2064 1225 2129 τὸ
1282 2073 1473 2147 σῶμα
1525 2061 1637 2128 καὶ
1691 2065 1906 2129 πολλὰ
1960 2063 2145 2150 ἕτερα
2189 2065 2369 2151 πρὸς

365 2194 397 2243 5
436 2173 764 2257 μακάριον
808 2169 920 2237 καὶ
963 2175 1253 2254 θεοφιλῆ
1300 2172 1455 2254 βίον
1493 2171 1947 2255 δωρήσασθαι.
2009 2170 2367 2255 ἐκπληττο-

437 2276 645 2364 μένου
701 2275 777 2344 δε
821 2286 942 2343 τοῦ
996 2273 1321 2361 βασιλέως
1364 2279 1439 2342 τὸ
1494 2276 1875 2362 παράδοξον
1924 2288 2059 2342 τῶν
2116 2279 2368 2365 λόγων,

437 2384 960 2468 ἐπαγγείλασθαι
1031 2384 1156 2467 τὴν
1218 2383 1532 2466 Μήδειαν
1602 2392 1998 2468 παραχρῆμα
2061 2382 2171 2450 ἐπὶ
2237 2396 2368 2452 τοῦ

438 2493 741 2577 σώματος
804 2490 1041 2574 ἑαυτῆς
1111 2491 1228 2566 τὰς
1290 2490 1548 2555 τούτων
1618 2492 1872 2567 πίστεις
1937 2489 2366 2577 παρέξεσθαι.
2396 2512 2451 2553 20

437 2599 758 2663 εἰποῦσαν
803 2598 930 2681 γὰρ
978 2603 1095 2682 μιᾷ
1141 2605 1276 2660 τῶν
1317 2599 1571 2661 Πελίου
1614 2595 2010 2683 θυγατέρων
2055 2600 2369 2684 καθαρὸν

436 2700 730 2784 ἐνεγκεῖν
773 2701 991 2786 ὕδωρ,
1037 2697 1148 2765 καὶ
1192 2709 1310 2783 τῆς
1361 2699 1711 2788 παρθένου
1754 2703 1830 2768 τὸ
1888 2698 2101 2789 ῥηθὲν
2147 2704 2367 2782 εὐθὺς

435 2804 542 2873 ἐπὶ
588 2806 776 2883 τέλος
822 2806 1220 2890 ἀγαγούσης,
1268 2805 1480 2892 φασὶν
1517 2811 1612 2885 εἰς
1658 2810 1958 2877 οἰκίσκον
2000 2813 2153 2876 τινὰ
2199 2828 2368 2894 συγ-

433 2917 792 2981 κλείσασαν
840 2912 1082 2998 ἑαυτὴν
1127 2912 1241 2979 καὶ
1294 2915 1823 3001 περινιψαμένην
1868 2919 1943 2983 τὸ
1992 2928 2180 3003 σῶμα
2223 2927 2367 2985 πᾶν

436 3022 945 3089 ἀποκλύσασθαι
998 3022 1114 3098 τὰς
1171 3031 1307 3087 τῶν
1360 3023 1731 3107 φαρμάκων
1785 3025 2129 3108 δυνάμεις·
2194 3024 2364 3091 ἀπο-
2391 3045 2448 3086 25

434 3135 967 3196 κατασταθεῖσαν
1013 3122 1075 3192 δ’
1128 3130 1222 3206 εἰς
1266 3130 1389 3213 τὴν
1434 3129 1999 3215 προϋπάρχουσαν
2045 3133 2365 3198 διάθεσιν

435 3233 546 3299 καὶ
584 3244 914 3318 φανεῖσαν
948 3242 1039 3322 τῷ
1077 3235 1343 3317 βασιλεῖ
1371 3235 1916 3318 καταπλήξασθαι
1953 3239 2111 3315 τοὺς
2149 3236 2365 3322 ὁρῶν-

611 3428 642 3475 2
695 3441 755 3478 τε
800 3439 908 3477 om.
946 3423 996 3476 D
1178 3430 1213 3476 4
1261 3419 1685 3493 συνθεαζούσης
1720 3426 1892 3496 vulg„
1931 3444 2042 3483 om.
2079 3428 2156 3496 D,
2212 3444 2358 3485 corr.

430 3490 637 3545 Reiske
821 3498 887 3546 16
935 3490 1228 3561 ἀφελόντα
1273 3495 1520 3561 codices,
1578 3511 1715 3550 corr.
1765 3495 1959 3566 Steph.
2114 3495 2205 3570 τὸ]
2251 3501 2359 3555 τοῦ

429 3557 581 3623 vulg.
731 3566 801 3614 20
837 3559 1050 3616 τούτων
1092 3580 1201 3618 om.
1238 3564 1292 3617 11
1435 3570 1501 3619 21
1541 3565 1644 3639 μιᾷ
1678 3566 1744 3635 Ε,
1782 3569 1919 3636 μίαν
1955 3569 2148 3624 ceteri.
