2569 4061
1022 410 1049 464 Ι
1089 418 1169 467 19.
1211 418 1295 469 20.
2049 414 2131 478 31

213 572 608 660 ἀμφοτέρων
675 581 810 639 τῶν
866 585 1086 659 μερῶν
1149 573 1484 658 χώμασιν,
1514 574 1902 661 ἀναλαβεῖν,
1969 577 2135 643 ὥστε

210 682 374 747 κατὰ
418 681 549 763 τὴν
594 682 938 765 πλήρωσιν
984 680 1195 746 αὐτοῦ
1239 682 1364 763 τὴν
1399 679 1624 765 χώραν
1662 683 1748 765 μὴ
1796 683 2134 767 λιμνάζειν

209 789 388 874 παρὰ
433 789 507 852 τὸ
555 786 925 873 συμφέρον,
980 786 1148 852 ἀλλὰ
1202 788 1316 852 διά
1370 810 1576 853 τινων
1621 788 2131 874 κατεσκευασμέ-

211 917 353 958 νων
397 899 632 979 θυρῶν
677 894 1105 977 εἰσαφίεσθαι
1141 894 1216 959 τὸ
1256 893 1470 981 ῥεῦμα
1506 890 1734 981 πρᾴως
1769 890 1925 959 καθ’
1969 896 2132 961 ὅσον

158 1017 185 1057 5
213 998 299 1064 ἂν
324 990 369 1086 ᾖ
394 1003 595 1086 χρεία.
642 1002 865 1066 ἔπειτα
893 1002 1305 1083 ποιήσασθαι
1341 1000 1466 1083 τὴν
1504 1003 1783 1085 πορείαν
1820 994 1910 1065 δι’
1946 999 2133 1086 ’Λρα-
2170 1009 2203 1057 6

207 1109 358 1189 βίας
401 1109 580 1194 παρὰ
623 1109 747 1192 τὴν
788 1101 1125 1192 Ἐρυθρὰν
1177 1107 1521 1172 θάλατταν
1568 1105 1694 1185 ἕως
1745 1104 1980 1173 Ἰνδῶν
2022 1105 2134 1173 καὶ

207 1223 327 1279 τοῦ
373 1212 654 1300 πέρατος
698 1221 816 1297 τῆς
862 1211 1271 1298 οἰκουμένης.
1364 1216 1583 1279 κτίσαι
1630 1210 1706 1278 δὲ
1750 1210 1862 1278 καὶ
1908 1214 2132 1290 πόλεις
2170 1219 2201 1268 ’7

209 1319 331 1385 οὐκ
377 1321 607 1403 ὀλίγας
652 1319 726 1385 ἐν
765 1318 1025 1403 Ἰνδοῖς,
1072 1318 1146 1384 ἐν
1192 1311 1299 1397 αἶς
1340 1317 1452 1385 καὶ
1494 1323 1737 1386 Νῦσαν
1782 1320 2130 1405 ὀνομάσαι,

206 1428 624 1511 βουλόμενον
686 1436 1011 1511 μνημεῖον
1076 1425 1426 1491 ἀπολιπεῖν
1472 1417 1743 1510 ’ἐκείνης
1813 1424 1973 1492 καθ’
2043 1426 2130 1510 ἣν

126 1548 179 1588 10
205 1530 459 1617 ἐτράφη
524 1526 666 1599 κατ’
737 1538 1099 1615 Αἴγυπτον.
1194 1540 1523 1615 φυτεῦσαι
1596 1528 1669 1597 δὲ
1732 1531 1841 1598 καὶ
1904 1534 2130 1598 κιττὸν

205 1637 279 1703 ἐν
323 1647 403 1724 τῇ
459 1633 615 1722 παρ’
670 1633 909 1713 Ἰνδοῖς
954 1639 1182 1722 Νύσῃ,
1237 1636 1350 1702 καὶ
1407 1636 1747 1722 διαμένειν
1801 1649 1998 1705 τοῦτο
2051 1641 2126 1704 τὸ

205 1745 426 1827 φυτὸν
473 1742 548 1807 έν
595 1741 823 1831 ἐκείνω
870 1745 1053 1830 μόνω
1110 1751 1198 1829 τῷ
1255 1746 1436 1831 τόπῳ
1492 1753 1627 1807 τῶν
1672 1766 1741 1807 τε
1796 1746 1961 1808 κατὰ
2007 1746 2129 1827 τὴν

199 1848 493 1933 Ἰνδικὴν
538 1848 649 1914 καὶ
693 1849 817 1932 τὴν
854 1849 1106 1934 ὅμορον
1139 1850 1382 1935 χώραν.
1456 1850 1671 1915 πολλὰ
1709 1845 1783 1913 δὲ
1819 1848 1929 1914 καὶ
1966 1851 2129 1915 ἄλλα
2167 1856 2200 1905 8

204 1966 444 2042 σημεῖα
496 1962 614 2041 τῆς
677 1953 918 2022 ἑαυτοῦ
982 1959 1352 2042 παρουσίας
1407 1954 1918 2022 ἀπολελοιπέναι
1981 1952 2124 2021 κατ’

123 2080 176 2120 15
205 2062 468 2147 ἐκείνην
512 2063 636 2147 τὴν
679 2064 929 2149 χώραν,
977 2061 1068 2127 δι’
1113 2059 1211 2129 ὧν
1245 2062 1708 2150 προαχθέντας
1745 2066 1902 2141 τοὺς
1938 2087 2128 2146 μετα-

202 2168 633 2256 γενεστέρους
668 2180 804 2236 τῶν
834 2168 1069 2236 Ἰνδῶν
1106 2169 1604 2255 ἀμφισβητῆσαι
1639 2180 1762 2236 τοῦ
1794 2177 1987 2253 θεοῦ,
2027 2170 2127 2236 λε’-

202 2300 443 2359 γοντας
479 2275 698 2343 Ἰνδὸν
744 2272 919 2342 εἶναι
961 2277 1038 2341 τὸ
1086 2276 1295 2358 γένος.

382 2382 713 2449 Γενέσθαι
761 2380 834 2448 δὲ
878 2381 990 2448 καὶ
1035 2381 1188 2467 περὶ
1232 2384 1528 2466 τὴντῶν
1574 2381 1955 2466 ἐλεφάντων
1999 2385 2126 2466 θή-
2145 2384 2233 2449 20

204 2514 361 2576 ραν,
432 2489 544 2555 καὶ
608 2493 852 2574 στήλας
915 2498 1257 2574 πανταχοῦ
1329 2494 1713 2555 καταλιπεῖν
1773 2497 1890 2572 τῆς
1955 2490 2127 2567 ἰδίας

120 2612 175 2651 20
203 2600 560 2683 στρατείας.
625 2596 936 2663 ἐπελθεῖν
975 2593 1048 2662 δὲ
1084 2594 1196 2662 καὶ
1224 2597 1430 2662 τᾶλλα
1458 2597 1538 2662 τὰ
1565 2597 1729 2662 κατὰ
1754 2596 1878 2680 τὴν
1899 2590 2125 2662 Ἀσίαν

202 2706 395 2787 ἔθνη,
440 2702 553 2768 καὶ
596 2709 1057 2789 περαιωθῆναι
1111 2704 1276 2767 κατὰ
1330 2704 1450 2768 τὸν
1493 2699 1985 2786 Ἑλλήσποντον
2030 2707 2125 2782 είς

199 2810 323 2892 τὴν
367 2808 720 2895 Εὐρώπην.
810 2807 922 2874 καὶ
966 2809 1132 2874 κατὰ
1177 2805 1300 2892 μὲν
1345 2811 1468 2892 τὴν
1507 2808 1779 2897 Θρᾴκην
1817 2814 2122 2897 Λυκοῦρ-
2159 2831 2193 2879 2

199 2940 326 2999 γον
362 2918 482 2982 τὸν
527 2914 802 2999 βασιλέα
846 2927 982 2981 τῶν
1027 2916 1389 3001 βαρβάρων
1435 2915 1949 3001 ἐναντιούμενον
1984 2927 2123 2994 τοῖς

199 3016 312 3087 ὑπ’
380 3023 589 3088 αὐτοῦ
656 3019 1133 3107 πραττομένοις
1201 3022 1613 3106 ἀποκτεῖναι,
1677 3023 1982 3107 Μάρωνα
2047 3020 2122 3089 δὲ

114 3147 169 3187 25
198 3130 482 3213 γηραιὸν
526 3129 656 3212 ἤδη
703 3134 1089 3194 καθεστῶτα
1125 3133 1512 3195 καταλιπεῖν
1557 3128 1954 3213 ἐπιμελητὴν
1989 3141 2125 3193 τῶν

199 3234 273 3300 ἐν
310 3236 515 3321 ταύτῃ
553 3243 632 3320 τῇ
669 3235 851 3322 χώρᾳ
899 3234 1395 3320 φυτευομένων,
1443 3233 1553 3301 καὶ
1598 3237 1870 3316 κτίστην
1917 3234 2123 3297 αὐτὸν

197 3350 472 3425 ποιῆσαι
524 3350 639 3424 τῆς
693 3340 1050 3425 ἐπωνύμου
1104 3343 1383 3425 πόλεως,
1447 3340 1534 3424 ἣν
1588 3337 1916 3422 ὀνομάσαι
1972 3340 2125 3400 Most

344 3539 377 3588 8
433 3528 611 3603 νύσην
648 3534 698 3588 D
848 3540 915 3588 10
970 3529 1101 3588 κατ’
1140 3535 1426 3603 Αἴγυπτον
1474 3531 1726 3586 abundass
1872 3530 1936 3577 16
1992 3523 2120 3610 ²:022]

194 3605 331 3675 περὶ
360 3605 462 3659 τοῦ
500 3604 554 3657 ΙΙ
681 3612 745 3661 19
785 3609 1115 3661 καταλιπεῖν
1145 3603 1442 3685 noem-ocgo&
1471 3602 1623 3669 vulg.
1753 3598 1823 3645 20
1863 3610 2125 3659 στρατιᾶς

191 3676 294 3732 καὶ
343 3673 609 3731 ἐπελθεῖν
660 3675 710 3729 D
855 3683 925 3731 26
971 3674 1177 3745 ταύτῃ]
1217 3669 1360 3741 αὖτῃ
1407 3672 1474 3723 D.
