2569 4061
1376 190 1387 201 ο

642 307 655 322 ’
732 359 830 414 DE
866 328 1217 414 SERMONE
1252 357 1642 416 DIODOREO.
1956 359 2161 418 vau

205 531 276 605 4,
334 528 444 602 24,
493 529 528 585 2
581 521 823 608 (ἅπωθε
859 522 972 607 D),
1031 529 1132 600 12,
1184 529 1286 604 10,
1335 530 1372 587 6
1422 523 1694 598 (ἄπωθεν
1731 523 1838 607 P),
1902 531 2004 605 13,
2053 531 2163 607 59,

211 630 251 687 6
290 617 544 706 (ἅπωθε
581 620 687 703 Ρ),
736 628 837 702 13,
886 626 989 703 85,
1039 629 1071 684 1
1119 616 1360 706 (ἅπωθε
1396 619 1502 710 P),
1552 628 1654 701 20,
1695 629 1754 704 6,
1796 629 1859 703 13
1908 629 2012 701 20,
2056 630 2156 702 16,

209 726 284 802 6,
350 724 663 782 servatum
724 722 788 782 in
848 722 939 783 ed.
1001 722 1188 783 Basil.
1239 723 1345 800 20,
1395 725 1560 805 6,,1,
1613 728 1675 783 et
1727 724 1791 782 in
1836 725 2046 785 eadem
2092 728 2160 785 et

205 821 381 881 libro
431 822 550 880 uno
611 822 714 898 20,
764 823 865 898 16,
916 823 973 898 6,
1030 823 1092 880 et
1147 820 1213 879 in
1264 821 1339 879 fr.
1385 820 1788 880 Esoorialensi
1829 843 1889 897 p.
1931 824 2009 882 21
2062 823 2158 885 ed.

207 918 464 978 Miiller.
538 916 749 995 'Saepe
797 918 882 978 sio
926 920 1241 995 peccatum
1288 918 1448 994 apud
1496 936 1720 996 omneS,
1765 922 1836 977 ut
1870 921 1970 979 vel
2006 916 2156 982 ἀπο-

205 1012 367 1096 τέρω
404 1014 722 1092 inferatur,
770 1016 988 1093 quibus
1035 1016 1109 1076 de
1149 1016 1313 1077 vitiis
1353 1015 1474 1074 dixi
1516 1015 1595 1075 ad
1631 1015 1808 1077 Thes,
1847 1016 2159 1093 Stephani.

385 1106 575 1192 ’Ἄρης
632 1114 748 1174 etsi
808 1118 864 1192 2,
912 1115 1017 1190 46,
1067 1115 1139 1185 53
1198 1115 1301 1189 30,
1349 1114 1459 1191 153
1518 1116 1621 1192 37,
1670 1116 1774 1192 30,
1824 1116 1861 1174 2
1916 1118 2157 1176 tantum

194 1206 444 1289 ’Ἀρεος,
476 1210 703 1270 oeteris
749 1210 895 1270 locis
934 1214 1278 1272 constanter
1315 1210 1377 1269 in
1414 1210 1588 1271 libris
1624 1211 1892 1272 flectitur
1908 1205 2159 1291 Ἀρεως,

207 1308 311 1368 illi
357 1306 749 1368 nihilominus
802 1308 1054 1386 perinde
1099 1309 1327 1368 fallunt
1370 1311 1442 1368 ut
1477 1309 1619 1367 libri
1654 1309 1951 1390 Dionysii,
1997 1310 2154 1372 Pau-

210 1404 456 1480 saniae,
522 1404 694 1464 ouius
756 1407 937 1482 pauci
986 1409 1230 1466 tantum
1278 1409 1337 1484 8,
1387 1409 1487 1478 32,
1538 1409 1604 1484 33
1674 1409 1729 1479 8,
1781 1410 1883 1482 37,
1934 1412 2043 1486 12;
2093 1412 2159 1486 9,

212 1506 325 1579 36,
359 1505 416 1579 1,
446 1504 512 1580 3;
562 1505 621 1577 9,
660 1505 765 1580 37,
805 1508 840 1564 7
874 1499 1216 1584 ’Ἀρεος,’.οῢ
1262 1503 1536 1573 aliorum,
1580 1508 1654 1564 ut
1700 1505 1822 1564 dixi
1858 1507 1934 1565 ad
1973 1506 2158 1567 Thes.

216 1600 518 1676 Stephani
561 1621 621 1677 p.
661 1603 854 1676 1933,
890 1601 965 1662 Α.

220 1772 230 1781 ι
288 1773 299 1779 ἱ
389 1691 687 1776 Ἀρμόττω
731 1701 989 1774 tantum,
1034 1718 1156 1759 non
1202 1698 1385 1758 etiam
1435 1694 1694 1776 ἆρμόζω,
1742 1699 1964 1761 dixisse
2010 1702 2157 1762 Dio-

213 1797 442 1856 dorum
495 1796 686 1855 multa
736 1796 1104 1873 persuadent
1157 1795 1379 1872 prioris
1433 1796 1662 1855 formae
1719 1797 1993 1872 exempla
2008 1844 2023 1875 ,
2079 1800 2154 1857 ut

142 1884 149 1890 ’
213 1892 395 1952 libris
453 1890 582 1951 eius
637 1895 892 1953 alteram
945 1893 1254 1954 interdum
1318 1884 1715 1953 inferentibus
1769 1893 1958 1955 nihilo
2011 1894 2158 1971 plus

213 1990 611 2051 tribuendum
657 1980 739 2052 sit
784 2010 967 2069 quam
1011 1991 1451 2070 Xenophontis3
1498 1990 1570 2053 of.
1616 1990 1892 2070 Σφάττω.

382 2082 554 2168 ’Ἄχρι
600 2109 853 2169 semper,
897 2109 1019 2151 non
1064 2085 1262 2169 ἄχρις,
1310 2108 1439 2150 esse
1488 2091 1870 2152 scribendum
1914 2093 2158 2152 dicetur

213 2187 275 2246 in
328 2182 511 2265 μέχρι.
2139 2203 2154 2214 ·

398 2282 639 2365 Βότρυς.
684 2285 775 2346 De
803 2268 1146 2347 accusativo
1173 2283 1428 2362 pluralis
1458 2280 1692 2363 βότρυς,
1728 2303 1847 2342 non
1876 2280 2158 2362 βότ’ρυας,

92 2427 98 2434 -
217 2404 276 2444 v.
318 2378 535 2463 Ἰχθῦς.

396 2488 543 2562 Βόες
578 2491 685 2566 qui
729 2490 882 2550 dixit
928 2493 986 2567 3,
1025 2493 1129 2565 31,
1170 2492 1226 2566 2,
1273 2488 1494 2547 mirum
1532 2486 1581 2546 si
1629 2485 1698 2546 αἱ
1737 2487 1885 2565 βοῦς
1932 2487 2156 2548 dixerit

219 2592 280 2665 4,
331 2590 433 2665 23,
482 2590 548 2665 2;
594 2589 657 2665 -4,
707 2590 808 2661 24,
860 2591 925 2665 2;
982 2585 1141 2666 quod
1193 2585 1371 2646 facile
1417 2584 1618 2660 potuit
1673 2604 1746 2644 ex
1789 2587 2147 2661 praeceden-

214 2686 381 2745 tibus
456 2684 815 2744 accusativis
887 2684 1129 2760 inferri,
1197 2686 1270 2742 ut
1335 2682 1495 2757 apud
1557 2671 1824 2741 Pausan(
1869 2685 1937 2759 4,
1986 2686 2059 2757 4,
2109 2687 2154 2745 5

219 2778 489 2862 ἐγένοντο
536 2782 715 2860 βοῦς,
771 2801 844 2841 ex
889 2800 1085 2841 aecus.
1136 2782 1201 2855 6,
1264 2776 1636 2855 ἀποδόμενος
1676 2779 1840 2857 βοῦς
1894 2782 1956 2838 et
2000 2780 2151 2858 βοῦς

221 2874 502 2959 ἄγεσθαι,
559 2879 906 2956 pariterque
953 2882 1014 2955 4,
1064 2881 1165 2952 36,
1214 2879 1250 2937 5
1311 2895 1385 2936 ex
1437 2877 1930 2950 praecedentibus
1977 2895 2150 2937 aceu-

219 2976 458 3053 sativiS,
505 2976 621 3035 etsi
669 2977 729 3050 5,
768 2979 826 3055 1,
868 2979 904 3037 9
963 2977 1187 3035 iterum
1233 2978 1329 3034 est
1381 2974 1561 3052 βοῦς,
1615 2974 1891 3050 quamvis
1944 2976 2153 3034 nullus

220 3074 302 3134 sit
354 3091 548 3134 aecus.
610 3073 674 3131 in
727 3074 1033 3150 proximis,
1124 3073 1283 3143 Βοῦς
1347 3090 1541 3131 aoous.
1598 3073 1755 3148 apud
1819 3070 2149 3132 Diodorum

222 3176 280 3251 3,
330 3175 433 3249 37,
482 3175 549 3247 93
608 3173 667 3248 3,
715 3172 817 3246 64,
873 3174 936 3248 13
986 3160 1055 3248 Ι4,
1106 3172 1209 3246 22,
1259 3171 1325 3246 6;
1387 3170 1446 3245 4,
1495 3170 1597 3241 23,
1646 3170 1681 3226 2
1733 3172 1843 3227 eto.
1933 3169 2152 3245 Itaque

219 3270 442 3330 sustuli
496 3267 656 3345 quod
709 3267 857 3329 Xen.
916 3266 1051 3346 Gyr.
1110 3270 1176 3342 4,
1229 3271 1293 3341 1,
1344 3269 1408 3326 9·
1452 3266 1549 3325 vel
1607 3264 1819 3342 optimi
1880 3264 2152 3323 inferunt

218 3368 396 3447 βοῦς,
461 3369 535 3426 ut
589 3364 750 3440 apud
807 3364 1089 3424 eundem·
1118 3364 1312 3424 Anab.
1372 3364 1429 3438 3,
1478 3365 1535 3439 5,
1586 3365 1621 3423 9
1678 3358 1944 3421 vicissim
2003 3355 2152 3433 βόας

220 3464 548 3524 deteriores
611 3460 880 3520 inferunt
942 3480 1051 3538 pro
1117 3460 1280 3539 βοῦς.
1373 3460 1531 3519 Nam
1596 3459 1803 3547 eade-m
1855 3454 2150 3511 librorum

363 3666 576 3738 Βύβλος
614 3667 672 3720 et
709 3667 937 3738 βυβλίον
974 3664 1298 3734 frequenter
1332 3665 1394 3718 in
1430 3664 1497 3716 D.
