2569 4061
797 398 896 453 DE
935 396 1278 456 SERMONE
1317 398 1704 456 DIODOREO.
2113 399 2212 457 LV

270 566 565 645 simplici,
631 567 737 629 sed
791 565 1014 643 duplici
1072 567 1385 643 scripsisse
1439 567 1677 629 videtur
1722 589 1786 645 ρ,
1841 568 1913 629 ut
1970 567 2210 646 Strabo,

273 664 444 740 apud
489 684 669 742 quem
714 668 923 727 contra
967 665 1155 725 libros
1200 664 1518 741 plerosque
1572 666 1811 726 illatum
1857 665 2115 742 simplex
2151 686 2209 744 ρ,

272 760 530 840 aliique,
586 761 660 821 de
708 763 926 840 quibus
983 762 1211 822 dictum
1260 760 1340 821 ad
1386 762 1564 823 TheS.
1602 761 1915 839 Stephani.
2003 762 2209 840 Atque

268 858 468 917 etiam
509 861 563 937 1,
594 861 698 936 41,
730 863 767 921 9
817 855 1031 939 ὄμβροι
1083 858 1563 938 καταράττοντες,
1615 863 1678 920 et
1727 862 1827 939 17,
1869 863 1971 939 75,
2012 863 2049 921 2
2097 881 2209 922 πο·

272 951 462 1032 ταμὸς
505 955 881 1036 καταράττων
924 954 1068 1034 μετὰ
1111 960 1335 1018 πολλοῦ
1378 954 1593 1034 ψόφου
1656 957 1880 1033 duplici
1925 957 2210 1019 videntur

270 1051 597 1113 scribenda
640 1053 849 1115 littera
893 1075 949 1132 ρ,
995 1056 1065 1114 ut
1111 1051 1270 1132 apud
1315 1054 1528 1131 Polyb.
1571 1055 1672 1131 10,
1700 1055 1808 1128 48,
1842 1057 1897 1114 7.

457 1147 790 1230 Κερασθεὶς
827 1154 886 1230 2,
917 1153 1020 1229 26,
1053 1154 1088 1211 7
1128 1149 1516 1229 redarguitur
1550 1152 1749 1212 forma
1783 1154 1950 1212 recta
1980 1153 2083 1229 20,
2108 1153 2208 1233 72,

278 1248 323 1308 5
346 1244 542 1308 'libris
596 1249 871 1309 omnibus
920 1251 1164 1310 servata
1215 1251 1573 1327 κραθεῖσαν,
1633 1251 1696 1311 et
1732 1251 1793 1328 4,
1824 1250 1883 1326 3,
1910 1251 1953 1308 4
2000 1269 2210 1327 κεκρα-

273 1340 516 1422 μένους.
574 1346 701 1407 Nec
728 1347 979 1407 dubium
1013 1363 1136 1406 non
1170 1345 1369 1406 minus
1406 1347 1618 1407 fallere
1646 1346 1987 1425 exemplum
2012 1346 2209 1407 Xeno·

274 1443 525 1519 phontis
553 1442 748 1504 Anab.
779 1444 840 1522 5,
868 1446 930 1520 4,
962 1446 1064 1518 29,
1102 1443 1209 1504 ubi
1235 1444 1565 1504 deteriores
1591 1442 1888 1523 κεραθείς,
1927 1446 1989 1505 et
2014 1458 2210 1520 pauca

274 1539 590 1602 Platonica
643 1542 717 1602 de
772 1538 1086 1621 κερασθεὶς
1142 1545 1204 1602 et
1260 1537 1716 1621 ἀνακερασθείς,
1776 1544 1959 1620 atque
2022 1543 2209 1619 duplo

273 1637 555 1715 pluribus
600 1639 831 1700 formae
874 1634 1121 1717 κραθεὶς
1166 1637 1465 1716 redargui,
1512 1659 1697 1715 quum
1732 1640 1832 1700 vel
1866 1639 2030 1714 apud
2064 1639 2208 1699 Plu-

273 1736 558 1795 tarchum
606 1738 670 1794 et
703 1735 1020 1797 Philonem
1067 1737 1151 1798 sit
1195 1732 1559 1815 ἀνακραθεὶς
1605 1739 1669 1795 et
1712 1731 2092 1815 κεκραμένος,
2138 1740 2210 1796 ut

272 1831 507 1891 mirum
553 1830 633 1890 sit
678 1830 730 1889 si
773 1827 1178 1914 έπικερασθεὶς
1224 1832 1535 1908 scripserit
1568 1831 1895 1908 Dionysius
1932 1831 2007 1893 A.
2045 1834 2115 1894 R.
2149 1836 2205 1911 1,

280 1930 388 2006 29,
435 1947 494 2004 p.
527 1931 628 2003 76,
660 1930 696 1987 6
744 1929 944 2004 potius
993 1950 1174 2007 quam
1219 1929 1379 2008 quod
1426 1929 1861 2007 propemodum
1905 1929 2005 1991 vel
2049 1928 2209 2005 apud

278 2026 577 2087 Galenum
615 2027 692 2087 ad
722 2026 900 2088 Thes.
930 2027 1222 2106 Stephani
1259 2029 1511 2090 citatum
1540 2030 1818 2107 superest
1844 2024 2208 2107 έπικραθείς,

275 2124 559 2201 idemque
601 2129 658 2202 1,
689 2128 774 2186 60
811 2122 1338 2212 ἀνακεραᾳθέντες,
1382 2124 1679 2204 quomodo
1726 2126 2068 2202 Hesychius
2115 2126 2206 2185 in·

279 2224 654 2298 terpretatur
698 2224 958 2284 formam
1003 2221 1391 2304 ἀνακραθείς,
1438 2227 1500 2284 et
1549 2227 1605 2301 1,
1636 2225 1717 2284 89
1770 2219 2208 2303 συγκερασθέν-

282 2338 434 2396 των,
480 2339 665 2396 quum
713 2323 771 2395 2,
801 2323 886 2380 46
934 2340 1045 2399 pro
1092 2319 1551 2399 σννεκράθησαν
1598 2316 1870 2396 ἀλλήλοις
1922 2319 2053 2395 ipse
2090 2318 2209 2380 Va-

282 2416 517 2477 ticanus
563 2418 855 2493 praebeat
892 2418 1411 2498 συνεκράσθησαν,
1457 2417 1614 2476 unde
1650 2416 2029 2492 intellegitur
2066 2435 2207 2495 quo-

283 2514 461 2573 modo
507 2518 676 2575 ortae
722 2515 846 2576 sint
889 2516 1119 2577 formae
1172 2517 1315 2576 illae
1359 2513 1540 2578 toties
1587 2514 1796 2575 alteris
1843 2515 2208 2594 suppositae,

283 2615 351 2670 et
384 2611 539 2671 idem
576 2612 907 2689 Dionysius
945 2613 1256 2690 scripserit
1305 2608 1785 2691 ἀνακεκραμένης
1827 2616 1881 2691 1,
1914 2617 1995 2674 77
2033 2613 2207 2692 med.,

282 2704 709 2788 ἐγκεκραμένας
759 2712 817 2783 2,
849 2711 932 2769 22
970 2711 1145 2789 med.,
1191 2705 1557 2789 κεκραμένην
1603 2711 1663 2783 2,
1694 2711 1797 2787 24,
1827 2712 1930 2788 34,
1975 2713 2046 2770 ut
2090 2711 2209 2770 Lu-

284 2807 454 2868 ciano
499 2806 654 2867 Dial.
693 2808 842 2869 Mer.
891 2811 952 2886 4,
993 2811 1033 2869 4
1082 2812 1373 2885 appareat
1428 2807 1806 2868 eximendum
1859 2826 1991 2868 esse
2045 2828 2209 2871 κεκε-

285 2903 510 2985 ρᾶσθαι
553 2905 655 2966 vel
698 2903 846 2966 adeo
892 2911 1274 2985 κεκερᾶσθαι,
1318 2904 1604 2966 restituto
1649 2909 1994 2983 κεκρᾶσθαι.

462 3000 767 3080 Κρίβανος
803 3020 881 3061 an
916 3002 1323 3080 improbatum
1349 3002 1654 3063 Atticistis
1681 3001 1961 3081 κλίβανος
1988 3003 2208 3064 dixerit

283 3098 583 3159 Diodorus
623 3100 682 3176 2,
709 3100 818 3176 49,
847 3100 903 3172 3,
949 3099 1247 3160 incertum
1290 3100 1525 3161 faciunt
1560 3099 1702 3159 libri
1738 3100 1952 3176 optimi
1980 3092 2145 3183 (OD)
2174 3103 2208 3158 λ

282 3196 656 3274 praebentes,
750 3194 868 3255 Sed
919 3195 1102 3256 iidem
1152 3189 1315 3279 (AG)
1371 3198 1498 3257 fere
1549 3198 1605 3274 2,
1636 3198 1737 3276 58,
1768 3200 1805 3258 5
1853 3196 2208 3278 περιναύσια

283 3313 393 3372 pro
430 3290 799 3373 περιναύτια,
846 3294 1004 3369 quod
1041 3294 1269 3355 refellit
1314 3293 1529 3354 ναυτία
1568 3288 1863 3373 (ναυτιλία
1891 3289 1973 3374 D)
2014 3297 2074 3370 4,
2104 3294 2208 3363 47,

281 3396 346 3471 4,
375 3394 446 3451 ut
472 3390 724 3467 Polybio
762 3410 998 3468 quoque
1028 3394 1130 3469 31,
1161 3394 1263 3470 22,
1298 3396 1330 3451 1
1371 3410 1690 3467 perperam
1724 3395 1932 3468 putem
1968 3391 2211 3449 illatum

429 3600 813 3674 Κιννᾶμωμον
847 3602 897 3657 D
940 3610 988 3672 1,
1018 3611 1105 3674 91,
1134 3610 1165 3658 6
1207 3606 1265 3659 et
1303 3610 1355 3672 3,
1383 3607 1470 3672 46,
1499 3610 1550 3658 3.

430 3685 810 3753 Κρεωφαγίας
845 3683 894 3737 D
934 3690 984 3751 3,
1016 3691 1102 3752 31,
1132 3691 1192 3751 33
1231 3681 1724 3753 κρεοφαγούμενοι
1760 3682 1810 3741 2,
1851 3679 1937 3736 54,
1967 3677 2015 3722 6.
