2569 4061
1070 290 1150 345 111
1187 296 1273 346 42.
1311 297 1416 366 43.
2043 293 2170 360 331
2280 376 2284 380 Α

249 456 408 530 τοὺς
446 452 507 518 δ’
553 454 624 518 ἐκ
668 462 783 537 τῆς
825 453 1260 539 πανηγύρεως
1307 451 1696 531 ἐπανιόντας
1744 455 2175 543 ἐνεδρεύσαν-

248 581 357 637 τες
418 558 846 646 διέφθειραν,
908 558 1371 645 ἐρημώσαντες
1431 556 1504 624 δὲ
1566 560 1691 643 τὴν
1751 563 1977 650 χώραν
2039 573 2175 628 τῶν

248 667 619 753 οἰκητόρων
677 666 1300 752 κατεκληρούχησαν
1357 667 1554 731 πεδία
1610 672 2005 756 καρποφόρα
2063 668 2175 735 καὶ

247 774 458 857 νομὰς
510 783 650 849 τοῖς
702 774 971 855 κτήνεσι
1027 773 1329 850 δαψιλεῖς
1375 769 1795 858 ἐκτρέφοντα.
1889 774 2054 858 αὕτη
2103 774 2164 840 δ’
2212 800 2242 849 3

193 899 221 941 5
248 878 291 961 ἡ
335 878 656 963 παράλιος
702 877 972 963 λιμένας
1016 875 1140 962 μὲν
1185 879 1455 961 ὀλίγους
1492 879 1646 962 ἔχει,
1695 879 2065 964 διείληπται
2103 881 2162 946 δ’

135 1045 142 1051 .
247 987 434 1071 ὄρεσι
477 995 758 1062 πυκνοῖς
802 982 914 1050 καὶ
958 985 1298 1068 μεγάλοις,
1345 983 1412 1062 ἐξ
1460 979 1555 1050 ὧν
1600 988 1918 1062 παντοίας
1961 1003 2174 1052 ποικι-

244 1095 391 1169 λίας
443 1092 811 1177 χρωμάτων
866 1093 1110 1175 ἔχουσα
1164 1091 1562 1174 θαυμαστὴν
1607 1089 1957 1177 παρέχεται
2002 1091 2173 1159 θέαν

242 1208 385 1275 τοῖς
443 1195 916 1285 παραπλέουσι.
1013 1197 1552 1283 παραπλεύσαντι
1609 1195 1684 1263 δὲ
1742 1200 1992 1283 ταύτην
2049 1201 2172 1283 τὴν
2207 1223 2243 1271 4

242 1305 469 1390 χώραν
523 1303 854 1388 ἐκδέχεται
898 1305 1142 1380 κόλπος
1187 1307 1582 1389 Λαιανίτης,
1626 1306 2172 1391 περιοικούμενος

163 1434 217 1474 10
244 1415 521 1486 πολλαῖς
591 1411 841 1494 κώμαις
906 1406 1205 1496 Ἀράβων
1276 1421 1412 1475 τῶν
1483 1410 2170 1498 προσαγορευομένων

243 1518 669 1598 Ναβαταίων.
763 1510 952 1580 οὗτοι
1018 1512 1092 1581 δὲ
1155 1516 1412 1599 πολλὴν
1475 1513 1598 1601 μὲν
1660 1526 1774 1601 τῆς
1838 1521 2170 1604 παραλίου

241 1620 578 1704 νέμονται,
626 1621 750 1686 οὐκ
787 1622 1023 1705 ὀλίγην
1061 1619 1135 1687 δὲ
1172 1620 1282 1688 καὶ
1326 1631 1442 1706 τῆς
1479 1625 1573 1699 εἰς
1618 1626 1967 1707 μεσόγειον
2012 1625 2170 1709 ἀνη-

241 1728 491 1811 κούσης
543 1729 791 1812 χώρας,
846 1731 965 1794 τόν
1019 1752 1089 1794 τε
1144 1730 1310 1794 λαὸν
1357 1728 1706 1813 ἀμύθητον
1754 1732 2014 1813 ἔχοντες
2057 1728 2171 1796 καὶ

238 1835 646 1920 θρεμμάτων
701 1832 937 1917 ἀγέλας
993 1834 1313 1912 ἀπίστους
1357 1846 1499 1911 τοῖς
1542 1838 1891 1920 πλήθεσιν.
1982 1839 2056 1901 οἳ
2093 1838 2168 1902 τὸ
2208 1862 2240 1910 5

158 1961 212 2002 15
240 1939 363 2024 μὲν
415 1942 702 2006 παλαιὸν
757 1940 992 2025 ἐξῆγον
1049 1943 1443 2028 δικαιοσύνῃ
1495 1943 1827 2029 χρώμενοι
1870 1940 1981 2008 καὶ
2027 1951 2170 2020 ταῖς

241 2047 367 2113 ἀπὸ
413 2058 548 2113 τῶν
602 2050 1008 2134 θρεμμάτων
1061 2058 1344 2136 τροφαῖς
1399 2050 1829 2136 ἀρκούμενοι,
1885 2049 2168 2133 ὕστερον

240 2150 316 2219 δὲ
351 2164 485 2220 τῶν
522 2155 650 2220 ἀπὸ
688 2164 803 2239 τῆς
834 2151 1327 2242 Ἀλεξανδρείας
1363 2156 1694 2239 βασιλέων
1729 2158 1993 2221 πλωτὸν
2027 2167 2168 2236 τοῖς

240 2260 552 2346 ἐμπόροις
595 2262 1022 2345 ποιησάντων
1057 2264 1176 2327 τὸν
1212 2264 1428 2346 πόρον
1464 2272 1605 2339 τοῖς
1642 2286 1711 2327 τε
1749 2273 2166 2346 ναυαγοῦσιν

197 2418 201 2423 .
240 2365 623 2433 ἐπετίθεντο
651 2365 763 2433 καὶ
794 2370 1115 2454 λῃστρικὰ
1143 2369 1368 2452 σκάφη
1398 2369 1992 2446 κατασκευάζοντες
2021 2366 2167 2456 ἐλῄ-

158 2493 215 2533 20
241 2487 481 2537 στευον
536 2478 693 2551 τοὺς
747 2473 1099 2558 πλέοντας,
1155 2475 1552 2559 μιμούμενοι
1606 2476 1722 2552 τὰς
1774 2475 2168 2562 ἀγριότητας

235 2576 349 2643 καὶ
386 2584 798 2665 παρανομίας
834 2591 971 2647 τῶν
1008 2580 1081 2647 ἐν
1115 2590 1206 2670 τῷ
1246 2583 1489 2671 Πόντῳ
1535 2582 1844 2668 Ταύρων·
1891 2584 2052 2667 μετὰ
2091 2580 2165 2649 δὲ

235 2693 441 2750 ταῦτα
486 2684 861 2769 ληφθέντες
903 2686 1034 2753 ὑπὸ
1081 2698 1485 2774 τετρηρικῶν
1532 2699 1810 2771 σκαφῶν
1862 2691 2165 2773 πελάγιοι

236 2787 705 2875 προσηκόντως
760 2792 1246 2879 ἐκολάσθησαν.
1339 2796 1500 2878 μετὰ
1556 2791 1630 2860 δὲ
1684 2796 1962 2874 τούτους
2005 2800 2164 2874 τοὺς
2201 2818 2232 2866 6

234 2900 479 2974 τόπους
507 2898 786 2984 ὑπάρχει
813 2901 997 2987 χώρα
1024 2901 1254 2978 πεδιὰς
1290 2902 1720 2988 κατάρρυτος,
1750 2901 2163 2988 ἐκτρέφουσα

238 3005 350 3069 διὰ
411 3006 527 3081 τὰς
588 3006 804 3091 πάντῃ
871 3008 1312 3091 διαρρεούσας
1374 3010 1589 3091 πηγὰς
1654 3010 1989 3092 ἄγρωστιν
2050 3006 2162 3073 καὶ

157 3129 208 3171 25
235 3112 544 3195 μηδίκην,
591 3114 688 3177 ἔτι
735 3109 809 3177 δὲ
855 3115 1069 3179 λωτὸν
1115 3115 1518 3200 ἀνδρομήκη.
1601 3117 1713 3180 διὰ
1761 3111 1834 3178 δὲ
1878 3116 1953 3178 τὸ
1999 3118 2162 3195 πλῆ-

232 3222 362 3295 θος
412 3216 524 3283 καὶ
578 3220 702 3303 τὴν
758 3219 1000 3307 ἀρετὴν
1052 3231 1168 3305 τῆς
1221 3230 1430 3307 νομῆς
1484 3222 1567 3286 Οὐ
1628 3222 1840 3304 μόνον
1897 3229 2160 3302 κτηνῶν

411 3416 442 3465 6
490 3415 787 3480 ποικηλίας
823 3414 899 3481 D,
946 3409 1224 3483 ὠφελείας
1271 3414 1323 3466 ΙΙ
1508 3419 1539 3467 9
1577 3411 1886 3477 Λαιανίτης
1921 3409 2154 3479 Agath]

231 3481 480 3548 λαινίτης
525 3481 602 3550 D,
639 3483 900 3554 ’λαιρίτης
944 3485 1006 3552 F,
1052 3481 1346 3552 ἀλαινίτης
1386 3483 1433 3539 G
1615 3486 1681 3536 15
1719 3481 1921 3549 διῆγον
1959 3478 2155 3546 Cobet,

232 3552 494 3621 διεξῆγον
533 3552 746 3609 malim.
