2569 4061
346 216 474 280 1Ίο
1016 213 1321 270 DIODORI
1360 212 1593 269 SICULI

337 379 551 462 ὄνομα
604 377 1103 460 μνημονεύεται.
1192 385 1453 460 πρῶτος
1510 371 1584 439 δὲ
1627 385 1763 439 τῶν
1817 376 1913 450 είς
1959 375 2259 460 ἱστορίαν

337 481 448 547 καὶ
493 485 759 565 μνήμην
802 478 1365 566 παραδεδομένων
1409 479 1570 564 ἡμῖν
1606 482 1821 557 Νίνος
1866 480 1902 546 ὁ
1950 484 2261 564 βασιλεὺς

335 598 470 651 τῶν
519 582 885 672 Ἀσσυρίων
939 587 1229 669 μεγάλας
1282 587 1551 671 πράξεις
1604 584 2049 652 ἐπετελέσατο·
2105 584 2259 672 περὶ

307 673 421 757 οὗ
465 694 546 757 τὰ
590 694 754 757 κατα
799 692 999 779 μέρος
1044 692 1463 778 ἀναγράφειν
1505 696 1978 778 πειρασόμεθα.
2068 696 2256 777 γενό-

336 823 534 882 μενος
577 800 705 885 γὰρ
754 800 953 882 φύσει
995 799 1348 882 πολεμικὸς
1391 796 1501 863 καὶ
1541 800 1827 883 ζηλωτὴς
1870 808 1985 882 τῆς
2023 799 2256 885 ἀρετῆς
2283 816 2310 856 5

333 906 721 970 καθώπλισε
755 914 891 968 τῶν
935 902 1112 968 νέων
1143 907 1302 981 τοὺς
1346 906 1761 990 κρατίστους·
1808 905 2150 989 γυμνάσας
2187 899 2249 968 δ’

334 1009 578 1088 αὐτοὺς
612 1011 888 1075 πλείονα
913 1011 1161 1094 χρόνον
1197 1013 1519 1092 συνήθεις
1546 1008 1813 1094 ἐποίησε
1849 1011 2026 1095 πάσῃ
2061 1034 2255 1075 κακο-

260 1138 295 1187 5
332 1119 581 1203 παθείᾳ
617 1114 728 1181 καὶ
763 1120 1152 1200 πολεμικοῖς
1182 1117 1540 1192 κινδύνοις.
1607 1117 2101 1201 συστησάμενος
2129 1110 2254 1181 οὗν

332 1222 783 1307 στρατόπεδον
838 1220 1187 1303 ἀξιόλογον
1243 1226 1623 1306 συμμαχίαν
1675 1221 2030 1305 ἐποιήσατο
2089 1224 2255 1308 πρὸς

324 1322 618 1412 Ἀριαῖον
661 1328 780 1392 τὸν
822 1324 1099 1410 βασιλέα
1142 1337 1257 1412 τῆς
1299 1323 1632 1415 Ἀραβίας,
1676 1327 1718 1411 ἢ
1766 1324 1907 1394 κατ’
1957 1327 2253 1405 ἐκείνους
2281 1339 2333 1379 1⁰

328 1437 486 1510 τοὺς
521 1436 806 1520 χρόνους
842 1434 1056 1500 ἐδόκει
1102 1437 1390 1519 πλήθειν
1428 1434 1727 1519 ἀλκίμων
1760 1435 2047 1521 ἀνδρῶν.
2112 1438 2251 1501 ἔστι

331 1536 405 1604 δὲ
460 1539 572 1605 καὶ
624 1543 926 1606 καθόλου
980 1549 1178 1607 τοῦτο
1225 1543 1301 1606 τὸ
1357 1543 1559 1617 ἔθνος
1605 1541 2089 1626 φιλελεύθερον
2139 1538 2251 1606 καὶ

327 1641 468 1711 κατ’
503 1645 748 1713 οὐδένα
783 1649 1034 1734 τρόπον
1068 1649 1606 1733 προσδεχόμενον
1642 1650 1893 1731 ἔπηλυν
1926 1646 2249 1732 ἡγεμόνα·

328 1753 559 1839 διόπερ
606 1751 761 1818 οὔθ’
808 1754 878 1818 οἰ
907 1764 1042 1818 τῶν
1080 1758 1365 1837 Περσῶν
1409 1756 1703 1837 βασιλεῖς
1745 1753 2028 1840 ὕστερον
2067 1748 2223 1819 οὔθ’
2251 1765 2355 1814 114

328 1861 399 1925 οἱ
455 1873 590 1927 τῶν
652 1862 1101 1944 Μακεδόνων,
1163 1863 1398 1946 καίπερ
1461 1865 1774 1927 πλεῖστον
1838 1863 2245 1946 ἰσχύσαντες,
2274 1868 2325 1908 15

252 1986 287 2035 6
323 1966 765 2052 ἠδυνήθησαν
792 1975 987 2033 τοῦτο
1016 1967 1091 2033 τὸ
1121 1968 1322 2045 ἔθνος
1356 1968 2016 2034 καταδουλώσασθαι.
2078 1973 2246 2033 καθ-

325 2076 489 2139 όλου
560 2076 686 2161 γὰρ
759 2073 801 2157 ἡ
860 2071 1131 2160 Ἀραβία
1205 2073 1699 2159 δυσπολέμητός
1764 2075 1903 2141 ἐστι
1963 2075 2245 2155 ξενικαῖς

324 2181 649 2267 δυνάμεσι
706 2183 818 2247 διὰ
860 2183 936 2248 τὸ
991 2182 1115 2264 τὴν
1161 2178 1283 2266 μὲν
1329 2185 1579 2268 ἔρημον
1624 2182 1826 2266 αὐτῆς
1871 2177 2072 2265 εἶναι,
2118 2183 2243 2266 τὴν

322 2284 396 2352 δὲ
452 2290 749 2375 ἄνυδρον
793 2286 903 2354 καὶ
958 2287 1430 2372 διειλημμένην
1477 2287 1720 2375 φρέασι
1769 2289 2244 2375 κεκρυμμένοις

249 2410 283 2459 ’1
322 2391 431 2457 καὶ
476 2397 708 2477 μόνοις
752 2404 892 2470 τοῖς
937 2393 1279 2479 ἐγχωρίοις
1324 2392 1848 2480 γνωριζομένοις.
1923 2393 1959 2460 ὁ
2008 2393 2071 2460 δ’
2116 2391 2242 2461 οὖν
2270 2401 2322 2440 ²⁰

320 2508 455 2563 τῶν
502 2493 869 2584 Ἀσσυρίων
924 2502 1235 2581 βασιλεὺς
1288 2501 1503 2574 Νίνος
1563 2500 1682 2563 τὸν
1748 2501 2241 2567 δυναστεύοντα

318 2614 453 2669 τῶν
501 2601 803 2688 Ἀράβων
861 2605 1266 2687 παραλαβὼν
1325 2604 1713 2686 ἐστράτευσε
1774 2606 1935 2688 μετὰ
1989 2610 2239 2690 πολλῆς

320 2711 665 2794 δυνάμεως
737 2708 843 2775 ἐπὶ
906 2712 1383 2793 Βαβυλωνίους
1443 2719 1913 2787 κατοικοῦντας
1985 2709 2237 2798 ὅμορον

316 2817 566 2900 χώραν·
620 2814 762 2881 κατ’
816 2815 1111 2893 ἐκείνους
1165 2812 1239 2881 δὲ
1292 2819 1451 2893 τοὺς
1502 2819 1789 2903 χρόνους
1840 2816 1881 2900 ἡ
1929 2812 2052 2901 μὲν
2105 2828 2238 2885 νῦν

314 2917 487 2988 οὖσα
527 2924 857 3006 Βαβυλὼν
901 2923 1025 2988 οὐκ
1070 2918 1155 3006 ἦν
1200 2920 1567 3007 ἐκτισμένη,
1613 2924 1779 2988 κατὰ
1826 2919 1899 2988 δὲ
1942 2925 2068 3008 τὴν
2105 2930 2237 2991 Βα-
2264 2929 2315 2970 25

315 3032 657 3111 βυλωνίαν
708 3029 1010 3115 ὑπῆρχον
1056 3030 1249 3095 ἄλλαι
1303 3032 1528 3106 πόλεις
1572 3027 1933 3115 ἀξιόλογοι·
1992 3031 2236 3119 ῥᾳδίως

318 3132 393 3200 δὲ
428 3137 913 3224 χειρωσάμενος
947 3139 1105 3213 τοὺς
1141 3135 1502 3222 ἐγχωρίους
1539 3137 1650 3202 διὰ
1694 3139 1769 3202 τὸ
1805 3148 1940 3203 τῶν
1986 3136 2060 3202 ἐν
2094 3147 2234 3214 τοῖς

310 3243 625 3329 πολέμοις
658 3245 995 3311 κινδύνων
1032 3242 1318 3328 ἀπείρως
1354 3245 1550 3327 ἔχειν,
1595 3243 1857 3320 τούτοις
1894 3241 2015 3328 μὲν
2052 3244 2233 3324 ἔταξε

454 3472 485 3516 2
524 3463 659 3535 ἡμῖν
697 3485 805 3526 om.
843 3471 995 3540 vulg.
1142 3477 1173 3525 5
1212 3470 1310 3538 τῆς
1347 3487 1454 3526 om.
1497 3470 1614 3527 OF.
