2569 4061
1027 325 1081 381 Π
1117 330 1201 380 54.
1234 330 1320 381 55.
1999 328 2127 392 257

210 485 324 553 καὶ
386 486 853 573 διαφορώτατα
924 485 1086 571 γένη
1151 490 1466 571 καμήλων
1528 489 1790 576 τρέφει,
1865 497 2001 554 τῶν
2064 512 2133 553 τε

207 599 427 671 ψιλῶν
489 592 601 658 καὶ
664 592 925 660 δασέων
987 590 1098 660 καὶ
1155 595 1443 659 διπλοῦν
1506 593 1999 663 ἀνατετακότων
2056 596 2132 660 τὸ

207 701 376 766 κατὰ
431 700 554 784 τὴν
614 700 808 786 ῥάχιν
866 701 1179 787 κύρτωμα
1236 699 1350 767 καὶ
1411 700 1523 765 διὰ
1584 709 1778 766 τοῦτο
1844 704 2133 770 διτύλων

210 805 746 891 ὀνομαζομένων,
816 802 913 873 ὧν
970 808 1045 872 αί
1102 804 1225 893 μὲν
1289 807 1460 890 γάλα
1522 810 1962 892 παρεχόμεναι
2022 809 2134 875 καὶ

155 932 182 973 5
208 914 790 1000 κρεοφαγούμεναι
842 914 1098 998 πολλὴν
1151 912 1552 999 παρέχονται
1600 922 1742 988 τοῖς
1796 912 2136 999 ἐγχωρίοις

212 1022 584 1103 δαψίλειαν,
623 1020 698 1085 αἱ
731 1015 804 1085 δὲ
839 1022 1005 1106 πρὸς
1041 1021 1469 1106 νωτοφορίαν
1505 1017 1873 1104 ἠσκημέναι
1902 1031 2135 1104 πυρῶν

209 1123 334 1211 μὲν
381 1126 510 1192 ἀνὰ
548 1125 707 1192 δέκα
751 1128 1115 1211 μεδίμνους
1149 1136 1684 1212 νωτοφοροῦσιν,
1731 1126 2137 1214 ἀνθρώπους

172 1315 179 1321 ·
210 1230 286 1298 δὲ
332 1232 844 1318 κατακειμένους
888 1232 996 1299 ἐπὶ
1040 1236 1271 1317 κλίνης
1314 1233 1506 1300 πέντε
1551 1235 2022 1319 βαστάζουσιν·
2069 1233 2145 1297 αί

213 1335 288 1404 δὲ
335 1339 669 1406 ἀνάκωλοι
711 1339 823 1406 καὶ
868 1337 1153 1426 λαγαραὶ
1207 1349 1351 1417 ταῖς
1396 1341 1753 1407 συστάσεσι
1807 1340 2139 1426 δρομάδες

128 1464 183 1504 10
212 1448 376 1529 εἰσί,
440 1444 554 1511 καὶ
628 1448 1039 1512 διατείνουσι
1102 1451 1416 1511 πλεῖστον
1479 1447 1647 1513 ὁδοῦ
1719 1456 1953 1532 μῆκος,
2026 1446 2139 1513 καὶ

210 1553 497 1637 μάλιστα
532 1554 697 1637 πρὸς
731 1553 847 1629 τὰς
886 1553 998 1617 διὰ
1041 1561 1157 1636 τῆς
1195 1551 1496 1639 ἀνύδρου
1541 1551 1653 1619 καὶ
1691 1554 1939 1639 ἐρήμου
1977 1570 2136 1620 συν-
2223 1631 2236 1636 ἐ

98 1680 208 1729 167
232 1655 633 1740 τελουμένας
677 1657 1082 1744 ὁδοιπορίας.
1157 1659 1233 1723 ac
1273 1652 1338 1723 δ’
1380 1657 1576 1723 αὐταὶ
1619 1659 1731 1723 καὶ
1773 1662 1939 1725 κατὰ
1981 1648 2149 1737 τοὺς
2175 1683 2205 1730 7

211 1760 546 1846 πολέμους
607 1766 702 1841 εἰς
754 1765 871 1840 τὰς
933 1764 1145 1849 μάχας
1198 1767 1470 1850 ἔχουσαι
1531 1764 1813 1846 τοξότας·
1863 1767 2139 1847 ἄγονται

217 1868 344 1933 δύο
401 1866 974 1954 ἀντικαθημένους
1028 1871 1340 1955 ἀλλήλοις
1394 1869 1824 1947 ἀντινώτους·
1883 1870 2139 1935 τούτων

130 1993 184 2048 15
217 1972 293 2041 δὲ
349 1975 387 2042 ὁ
443 1971 564 2061 μὲν
618 1979 776 2054 τοὺς
827 1978 992 2043 κατὰ
1045 1981 1410 2065 πρόσωπον
1465 1976 1924 2059 ἀπαντῶντας,
1981 1975 2016 2041 ὁ
2066 1973 2139 2042 δὲ

212 2087 372 2161 τοὺς
436 2083 911 2162 ἐπιδιώκοντας
984 2085 1321 2170 ἀμύνεται.
1424 2083 1577 2171 περὶ
1641 2080 1764 2168 μὲν
1837 2078 1963 2148 οὖν
2025 2091 2141 2166 τῆς

205 2185 515 2277 Ἀραβίας
557 2188 669 2256 καὶ
713 2202 848 2257 τῶν
893 2189 968 2256 έν
1004 2191 1170 2277 αὐτῇ
1218 2190 1580 2276 φυομένων
1617 2193 1680 2255 εἰ
1719 2188 1831 2256 καὶ
1866 2194 2140 2254 πεπλεο-

214 2297 541 2381 νάκαμεν,
615 2294 758 2362 ἀλλ’
821 2291 946 2362 οὗν
1009 2299 1222 2362 πολλὰ
1293 2307 1435 2375 τοῖς
1507 2301 2134 2383 φιλαναγνωστοῦσι

214 2403 382 2489 πρὸς
426 2406 786 2487 φιληκοΐαν
833 2401 1352 2488 ἀπηγγέλκαμεν.

133 2524 188 2565 20
396 2508 567 2596 Περὶ
633 2505 707 2575 δὲ
769 2518 887 2594 τῆς
956 2510 1120 2576 κατά
1183 2510 1303 2576 τὸν
1376 2510 1672 2576 ὠκεανὸν
1743 2510 2131 2595 εὑρεθείσης
2162 2510 2248 2577 55

217 2618 432 2699 νήσου
491 2617 658 2682 κατὰ
710 2618 834 2701 τὴν
897 2619 1313 2703 μεσημβρίαν
1374 2613 1485 2681 καὶ
1539 2626 1674 2682 τῶν
1737 2610 1879 2681 κατ’
1931 2615 2142 2702 αὐτὴν

216 2722 985 2808 παραδοξολογουμένων
1049 2725 1508 2810 πειρασόμεθα
1562 2726 1905 2808 συντόμως
1967 2725 2142 2790 διελ-

217 2835 397 2914 θεῖν,
423 2829 922 2917 προεκθέμενοι
942 2831 1058 2906 τάς
1092 2831 1305 2907 αἰτίας
1330 2839 1447 2914 τῆς
1482 2829 1805 2917 εὑρέσεως
1830 2830 2140 2917 ἀκριβῶς.

209 2933 598 3020 Ἰαμβοῦλος
649 2932 737 3020 ἦν
783 2936 856 3003 ἐκ
898 2938 1160 3003 παίδων
1213 2938 1524 3003 παιδείαν
1569 2936 1936 3021 ἐζηλωκώς,
1982 2939 2143 3022 μετὰ
2178 2958 2210 3007 2

137 3058 189 3100 2⁵
220 3039 295 3107 δὲ
321 3044 446 3126 τὴν
482 3052 602 3109 τοῦ
628 3045 888 3130 πατρὸς·
910 3045 1224 3127 τελευτὴν
1252 3044 1447 3121 ὄντος
1484 3042 1778 3130 ἐμπόρου
1804 3042 1915 3110 καὶ
1944 3043 2143 3129 αὐτὸς

220 3151 470 3216 ἔδωκεν
531 3149 770 3216 ἑαυτὸν
834 3148 940 3216 ἐπὶ
1011 3151 1135 3233 τὴν
1198 3150 1546 3236 ἐμπορίαν·
1622 3150 2004 3234 ἀναβαίνων
2068 3145 2143 3212 δὲ

221 3257 335 3321 διὰ
369 3266 486 3341 τῆς
516 3251 822 3344 Ἀραβίας
867 3255 973 3322 ἐπὶ
1018 3256 1140 3341 τὴν
1186 3255 1714 3343 ἀρωματοφόρον
1759 3255 1890 3319 ὑπό
1935 3275 2140 3317 τινων

222 3367 485 3449 λῃστῶν
548 3366 945 3449 συνελήφθη
1010 3365 1170 3448 μετά
1239 3373 1375 3428 τῶν
1448 3363 1973 3446 συνοδοιπόρων.
2064 3359 2142 3422 τὸ

368 3597 433 3645 11
472 3589 614 3662 πρὸς
639 3589 740 3655 τὰς
777 3587 874 3647 διὰ
903 3590 1024 3662 τῆς]
1055 3587 1151 3645 διὰ
1179 3591 1280 3661 τῆς
1307 3587 1447 3660 πρὸς
1484 3588 1530 3641 D
1606 3581 2050 3655 συντελουμένης
2078 3585 2146 3640 D.

328 3690 369 3730 Ι)
372 3698 582 3732 ooooooo
609 3691 649 3733 1.
1758 3678 1823 3726 17
