<?xml version="1.0" encoding="UTF-8"?>
<!DOCTYPE html PUBLIC "-//W3C//DTD XHTML 1.0 Transitional//EN"
    "http://www.w3.org/TR/xhtml1/DTD/xhtml1-transitional.dtd">
<html xmlns="http://www.w3.org/1999/xhtml" xml:lang="en" lang="en">
 <head>
  <title>
</title>
<meta http-equiv="Content-Type" content="text/html;charset=utf-8" />
  <meta name='ocr-system' content='tesseract 3.04.00' />
  <meta name='ocr-capabilities' content='ocr_page ocr_carea ocr_par ocr_line ocrx_word'/>
</head>
<body>
  <div class='ocr_page' id='page_1' title='image "./diodoribiblioth02dindgoog_0258.png"; bbox 0 0 2569 4061; ppageno 0'>
   <div class='ocr_carea' id='block_1_1' title="bbox 383 202 1657 270">
    <p class='ocr_par' dir='ltr' id='par_1_1' title="bbox 383 202 1657 270">
     <span class='ocr_line' id='line_1_1' title="bbox 383 202 1657 270; baseline -0.01 0"><span class='ocrx_word' id='word_1_1' title='bbox 383 205 510 270; x_wconf 80' lang='grc'><em>158</em></span> <span class='ocrx_word' id='word_1_2' title='bbox 1075 202 1386 260; x_wconf 81' lang='lat' dir='ltr'><strong>DIODORJ</strong></span> <span class='ocrx_word' id='word_1_3' title='bbox 1424 202 1657 260; x_wconf 85' lang='lat' dir='ltr'>SICULI</span> 
     </span>
    </p>
   </div>
   <div class='ocr_carea' id='block_1_2' title="bbox 303 365 2382 1835">
    <p class='ocr_par' dir='ltr' id='par_1_2' title="bbox 377 365 2301 773">
     <span class='ocr_line' id='line_1_2' title="bbox 378 365 2301 456; baseline -0.002 -21"><span class='ocrx_word' id='word_1_4' title='bbox 378 368 586 454; x_wconf 84' lang='grc' dir='ltr'><em>μέγαν</em></span> <span class='ocrx_word' id='word_1_5' title='bbox 632 366 742 432; x_wconf 83' lang='grc' dir='ltr'><em>καὶ</em></span> <span class='ocrx_word' id='word_1_6' title='bbox 788 375 881 455; x_wconf 73' lang='grc' dir='ltr'><em>τῷ</em></span> <span class='ocrx_word' id='word_1_7' title='bbox 916 369 1040 456; x_wconf 74' lang='grc' dir='ltr'><em>βίω</em></span> <span class='ocrx_word' id='word_1_8' title='bbox 1078 370 1468 433; x_wconf 89' lang='grc' dir='ltr'><em>κοινότατον</em></span> <span class='ocrx_word' id='word_1_9' title='bbox 1502 376 1638 431; x_wconf 90' lang='grc' dir='ltr'><em>τῶν</em></span> <span class='ocrx_word' id='word_1_10' title='bbox 1678 365 2301 450; x_wconf 89' lang='grc' dir='ltr'><em>μνημονευομένων.</em></span> 
     </span>
     <span class='ocr_line' id='line_1_3' title="bbox 380 468 2301 562; baseline -0.001 -22"><span class='ocrx_word' id='word_1_11' title='bbox 380 479 922 557; x_wconf 80' lang='grc' dir='ltr'><em>προσποιηθῆναι</em></span> <span class='ocrx_word' id='word_1_12' title='bbox 969 468 1032 537; x_wconf 86' lang='grc' dir='ltr'><em>δ’</em></span> <span class='ocrx_word' id='word_1_13' title='bbox 1074 473 1256 562; x_wconf 72' lang='grc' dir='ltr'><em>αὐτῷ</em></span> <span class='ocrx_word' id='word_1_14' title='bbox 1300 474 1420 539; x_wconf 91' lang='grc' dir='ltr'><em>τὸν</em></span> <span class='ocrx_word' id='word_1_15' title='bbox 1455 469 1705 559; x_wconf 81' lang='grc' dir='ltr'><em>Ἑρμῆν</em></span> <span class='ocrx_word' id='word_1_16' title='bbox 1743 470 2103 537; x_wconf 77' lang='grc' dir='ltr'><em>δεδωκέναι</em></span> <span class='ocrx_word' id='word_1_17' title='bbox 2151 474 2301 538; x_wconf 91' lang='grc' dir='ltr'><em>τού-</em></span> 
     </span>
     <span class='ocr_line' id='line_1_4' title="bbox 377 577 2300 665; baseline 0 -21"><span class='ocrx_word' id='word_1_18' title='bbox 377 603 555 662; x_wconf 89' lang='grc' dir='ltr'><em>τους,</em></span> <span class='ocrx_word' id='word_1_19' title='bbox 604 581 693 657; x_wconf 82' lang='grc' dir='ltr'><em>ὡς</em></span> <span class='ocrx_word' id='word_1_20' title='bbox 739 581 1045 665; x_wconf 76' lang='grc' dir='ltr'><em>μεγάλων</em></span> <span class='ocrx_word' id='word_1_21' title='bbox 1090 579 1371 662; x_wconf 78' lang='grc' dir='ltr'><em>ἀγαθῶν</em></span> <span class='ocrx_word' id='word_1_22' title='bbox 1417 581 1670 657; x_wconf 79' lang='grc' dir='ltr'><strong><em>αἰτίους</em></strong></span> <span class='ocrx_word' id='word_1_23' title='bbox 1706 577 2086 663; x_wconf 80' lang='grc' dir='ltr'><em>ἐσομένους,</em></span> <span class='ocrx_word' id='word_1_24' title='bbox 2133 586 2300 645; x_wconf 83' lang='grc' dir='ltr'><em>καθ-</em></span> 
     </span>
     <span class='ocr_line' id='line_1_5' title="bbox 380 681 2299 773; baseline 0.001 -23"><span class='ocrx_word' id='word_1_25' title='bbox 380 687 543 771; x_wconf 92' lang='grc' dir='ltr'><em>άπερ</em></span> <span class='ocrx_word' id='word_1_26' title='bbox 593 683 747 773; x_wconf 83' lang='grc' dir='ltr'><em>παρ’</em></span> <span class='ocrx_word' id='word_1_27' title='bbox 787 684 1060 770; x_wconf 72' lang='grc' dir='ltr'><em>’Ἕλλησι</em></span> <span class='ocrx_word' id='word_1_28' title='bbox 1096 689 1377 769; x_wconf 83' lang='grc' dir='ltr'><em>ποιῆσαί</em></span> <span class='ocrx_word' id='word_1_29' title='bbox 1415 704 1625 771; x_wconf 90' lang='grc' dir='ltr'><em>φασιν</em></span> <span class='ocrx_word' id='word_1_30' title='bbox 1675 684 1748 750; x_wconf 88' lang='grc' dir='ltr'><em>έν</em></span> <span class='ocrx_word' id='word_1_31' title='bbox 1796 681 1918 770; x_wconf 74' lang='grc' dir='ltr'><em>μὲν</em></span> <span class='ocrx_word' id='word_1_32' title='bbox 1954 694 2031 771; x_wconf 76' lang='grc' dir='ltr'><em>τῇ</em></span> <span class='ocrx_word' id='word_1_33' title='bbox 2071 690 2299 772; x_wconf 79' lang='grc' dir='ltr'><em>Κρήτῃ</em></span> 
     </span>
    </p>

    <p class='ocr_par' dir='ltr' id='par_1_3' title="bbox 303 787 2354 986">
     <span class='ocr_line' id='line_1_6' title="bbox 303 787 2354 879; baseline 0 -23"><span class='ocrx_word' id='word_1_34' title='bbox 303 787 306 792; x_wconf 64' lang='grc'>’</span> <span class='ocrx_word' id='word_1_35' title='bbox 379 795 658 876; x_wconf 88' lang='grc' dir='ltr'><em>Μίνωα,</em></span> <span class='ocrx_word' id='word_1_36' title='bbox 721 794 900 879; x_wconf 75' lang='grc' dir='ltr'><em>παρὰ</em></span> <span class='ocrx_word' id='word_1_37' title='bbox 956 788 1031 857; x_wconf 73' lang='grc' dir='ltr'><em>δὲ</em></span> <span class='ocrx_word' id='word_1_38' title='bbox 1083 794 1640 877; x_wconf 78' lang='grc' dir='ltr'><em>Λακεδαιμονίοις</em></span> <span class='ocrx_word' id='word_1_39' title='bbox 1693 796 2128 878; x_wconf 84' lang='grc' dir='ltr'><em>Λυκοῦργον,</em></span> <span class='ocrx_word' id='word_1_40' title='bbox 2180 794 2300 857; x_wconf 88' lang='grc' dir='ltr'><em>τὸν</em></span> <span class='ocrx_word' id='word_1_41' title='bbox 2328 809 2354 848; x_wconf 84' lang='lat'>5</span> 
     </span>
     <span class='ocr_line' id='line_1_7' title="bbox 379 894 2303 986; baseline 0 -23"><span class='ocrx_word' id='word_1_42' title='bbox 379 895 501 982; x_wconf 74' lang='grc' dir='ltr'><em>μὲν</em></span> <span class='ocrx_word' id='word_1_43' title='bbox 545 901 723 986; x_wconf 79' lang='grc' dir='ltr'><em>παρὰ</em></span> <span class='ocrx_word' id='word_1_44' title='bbox 767 903 965 983; x_wconf 88' lang='grc' dir='ltr'><em>Διός,</em></span> <span class='ocrx_word' id='word_1_45' title='bbox 1025 900 1145 964; x_wconf 86' lang='grc' dir='ltr'><em>τὸν</em></span> <span class='ocrx_word' id='word_1_46' title='bbox 1202 894 1277 964; x_wconf 69' lang='grc' dir='ltr'><em>δὲ</em></span> <span class='ocrx_word' id='word_1_47' title='bbox 1331 896 1482 984; x_wconf 89' lang='grc' dir='ltr'><em>παρ’</em></span> <span class='ocrx_word' id='word_1_48' title='bbox 1533 897 1947 975; x_wconf 78' lang='grc' dir='ltr'><em>’Λπόλλωνος</em></span> <span class='ocrx_word' id='word_1_49' title='bbox 1993 900 2303 984; x_wconf 80' lang='grc' dir='ltr'><em>φήσαντα</em></span> 
     </span>
    </p>

    <p class='ocr_par' dir='ltr' id='par_1_4' title="bbox 307 1000 2382 1835">
     <span class='ocr_line' id='line_1_8' title="bbox 307 1000 2300 1092; baseline -0.003 -18"><span class='ocrx_word' id='word_1_50' title='bbox 307 1027 340 1074; x_wconf 84' lang='lat'>2</span> <span class='ocrx_word' id='word_1_51' title='bbox 377 1007 658 1083; x_wconf 85' lang='grc' dir='ltr'><em>τούτους</em></span> <span class='ocrx_word' id='word_1_52' title='bbox 701 1003 1201 1092; x_wconf 78' lang='grc' dir='ltr'><em>παρειληφέναι.</em></span> <span class='ocrx_word' id='word_1_53' title='bbox 1293 1003 1405 1070; x_wconf 86' lang='grc' dir='ltr'><em>καὶ</em></span> <span class='ocrx_word' id='word_1_54' title='bbox 1458 1002 1614 1091; x_wconf 82' lang='grc' dir='ltr'><em>παρ’</em></span> <span class='ocrx_word' id='word_1_55' title='bbox 1668 1004 1916 1088; x_wconf 81' lang='grc' dir='ltr'><em>ἑτέροις</em></span> <span class='ocrx_word' id='word_1_56' title='bbox 1962 1000 2037 1070; x_wconf 71' lang='grc' dir='ltr'><em>δὲ</em></span> <span class='ocrx_word' id='word_1_57' title='bbox 2081 1007 2300 1070; x_wconf 84' lang='grc' dir='ltr'><em>πλείο-</em></span> 
     </span>
     <span class='ocr_line' id='line_1_9' title="bbox 379 1109 2301 1197; baseline 0 -21"><span class='ocrx_word' id='word_1_58' title='bbox 379 1128 490 1176; x_wconf 89' lang='grc' dir='ltr'><em>σιν</em></span> <span class='ocrx_word' id='word_1_59' title='bbox 526 1114 753 1176; x_wconf 84' lang='grc' dir='ltr'><em>ἔθνεσι</em></span> <span class='ocrx_word' id='word_1_60' title='bbox 791 1110 1239 1197; x_wconf 78' lang='grc' dir='ltr'><em>παραδέδοται</em></span> <span class='ocrx_word' id='word_1_61' title='bbox 1275 1119 1475 1176; x_wconf 82' lang='grc' dir='ltr'><em>τοῦτο</em></span> <span class='ocrx_word' id='word_1_62' title='bbox 1511 1113 1586 1176; x_wconf 87' lang='grc' dir='ltr'><em>τὸ</em></span> <span class='ocrx_word' id='word_1_63' title='bbox 1624 1109 1819 1194; x_wconf 83' lang='grc' dir='ltr'><em>γένος</em></span> <span class='ocrx_word' id='word_1_64' title='bbox 1854 1120 1970 1195; x_wconf 83' lang='grc' dir='ltr'><em>τῆς</em></span> <span class='ocrx_word' id='word_1_65' title='bbox 2007 1111 2301 1188; x_wconf 86' lang='grc' dir='ltr'><em>ἐπινοίας</em></span> 
     </span>
     <span class='ocr_line' id='line_1_10' title="bbox 377 1214 2300 1300; baseline 0.001 -21"><span class='ocrx_word' id='word_1_66' title='bbox 377 1215 662 1300; x_wconf 84' lang='grc' dir='ltr'><em>ὑπάρξαι</em></span> <span class='ocrx_word' id='word_1_67' title='bbox 716 1214 827 1282; x_wconf 85' lang='grc' dir='ltr'><em>καὶ</em></span> <span class='ocrx_word' id='word_1_68' title='bbox 871 1221 1139 1281; x_wconf 80' lang='grc' dir='ltr'><em>πολλῶν</em></span> <span class='ocrx_word' id='word_1_69' title='bbox 1194 1216 1473 1300; x_wconf 88' lang='grc' dir='ltr'><em>ἀγαθῶν</em></span> <span class='ocrx_word' id='word_1_70' title='bbox 1528 1223 1746 1283; x_wconf 78' lang='grc' dir='ltr'><em>αἴτιον</em></span> <span class='ocrx_word' id='word_1_71' title='bbox 1800 1216 2118 1300; x_wconf 86' lang='grc' dir='ltr'><em>γενέσθαι</em></span> <span class='ocrx_word' id='word_1_72' title='bbox 2161 1227 2300 1293; x_wconf 90' lang='grc' dir='ltr'><em>τοῖς</em></span> 
     </span>
     <span class='ocr_line' id='line_1_11' title="bbox 378 1319 2382 1410; baseline 0 -23"><span class='ocrx_word' id='word_1_73' title='bbox 378 1328 739 1387; x_wconf 79' lang='grc' dir='ltr'><em>πεισθεῖσι·</em></span> <span class='ocrx_word' id='word_1_74' title='bbox 776 1324 953 1408; x_wconf 82' lang='grc' dir='ltr'><em>παρα</em></span> <span class='ocrx_word' id='word_1_75' title='bbox 989 1319 1111 1407; x_wconf 73' lang='grc' dir='ltr'><em>μὲν</em></span> <span class='ocrx_word' id='word_1_76' title='bbox 1146 1325 1273 1408; x_wconf 82' lang='grc' dir='ltr'><em>γὰρ</em></span> <span class='ocrx_word' id='word_1_77' title='bbox 1311 1335 1452 1401; x_wconf 87' lang='grc' dir='ltr'><em>τοῖς</em></span> <span class='ocrx_word' id='word_1_78' title='bbox 1482 1322 1813 1410; x_wconf 77' lang='grc' dir='ltr'><em>Ἀριανοῖς</em></span> <span class='ocrx_word' id='word_1_79' title='bbox 1852 1324 2299 1410; x_wconf 86' lang='grc' dir='ltr'><em>Ζαθραύστην</em></span> <span class='ocrx_word' id='word_1_80' title='bbox 2330 1341 2382 1379; x_wconf 83' lang='grc'><em>10</em></span> 
     </span>
     <span class='ocr_line' id='line_1_12' title="bbox 380 1429 2299 1516; baseline 0.001 -24"><span class='ocrx_word' id='word_1_81' title='bbox 380 1429 722 1515; x_wconf 75' lang='grc' dir='ltr'><em>ἱστοροῦσι</em></span> <span class='ocrx_word' id='word_1_82' title='bbox 758 1430 878 1494; x_wconf 90' lang='grc' dir='ltr'><em>τὸν</em></span> <span class='ocrx_word' id='word_1_83' title='bbox 914 1429 1179 1512; x_wconf 85' lang='grc' dir='ltr'><em>ἀγαθὸν</em></span> <span class='ocrx_word' id='word_1_84' title='bbox 1208 1432 1495 1515; x_wconf 88' lang='grc' dir='ltr'><em>δαίμονα</em></span> <span class='ocrx_word' id='word_1_85' title='bbox 1521 1433 2107 1516; x_wconf 83' lang='grc' dir='ltr'><em>προσποιήσασθαι</em></span> <span class='ocrx_word' id='word_1_86' title='bbox 2141 1432 2299 1505; x_wconf 86' lang='grc' dir='ltr'><em>τοὺς</em></span> 
     </span>
     <span class='ocr_line' id='line_1_13' title="bbox 378 1534 2300 1625; baseline 0.001 -26"><span class='ocrx_word' id='word_1_87' title='bbox 378 1538 629 1620; x_wconf 90' lang='grc' dir='ltr'><em>νόμους</em></span> <span class='ocrx_word' id='word_1_88' title='bbox 674 1536 850 1625; x_wconf 76' lang='grc' dir='ltr'><em>αὐτῷ</em></span> <span class='ocrx_word' id='word_1_89' title='bbox 899 1538 1194 1620; x_wconf 87' lang='grc' dir='ltr'><em>διδόναι,</em></span> <span class='ocrx_word' id='word_1_90' title='bbox 1248 1539 1427 1623; x_wconf 79' lang='grc' dir='ltr'><em>παρὰ</em></span> <span class='ocrx_word' id='word_1_91' title='bbox 1483 1534 1559 1602; x_wconf 74' lang='grc' dir='ltr'><em>δὲ</em></span> <span class='ocrx_word' id='word_1_92' title='bbox 1604 1548 1743 1614; x_wconf 87' lang='grc' dir='ltr'><em>τοῖς</em></span> <span class='ocrx_word' id='word_1_93' title='bbox 1789 1534 2300 1621; x_wconf 81' lang='grc' dir='ltr'><em>ὀνομαζομένοις</em></span> 
     </span>
     <span class='ocr_line' id='line_1_14' title="bbox 379 1641 2298 1728; baseline 0 -22"><span class='ocrx_word' id='word_1_94' title='bbox 379 1641 613 1720; x_wconf 89' lang='grc' dir='ltr'><em>Γέταις</em></span> <span class='ocrx_word' id='word_1_95' title='bbox 656 1654 797 1720; x_wconf 88' lang='grc' dir='ltr'><em>τοῖς</em></span> <span class='ocrx_word' id='word_1_96' title='bbox 832 1643 1402 1722; x_wconf 79' lang='grc' dir='ltr'><em>ἀπαθανατίζουσι</em></span> <span class='ocrx_word' id='word_1_97' title='bbox 1450 1644 1782 1728; x_wconf 76' lang='grc' dir='ltr'><em>Ζάλμοξιν</em></span> <span class='ocrx_word' id='word_1_98' title='bbox 1830 1644 2143 1719; x_wconf 82' lang='grc' dir='ltr'><em>ὡσαύτως</em></span> <span class='ocrx_word' id='word_1_99' title='bbox 2176 1644 2298 1726; x_wconf 80' lang='grc' dir='ltr'><em>τὴν</em></span> 
     </span>
     <span class='ocr_line' id='line_1_15' title="bbox 378 1745 2299 1835; baseline 0.001 -23"><span class='ocrx_word' id='word_1_100' title='bbox 378 1749 613 1831; x_wconf 87' lang='grc' dir='ltr'><em>κοινὴν</em></span> <span class='ocrx_word' id='word_1_101' title='bbox 657 1745 952 1831; x_wconf 85' lang='grc' dir='ltr'><em>Ἑστίαν,</em></span> <span class='ocrx_word' id='word_1_102' title='bbox 1016 1751 1195 1835; x_wconf 82' lang='grc' dir='ltr'><em>παρα</em></span> <span class='ocrx_word' id='word_1_103' title='bbox 1251 1746 1326 1814; x_wconf 74' lang='grc' dir='ltr'><em>δὲ</em></span> <span class='ocrx_word' id='word_1_104' title='bbox 1388 1761 1529 1827; x_wconf 88' lang='grc' dir='ltr'><em>τοῖς</em></span> <span class='ocrx_word' id='word_1_105' title='bbox 1584 1747 1934 1826; x_wconf 88' lang='grc' dir='ltr'><em>Ἰουδαίοις</em></span> <span class='ocrx_word' id='word_1_106' title='bbox 1991 1754 2299 1831; x_wconf 80' lang='grc' dir='ltr'><em>Μωυσῆν</em></span> 
     </span>
    </p>
   </div>
   <div class='ocr_carea' id='block_1_3' title="bbox 378 1849 2493 1940">
    <p class='ocr_par' dir='ltr' id='par_1_5' title="bbox 378 1849 2493 1940">
     <span class='ocr_line' id='line_1_16' title="bbox 378 1849 2493 1940; baseline 0 -22"><span class='ocrx_word' id='word_1_107' title='bbox 378 1855 498 1919; x_wconf 90' lang='grc' dir='ltr'><em>τὸν</em></span> <span class='ocrx_word' id='word_1_108' title='bbox 537 1849 680 1922; x_wconf 80' lang='grc' dir='ltr'><em>Ἰαὼ</em></span> <span class='ocrx_word' id='word_1_109' title='bbox 728 1854 1251 1940; x_wconf 78' lang='grc' dir='ltr'><em>ἐπικαλούμενον</em></span> <span class='ocrx_word' id='word_1_110' title='bbox 1306 1857 1504 1938; x_wconf 90' lang='grc' dir='ltr'><em>θεόν,</em></span> <span class='ocrx_word' id='word_1_111' title='bbox 1562 1861 1692 1921; x_wconf 80' lang='grc' dir='ltr'><em>εἴτε</em></span> <span class='ocrx_word' id='word_1_112' title='bbox 1745 1854 2143 1939; x_wconf 83' lang='grc' dir='ltr'><em>θαυμαστὴν</em></span> <span class='ocrx_word' id='word_1_113' title='bbox 2186 1852 2298 1919; x_wconf 84' lang='grc' dir='ltr'><em>καὶ</em></span> <span class='ocrx_word' id='word_1_114' title='bbox 2329 1871 2382 1911; x_wconf 85' lang='lat'><em>15</em></span> <span class='ocrx_word' id='word_1_115' title='bbox 2481 1896 2493 1908; x_wconf 91' lang='lat'><strong>·</strong></span> 
     </span>
    </p>
   </div>
   <div class='ocr_carea' id='block_1_4' title="bbox 305 1957 2381 3219">
    <p class='ocr_par' dir='ltr' id='par_1_6' title="bbox 305 1957 2381 3219">
     <span class='ocr_line' id='line_1_17' title="bbox 379 1957 2298 2050; baseline 0.002 -26"><span class='ocrx_word' id='word_1_116' title='bbox 379 1963 577 2025; x_wconf 88' lang='grc' dir='ltr'><em>θείαν</em></span> <span class='ocrx_word' id='word_1_117' title='bbox 615 1960 784 2038; x_wconf 82' lang='grc' dir='ltr'><em>ὅλως</em></span> <span class='ocrx_word' id='word_1_118' title='bbox 828 1963 1098 2025; x_wconf 80' lang='grc' dir='ltr'><em>ἔννοιαν</em></span> <span class='ocrx_word' id='word_1_119' title='bbox 1144 1957 1318 2026; x_wconf 80' lang='grc' dir='ltr'><em>εἶναι</em></span> <span class='ocrx_word' id='word_1_120' title='bbox 1363 1965 1720 2050; x_wconf 90' lang='grc' dir='ltr'><em>κρίναντας</em></span> <span class='ocrx_word' id='word_1_121' title='bbox 1761 1962 1885 2045; x_wconf 83' lang='grc' dir='ltr'><em>τὴν</em></span> <span class='ocrx_word' id='word_1_122' title='bbox 1921 1958 2298 2047; x_wconf 85' lang='grc' dir='ltr'><em>μέλλουσαν</em></span> 
     </span>
     <span class='ocr_line' id='line_1_18' title="bbox 380 2067 2297 2155; baseline -0.001 -22"><span class='ocrx_word' id='word_1_123' title='bbox 380 2068 753 2152; x_wconf 82' lang='grc' dir='ltr'><em>ὠφελήσειν</em></span> <span class='ocrx_word' id='word_1_124' title='bbox 807 2068 1189 2155; x_wconf 83' lang='grc' dir='ltr'><em>ἀνθρώπων</em></span> <span class='ocrx_word' id='word_1_125' title='bbox 1242 2075 1535 2154; x_wconf 79' lang='grc' dir='ltr'><em>πλῆθος,</em></span> <span class='ocrx_word' id='word_1_126' title='bbox 1602 2077 1730 2136; x_wconf 78' lang='grc' dir='ltr'><em>εἴτε</em></span> <span class='ocrx_word' id='word_1_127' title='bbox 1793 2067 1903 2135; x_wconf 84' lang='grc' dir='ltr'><em>καὶ</em></span> <span class='ocrx_word' id='word_1_128' title='bbox 1938 2069 2122 2155; x_wconf 84' lang='grc' dir='ltr'><em>’πρὸς</em></span> <span class='ocrx_word' id='word_1_129' title='bbox 2175 2069 2297 2151; x_wconf 88' lang='grc' dir='ltr'><em>τὴν</em></span> 
     </span>
     <span class='ocr_line' id='line_1_19' title="bbox 378 2173 2299 2264; baseline 0.001 -25"><span class='ocrx_word' id='word_1_130' title='bbox 378 2173 715 2262; x_wconf 83' lang='grc' dir='ltr'><em>ὑπεροχὴν</em></span> <span class='ocrx_word' id='word_1_131' title='bbox 760 2174 870 2243; x_wconf 87' lang='grc' dir='ltr'><em>καὶ</em></span> <span class='ocrx_word' id='word_1_132' title='bbox 926 2177 1215 2261; x_wconf 91' lang='grc' dir='ltr'><em>δύναμιν</em></span> <span class='ocrx_word' id='word_1_133' title='bbox 1259 2189 1396 2243; x_wconf 87' lang='grc' dir='ltr'><em>τῶν</em></span> <span class='ocrx_word' id='word_1_134' title='bbox 1441 2177 1664 2264; x_wconf 82' lang='grc' dir='ltr'><em>εὑρεῖν</em></span> <span class='ocrx_word' id='word_1_135' title='bbox 1719 2176 2097 2261; x_wconf 84' lang='grc' dir='ltr'><em>λεγομένων</em></span> <span class='ocrx_word' id='word_1_136' title='bbox 2142 2178 2299 2252; x_wconf 83' lang='grc' dir='ltr'><em>τοὺς</em></span> 
     </span>
     <span class='ocr_line' id='line_1_20' title="bbox 379 2281 2298 2368; baseline 0 -22"><span class='ocrx_word' id='word_1_137' title='bbox 379 2284 629 2366; x_wconf 90' lang='grc' dir='ltr'><em>νόμους</em></span> <span class='ocrx_word' id='word_1_138' title='bbox 684 2281 1150 2365; x_wconf 85' lang='grc' dir='ltr'><em>ἀποβλέψαντα</em></span> <span class='ocrx_word' id='word_1_139' title='bbox 1196 2286 1316 2349; x_wconf 90' lang='grc' dir='ltr'><em>τὸν</em></span> <span class='ocrx_word' id='word_1_140' title='bbox 1371 2286 1572 2367; x_wconf 81' lang='grc' dir='ltr'><em>ὄχλον</em></span> <span class='ocrx_word' id='word_1_141' title='bbox 1625 2288 1879 2368; x_wconf 82' lang='grc' dir='ltr'><em>μᾶλλον</em></span> <span class='ocrx_word' id='word_1_142' title='bbox 1936 2283 2298 2349; x_wconf 85' lang='grc' dir='ltr'><em>ὑπακούσε-</em></span> 
     </span>
     <span class='ocr_line' id='line_1_21' title="bbox 307 2385 2381 2475; baseline -0.001 -19"><span class='ocrx_word' id='word_1_143' title='bbox 307 2409 340 2456; x_wconf 86' lang='grc'><strong>3</strong></span> <span class='ocrx_word' id='word_1_144' title='bbox 379 2394 542 2452; x_wconf 87' lang='grc' dir='ltr'><em>σθαι</em></span> <span class='ocrx_word' id='word_1_145' title='bbox 600 2389 1053 2471; x_wconf 88' lang='grc' dir='ltr'><em>διαλαβόντας.</em></span> <span class='ocrx_word' id='word_1_146' title='bbox 1148 2390 1463 2475; x_wconf 90' lang='grc' dir='ltr'><em>δεύτερον</em></span> <span class='ocrx_word' id='word_1_147' title='bbox 1529 2385 1605 2454; x_wconf 73' lang='grc' dir='ltr'><em>δὲ</em></span> <span class='ocrx_word' id='word_1_148' title='bbox 1665 2386 2047 2474; x_wconf 83' lang='grc' dir='ltr'><em>νομοθέτην</em></span> <span class='ocrx_word' id='word_1_149' title='bbox 2090 2389 2297 2472; x_wconf 85' lang='grc' dir='ltr'><em>Αίγύ-</em></span> <span class='ocrx_word' id='word_1_150' title='bbox 2326 2405 2381 2444; x_wconf 79' lang='lat'><em>20</em></span> 
     </span>
     <span class='ocr_line' id='line_1_22' title="bbox 378 2493 2299 2580; baseline 0.003 -25"><span class='ocrx_word' id='word_1_151' title='bbox 378 2495 563 2557; x_wconf 90' lang='grc' dir='ltr'><em>πτιοί</em></span> <span class='ocrx_word' id='word_1_152' title='bbox 603 2509 769 2576; x_wconf 90' lang='grc' dir='ltr'><em>φασι</em></span> <span class='ocrx_word' id='word_1_153' title='bbox 813 2493 1129 2576; x_wconf 86' lang='grc' dir='ltr'><em>γενέσθαι</em></span> <span class='ocrx_word' id='word_1_154' title='bbox 1173 2496 1509 2579; x_wconf 78' lang='grc' dir='ltr'><em>Σάσυχιν,</em></span> <span class='ocrx_word' id='word_1_155' title='bbox 1564 2497 1780 2580; x_wconf 76' lang='grc' dir='ltr'><em>ἄνδρα</em></span> <span class='ocrx_word' id='word_1_156' title='bbox 1834 2494 2101 2560; x_wconf 86' lang='grc' dir='ltr'><em>συνέσει</em></span> <span class='ocrx_word' id='word_1_157' title='bbox 2157 2496 2299 2561; x_wconf 89' lang='grc' dir='ltr'><em>δια-</em></span> 
     </span>
     <span class='ocr_line' id='line_1_23' title="bbox 376 2596 2298 2685; baseline 0.001 -24"><span class='ocrx_word' id='word_1_158' title='bbox 376 2596 687 2682; x_wconf 87' lang='grc' dir='ltr'><em>φέροντα.</em></span> <span class='ocrx_word' id='word_1_159' title='bbox 776 2607 1017 2664; x_wconf 84' lang='grc' dir='ltr'><em>τοῦτον</em></span> <span class='ocrx_word' id='word_1_160' title='bbox 1082 2596 1156 2663; x_wconf 76' lang='grc' dir='ltr'><em>δὲ</em></span> <span class='ocrx_word' id='word_1_161' title='bbox 1210 2602 1378 2681; x_wconf 88' lang='grc' dir='ltr'><em>πρὸς</em></span> <span class='ocrx_word' id='word_1_162' title='bbox 1434 2611 1574 2676; x_wconf 91' lang='grc' dir='ltr'><em>τοῖς</em></span> <span class='ocrx_word' id='word_1_163' title='bbox 1626 2599 2000 2685; x_wconf 85' lang='grc' dir='ltr'><em>ὑπάρχουσι</em></span> <span class='ocrx_word' id='word_1_164' title='bbox 2065 2601 2298 2682; x_wconf 83' lang='grc' dir='ltr'><em>νόμοις</em></span> 
     </span>
     <span class='ocr_line' id='line_1_24' title="bbox 379 2703 2297 2791; baseline 0.002 -24"><span class='ocrx_word' id='word_1_165' title='bbox 379 2705 545 2768; x_wconf 77' lang='grc' dir='ltr'><em>ἄλλα</em></span> <span class='ocrx_word' id='word_1_166' title='bbox 588 2726 657 2769; x_wconf 93' lang='grc' dir='ltr'><em>τε</em></span> <span class='ocrx_word' id='word_1_167' title='bbox 702 2710 1101 2790; x_wconf 86' lang='grc' dir='ltr'><em>προσθεῖναι</em></span> <span class='ocrx_word' id='word_1_168' title='bbox 1146 2703 1256 2770; x_wconf 83' lang='grc' dir='ltr'><em>καὶ</em></span> <span class='ocrx_word' id='word_1_169' title='bbox 1302 2708 1382 2771; x_wconf 80' lang='grc' dir='ltr'><em>τὰ</em></span> <span class='ocrx_word' id='word_1_170' title='bbox 1427 2704 1579 2791; x_wconf 82' lang='grc' dir='ltr'><em>περὶ</em></span> <span class='ocrx_word' id='word_1_171' title='bbox 1623 2706 1747 2788; x_wconf 83' lang='grc' dir='ltr'><em>τὴν</em></span> <span class='ocrx_word' id='word_1_172' title='bbox 1795 2714 1928 2769; x_wconf 88' lang='grc' dir='ltr'><em>τῶν</em></span> <span class='ocrx_word' id='word_1_173' title='bbox 1973 2711 2157 2771; x_wconf 90' lang='grc' dir='ltr'><em>θεῶν</em></span> <span class='ocrx_word' id='word_1_174' title='bbox 2202 2729 2297 2771; x_wconf 89' lang='grc' dir='ltr'><em>τι-</em></span> 
     </span>
     <span class='ocr_line' id='line_1_25' title="bbox 376 2807 2297 2898; baseline 0.002 -24"><span class='ocrx_word' id='word_1_175' title='bbox 376 2811 508 2894; x_wconf 84' lang='grc' dir='ltr'><em>μὴν</em></span> <span class='ocrx_word' id='word_1_176' title='bbox 563 2809 1030 2894; x_wconf 84' lang='grc' dir='ltr'><em>ἐπιμελέστατα</em></span> <span class='ocrx_word' id='word_1_177' title='bbox 1090 2810 1420 2895; x_wconf 79' lang='grc' dir='ltr'><em>διατάξαι,</em></span> <span class='ocrx_word' id='word_1_178' title='bbox 1494 2811 1772 2898; x_wconf 84' lang='grc' dir='ltr'><em>εὑρετὴν</em></span> <span class='ocrx_word' id='word_1_179' title='bbox 1833 2807 1907 2877; x_wconf 74' lang='grc' dir='ltr'><em>δὲ</em></span> <span class='ocrx_word' id='word_1_180' title='bbox 1969 2810 2082 2877; x_wconf 85' lang='grc' dir='ltr'><em>καὶ</em></span> <span class='ocrx_word' id='word_1_181' title='bbox 2135 2837 2297 2895; x_wconf 84' lang='grc' dir='ltr'><em>γεω-</em></span> 
     </span>
     <span class='ocr_line' id='line_1_26' title="bbox 376 2915 2379 3005; baseline 0 -23"><span class='ocrx_word' id='word_1_182' title='bbox 376 2920 640 3004; x_wconf 89' lang='grc' dir='ltr'><em>μετρίας</em></span> <span class='ocrx_word' id='word_1_183' title='bbox 694 2916 1012 2999; x_wconf 88' lang='grc' dir='ltr'><em>γενέσθαι</em></span> <span class='ocrx_word' id='word_1_184' title='bbox 1066 2915 1177 2983; x_wconf 86' lang='grc' dir='ltr'><em>καὶ</em></span> <span class='ocrx_word' id='word_1_185' title='bbox 1235 2919 1360 3001; x_wconf 83' lang='grc' dir='ltr'><em>τὴν</em></span> <span class='ocrx_word' id='word_1_186' title='bbox 1413 2917 1564 3004; x_wconf 83' lang='grc' dir='ltr'><em>περὶ</em></span> <span class='ocrx_word' id='word_1_187' title='bbox 1616 2929 1752 2984; x_wconf 91' lang='grc' dir='ltr'><em>τῶν</em></span> <span class='ocrx_word' id='word_1_188' title='bbox 1806 2920 2071 3005; x_wconf 74' lang='grc' dir='ltr'><em>ἄστρων</em></span> <span class='ocrx_word' id='word_1_189' title='bbox 2123 2925 2296 2984; x_wconf 89' lang='grc' dir='ltr'><em>θεω-</em></span> <span class='ocrx_word' id='word_1_190' title='bbox 2326 2934 2379 2974; x_wconf 74' lang='lat'><em>25</em></span> 
     </span>
     <span class='ocr_line' id='line_1_27' title="bbox 377 3023 2293 3113; baseline -0.001 -23"><span class='ocrx_word' id='word_1_191' title='bbox 377 3028 531 3110; x_wconf 83' lang='grc' dir='ltr'><em>ρίαν</em></span> <span class='ocrx_word' id='word_1_192' title='bbox 584 3048 654 3090; x_wconf 91' lang='grc' dir='ltr'><em>τε</em></span> <span class='ocrx_word' id='word_1_193' title='bbox 709 3023 819 3089; x_wconf 87' lang='grc' dir='ltr'><em>καὶ</em></span> <span class='ocrx_word' id='word_1_194' title='bbox 871 3027 1331 3111; x_wconf 82' lang='grc' dir='ltr'><em>παρατήρησιν</em></span> <span class='ocrx_word' id='word_1_195' title='bbox 1387 3024 1648 3105; x_wconf 78' lang='grc' dir='ltr'><em>διδάξαι</em></span> <span class='ocrx_word' id='word_1_196' title='bbox 1706 3029 1864 3103; x_wconf 84' lang='grc' dir='ltr'><em>τοὺς</em></span> <span class='ocrx_word' id='word_1_197' title='bbox 1919 3025 2293 3113; x_wconf 82' lang='grc' dir='ltr'><em>ἐγχωρίους.</em></span> 
     </span>
     <span class='ocr_line' id='line_1_28' title="bbox 305 3128 2296 3219; baseline -0.004 -18"><span class='ocrx_word' id='word_1_198' title='bbox 305 3154 339 3201; x_wconf 89' lang='grc'>4</span> <span class='ocrx_word' id='word_1_199' title='bbox 378 3136 603 3219; x_wconf 88' lang='grc' dir='ltr'><em>τρίτον</em></span> <span class='ocrx_word' id='word_1_200' title='bbox 650 3128 725 3198; x_wconf 73' lang='grc' dir='ltr'><em>δὲ</em></span> <span class='ocrx_word' id='word_1_201' title='bbox 769 3129 1040 3214; x_wconf 84' lang='grc' dir='ltr'><em>λέγουσι</em></span> <span class='ocrx_word' id='word_1_202' title='bbox 1077 3134 1424 3197; x_wconf 88' lang='grc' dir='ltr'><em>Σεσόωσιν</em></span> <span class='ocrx_word' id='word_1_203' title='bbox 1470 3133 1589 3196; x_wconf 92' lang='grc' dir='ltr'><em>τὸν</em></span> <span class='ocrx_word' id='word_1_204' title='bbox 1628 3130 1903 3214; x_wconf 87' lang='grc' dir='ltr'><em>βασιλέα</em></span> <span class='ocrx_word' id='word_1_205' title='bbox 1950 3131 2037 3216; x_wconf 87' lang='grc' dir='ltr'><em>μὴ</em></span> <span class='ocrx_word' id='word_1_206' title='bbox 2085 3132 2296 3214; x_wconf 88' lang='grc' dir='ltr'><em>μόνον</em></span> 
     </span>
    </p>
   </div>
   <div class='ocr_carea' id='block_1_5' title="bbox 374 3321 2302 3532">
    <p class='ocr_par' dir='ltr' id='par_1_7' title="bbox 374 3321 2302 3532">
     <span class='ocr_line' id='line_1_29' title="bbox 487 3321 2296 3396; baseline -0.001 -18"><span class='ocrx_word' id='word_1_207' title='bbox 487 3332 516 3378; x_wconf 92' lang='grc'>1</span> <span class='ocrx_word' id='word_1_208' title='bbox 555 3321 910 3396; x_wconf 79' lang='grc' dir='ltr'><em>κοινότατον]</em></span> <span class='ocrx_word' id='word_1_209' title='bbox 948 3321 1189 3394; x_wconf 81' lang='grc' dir='ltr'><em>Μνεύην</em></span> <span class='ocrx_word' id='word_1_210' title='bbox 1227 3324 1355 3379; x_wconf 80' lang='lat' dir='ltr'>add.</span> <span class='ocrx_word' id='word_1_211' title='bbox 1395 3325 1435 3378; x_wconf 87' lang='lat' dir='ltr'>C</span> <span class='ocrx_word' id='word_1_212' title='bbox 1561 3329 1591 3377; x_wconf 75' lang='lat'><em>&#39;2</em></span> <span class='ocrx_word' id='word_1_213' title='bbox 1631 3321 1929 3392; x_wconf 82' lang='grc' dir='ltr'><em>εἰληφέναι</em></span> <span class='ocrx_word' id='word_1_214' title='bbox 1963 3323 2116 3393; x_wconf 79' lang='lat' dir='ltr'><strong>vulg.</strong></span> <span class='ocrx_word' id='word_1_215' title='bbox 2230 3330 2296 3376; x_wconf 90' lang='grc'><em>10</em></span> 
     </span>
     <span class='ocr_line' id='line_1_30' title="bbox 374 3390 2302 3466; baseline 0.001 -20"><span class='ocrx_word' id='word_1_216' title='bbox 374 3399 669 3460; x_wconf 81' lang='grc' dir='ltr'><em>Αρειανοῖς</em></span> <span class='ocrx_word' id='word_1_217' title='bbox 688 3397 749 3464; x_wconf 75' lang='lat'><em>1³¹,</em></span> <span class='ocrx_word' id='word_1_218' title='bbox 783 3391 1131 3466; x_wconf 75' lang='grc' dir='ltr'><em>Ἀριμασποῖς</em></span> <span class='ocrx_word' id='word_1_219' title='bbox 1152 3394 1200 3450; x_wconf 84' lang='lat' dir='ltr'><em>G</em></span> <span class='ocrx_word' id='word_1_220' title='bbox 1308 3400 1372 3450; x_wconf 83' lang='lat'><em>13</em></span> <span class='ocrx_word' id='word_1_221' title='bbox 1402 3400 1519 3458; x_wconf 84' lang='grc' dir='ltr'><em>τοῖς</em></span> <span class='ocrx_word' id='word_1_222' title='bbox 1547 3390 2043 3459; x_wconf 81' lang='grc' dir='ltr'><em>ἀπαθανατίζουσι</em></span> <span class='ocrx_word' id='word_1_223' title='bbox 2061 3411 2166 3449; x_wconf 89' lang='lat' dir='ltr'><em>om.</em></span> <span class='ocrx_word' id='word_1_224' title='bbox 2192 3394 2238 3448; x_wconf 86' lang='lat' dir='ltr'><em>C</em></span> <span class='ocrx_word' id='word_1_225' title='bbox 2240 3393 2302 3447; x_wconf 82' lang='lat' dir='ltr'><em>F</em></span> 
     </span>
     <span class='ocr_line' id='line_1_31' title="bbox 380 3460 1975 3532; baseline 0.005 -21"><span class='ocrx_word' id='word_1_226' title='bbox 380 3466 445 3512; x_wconf 83' lang='lat'><em>14</em></span> <span class='ocrx_word' id='word_1_227' title='bbox 483 3466 698 3532; x_wconf 85' lang='grc' dir='ltr'><em>Μωσῆν</em></span> <span class='ocrx_word' id='word_1_228' title='bbox 735 3466 787 3519; x_wconf 95' lang='lat' dir='ltr'><em>II</em></span> <span class='ocrx_word' id='word_1_229' title='bbox 933 3473 997 3521; x_wconf 82' lang='lat'><em>15</em></span> <span class='ocrx_word' id='word_1_230' title='bbox 1037 3465 1144 3521; x_wconf 78' lang='grc' dir='ltr'><em>ἰ’άω</em></span> <span class='ocrx_word' id='word_1_231' title='bbox 1185 3467 1231 3520; x_wconf 95' lang='lat' dir='ltr'>D</span> <span class='ocrx_word' id='word_1_232' title='bbox 1379 3472 1448 3520; x_wconf 83' lang='lat'><em>24</em></span> <span class='ocrx_word' id='word_1_233' title='bbox 1485 3460 1873 3530; x_wconf 83' lang='grc' dir='ltr'><em>διατάξασθαι</em></span> <span class='ocrx_word' id='word_1_234' title='bbox 1908 3466 1975 3519; x_wconf 92' lang='lat' dir='ltr'><em>D.</em></span> 
     </span>
    </p>
   </div>
  </div>
 </body>
</html>
