2569 4061
956 383 983 436 I
1021 388 1107 437 79.
1136 387 1221 437 80.
1935 384 2061 448 135

137 541 517 625 στευμένων
572 545 875 608 δανείων.
968 540 1343 627 μέμφονται
1391 544 1468 609 δέ
1521 569 1696 623 τινες
1743 546 1867 611 οὐκ
1915 545 2063 609 ἀλό-
2107 569 2135 613 5

138 672 273 731 γως
300 658 438 725 τοῖς
465 652 798 727 πλείστοις
826 660 959 715 τῶν
986 650 1168 736 παρὰ
1196 660 1337 726 τοῖς
1350 648 1622 734 Ἕλλησι
1649 658 2065 736 νομοθετῶν,

142 755 383 832 οἵτινες
411 755 579 821 ὅπλα
608 752 730 840 μὲν
757 754 869 821 καὶ
897 757 1186 842 ἄροτρον
1214 754 1326 821 καὶ
1356 757 1524 820 ἄλλα
1552 768 1684 822 τῶν
1713 758 2065 842 ἀναγκαιο-

139 861 354 925 τάτων
391 860 735 926 ἐκώλυσαν
764 860 1041 946 ἐνέχυρα
1079 862 1544 945 λαμβάνεσθαι
1571 863 1736 946 πρὸς
1773 864 2061 949 δάνειον,

84 987 113 1026 5
142 970 297 1044 τοὺς
354 964 425 1032 δὲ
480 970 741 1044 τούτοις
796 966 1251 1051 χρησομένους
1308 968 1781 1052 συνεχώρησαν
1828 969 2065 1052 ἀγωγί-

138 1095 304 1155 μους
348 1068 537 1139 εἶναι.

304 1175 581 1265 Ἵάτῆρχε
638 1176 710 1245 δὲ
755 1177 866 1244 καὶ
920 1177 1071 1263 περὶ
1117 1188 1252 1243 τῶν
1309 1183 1605 1245 κλεπτῶν
1650 1182 1854 1264 νόμος
1899 1193 2055 1266 παρ’
2087 1185 2171 1245 80

136 1287 533 1367 Αἰγυπτίοις
572 1287 931 1362 ἰδιώτατος.
999 1283 1256 1350 ἐκέλευε
1293 1286 1419 1370 γὰρ
1467 1288 1623 1363 τοὺς
1669 1282 1790 1370 μὲν
1827 1289 2065 1369 βουλο-

137 1389 379 1473 μένους
448 1394 623 1475 ἔχειν
688 1392 940 1475 ταύτην
996 1391 1119 1473 τὴν
1179 1389 1494 1477 ἐργασίαν
1553 1391 2061 1478 ἀπογράφεσθαι

58 1516 110 1555 ιο
137 1500 303 1582 πρὸς
348 1498 469 1561 τὸν
516 1496 895 1581 ἀρχίφωρα,
948 1495 1059 1560 καὶ
1103 1498 1179 1560 τὸ
1225 1494 1474 1562 κλαπὲν
1521 1497 1860 1582 ὁμολόγως
1905 1500 2063 1564 ἀναμ

138 1601 373 1686 φέρειν
417 1609 813 1684 παραχρῆμα
858 1602 1024 1685 πρὸς
1061 1600 1341 1686 ἐκεῖνον,
1386 1605 1545 1679 τοὺς
1583 1600 1655 1667 δὲ
1701 1604 2061 1670 ἀπολέσαν-

139 1730 256 1783 τας
318 1708 791 1790 παραπλησίως
856 1705 1275 1791 ἀπογράφειν
1331 1708 1508 1794 αὐτῷ
1573 1707 1726 1772 καθ’
1785 1708 2063 1776 ἕκαστον

28 1834 101 1883 91
140 1822 275 1875 τῶν
331 1810 801 1895 ἀπολωλότων,
858 1812 1344 1897 προστιθέντας
1398 1814 1516 1877 τόν
1570 1835 1640 1877 τε
1695 1815 1900 1878 τόπον
1954 1817 2063 1881 καὶ

138 1920 263 2001 τὴν
298 1917 553 2005 ἡμέραν
588 1916 699 1983 καὶ
734 1919 856 2002 τὴν
894 1919 1076 2004 ὥραν
1109 1917 1265 1985 καθ’
1301 1918 1388 2003 ἣν
1426 1918 1783 1985 ἀπώλεσεν.
1848 1922 2061 2008 τούτῳ
2103 1945 2131 1987 2

57 2045 108 2084 15
138 2021 212 2090 δὲ
266 2033 357 2114 τῷ
412 2028 635 2114 τρόπῳ
689 2025 960 2091 πάντων
1015 2023 1292 2111 ἑτοίμως
1345 2024 1869 2110 εὑρισκομένων,
1930 2027 2065 2091 ἔδει

136 2134 254 2197 τὸν
299 2130 713 2196 ἀπολέσαντα
756 2133 832 2196 τὸ
868 2130 1184 2218 τέταρτον
1229 2131 1431 2218 μέρος
1465 2140 1581 2216 τῆς
1628 2131 1812 2210 ἀξίας
1860 2133 2061 2197 δόντα

136 2240 507 2321 κτήσασθαι
562 2238 643 2301 τὰ
697 2236 940 2303 ἑαυτοῦ
997 2240 1186 2322 μόνα.
1278 2237 1619 2302 ἀδυνάτου
1681 2240 1809 2324 γὰρ
1871 2240 2063 2316 ὄντος

135 2353 258 2409 τοῦ
319 2344 568 2420 πάντας
631 2343 999 2426 ἀποστῆσαι
1063 2352 1179 2427 τῆς
1232 2347 1480 2427 κλοπῆς
1545 2337 1698 2426 εὗρε
1755 2347 1967 2429 πόρον
2025 2346 2059 2410 ὁ

136 2447 507 2533 νομοθέτης
570 2444 659 2513 δι’
717 2444 801 2514 οὗ
865 2459 999 2514 πᾶν
1061 2451 1136 2514 τὸ
1204 2449 1620 2532 ἀπολόμενον
1683 2453 2059 2534 σωθήσεται

58 2573 113 2613 20
142 2565 393 2640 μικρῶν
438 2553 815 2639 διδομένων
862 2556 1141 2648 λύτρων.

318 2664 615 2746 Γαμοῦσι
654 2657 728 2727 δὲ
762 2658 918 2746 παρ’
954 2663 1346 2745 Αἰγυπτίοις
1383 2663 1454 2726 οἱ
1483 2658 1607 2746 μὲν
1645 2662 1840 2750 ίερεῖς
1876 2667 2055 2748 μίαν,
2097 2688 2125 2730 3

137 2779 273 2832 τῶν
319 2767 380 2833 δ’
433 2771 653 2834 ἄλλων
701 2768 861 2845 ὅσας
906 2766 992 2832 ἀν
1037 2767 1310 2846 ἕκαστος
1354 2777 1777 2855 προαιρῆται·
1821 2769 1932 2836 καὶ
1977 2774 2057 2836 τὰ

135 2875 520 2958 γεννώμενα
571 2876 789 2961 πάντα
826 2873 1200 2960 τρέφουσιν
1255 2873 1321 2953 ἐξ
1368 2874 1657 2959 ἀνάγκης
1707 2874 1899 2940 ἕνεκα
1943 2883 2059 2958 τῆς

136 2983 723 3065 πολυανθρωπίας,
772 2980 860 3057 ὡς
906 2981 1148 3065 ταύτης
1194 2979 1467 3064 μέγιστα
1515 2980 2059 3066 συμβαλλομένης

54 3103 108 3144 25
135 3088 302 3173 πρὸς
355 3086 789 3170 εὐδαιμονίαν
848 3087 1065 3171 χώρας
1109 3109 1178 3151 τε
1222 3085 1335 3152 καὶ
1379 3091 1668 3171 πόλεων,
1724 3089 1940 3152 νόθον
1988 3082 2045 3147 δ’

137 3192 383 3257 οὐδένα
445 3203 580 3257 τῶν
644 3191 1112 3276 γεννηθέντων
1166 3196 1585 3277 νομίζουσιν,
1652 3190 1797 3257 οὐδ’
1853 3189 1935 3252 ἂν
1989 3187 2055 3262 ἐξ

136 3298 615 3384 ἀργυρωνήτου
669 3300 915 3384 μητρὸς
959 3305 1288 3384 γεννηθῇ·
1347 3301 1650 3364 καθόλου
1694 3298 1822 3379 γὰρ
1875 3292 2057 3355 ὑπει-
2095 3312 2127 3356 4

278 3567 311 3616 8
394 3559 456 3617 ὲν
484 3561 736 3630 Dindorf,
774 3557 848 3632 μὴ
878 3561 945 3629 D,
986 3579 1093 3616 om.
1121 3559 1273 3628 vulg.
1351 3565 1416 3611 11
1457 3554 1548 3626 δὲ]
1578 3573 1637 3608 τε
1674 3551 1723 3605 D
1802 3553 1867 3601 14
1903 3543 2057 3601 ἀπώ-

134 3637 303 3688 λεσαν
390 3633 584 3701 ekker,
633 3629 881 3706 ἀπέβαλε
919 3631 988 3685 ΙΙ.
