2569 4061
385 187 517 253 224
1050 184 1356 240 DIODORI
1395 183 1634 241 SICULI

313 371 348 419 4
383 374 520 416 τον.
586 350 877 432 Κτησίας
915 343 988 412 δὲ
1035 346 1071 413 ὁ
1110 348 1390 424 Κνίδιος
1426 358 1565 423 τοῖς
1601 344 1723 431 μὲν
1758 350 2027 432 χρόνοις
2063 346 2317 433 ὑπῆρξε

384 456 548 522 κατὰ
576 455 699 537 τὴν
727 455 962 540 Κύρου
1000 456 1350 540 στρατείαν
1379 451 1485 518 ἐπὶ
1508 448 1934 540 Ἀρταξέρξην
1963 454 2081 517 τὸν
2118 452 2317 518 ἀδελ-

384 563 548 644 φόν,
595 563 954 646 γενόμενος
1008 558 1070 624 δ’
1126 561 1565 644 αἰχμάλωτος,
1613 557 1725 625 καὶ
1773 560 1885 624 διὰ
1935 560 2057 642 τὴν
2106 561 2316 645 ἰατρι-

382 667 509 749 κὴν
546 665 912 751 ἐπιστήμην
949 663 1367 750 ἀναληφθεὶς
1401 665 1531 730 ὑπὸ
1570 675 1691 731 τοῦ
1728 663 2071 750 βασιλέως,
2120 663 2314 731 ἕπτα-

382 773 655 837 καίδεκα
699 774 811 856 ἔτη
859 770 1186 837 διετέλεσε
1231 772 1599 856 τιμώμενος
1644 768 1756 836 ὑπ’
1802 771 2028 836 αὐτοῦ.
2114 766 2315 848 οὗτος
2344 790 2374 831 5

385 873 511 944 οὖν
558 895 767 964 φησιν
821 878 894 943 ἐκ
938 889 1072 943 τῶν
1128 881 1492 961 βασιλικῶν
1539 880 1923 964 διφθερῶν,
1970 877 2044 943 ἐν
2095 869 2199 953 αἷς
2245 878 2321 943 οἱ

385 982 644 1071 Πέρσαι
688 984 804 1060 τὰς
848 984 1131 1060 παλαιὰς
1171 983 1439 1070 πράξεις
1483 986 1648 1050 κατά
1684 1009 1833 1049 τινα
1877 987 2091 1069 νόμον
2127 979 2315 1068 εἶχον

383 1089 936 1173 συντεταγμένας,
992 1094 1633 1176 πολυπραγμονῆσαι
1686 1092 1767 1155 τὰ
1821 1088 1977 1155 καθ’
2031 1089 2315 1156 ἕκαστον

381 1195 492 1262 καὶ
552 1196 1041 1280 συνταξάμενος
1094 1197 1218 1279 τὴν
1283 1196 1586 1281 ἱστορίαν
1639 1199 1735 1273 εἰς
1788 1199 1945 1273 τοὺς
1983 1195 2313 1280 Ἕλληνας

314 1324 346 1373 5
385 1301 765 1384 ἐξενεγκεῖν.
857 1300 1068 1386 φησὶν
1136 1297 1262 1368 οὗν
1335 1304 1497 1388 μετὰ
1567 1304 1690 1386 τὴν
1760 1304 2123 1368 κατάλυσιν
2192 1311 2311 1387 τῆς
2341 1324 2398 1364 ιο

376 1401 747 1493 Ἀσσυρίων
791 1408 1150 1491 ἡγεμονίας
1195 1410 1483 1493 Μήδους
1526 1417 1893 1493 προστῆναι
1940 1418 2053 1493 τῆς
2092 1403 2310 1486 Ἀσίας

376 1510 704 1600 Ἀρβάκου
763 1515 1237 1598 βασιλεύοντος
1294 1524 1416 1581 τοῦ
1477 1516 2055 1601 Σαρδανάπαλλον
2112 1538 2308 1580 κατα-

313 1644 344 1692 6
382 1623 900 1705 πολεμήσαντος,
938 1624 1178 1687 καθότι
1214 1625 1619 1707 προείρηται.
1692 1622 1936 1686 τούτου
1974 1619 2035 1686 δ’
2071 1621 2308 1707 ἄρξαν-

382 1750 494 1805 τος
540 1728 651 1810 ἔτη
710 1725 864 1791 δυσὶ
915 1730 1227 1791 λείποντα
1280 1738 1418 1791 τῶν
1461 1728 1817 1813 τριάκοντα
1873 1725 2309 1806 διαδέξασθαι

381 1835 504 1917 τὴν
558 1837 902 1918 βασιλείαν
956 1835 1075 1897 τὸν
1130 1832 1283 1898 υἱὸν
1337 1834 1749 1918 Μαυδάκην,
1812 1833 1892 1900 ὃν
1946 1833 2136 1919 ἄρξαι
2189 1844 2307 1919 τῆς
2338 1854 2392 1895 15

374 1939 596 2017 Ἀσίας
641 1942 750 2024 ἔτη
807 1942 1232 2022 πεντήκοντα.
1326 1941 1487 2023 μετὰ
1534 1936 1607 2004 δὲ
1660 1949 1903 2005 τοῦτον
1950 1942 2306 2025 τριάκοντα

380 2044 503 2133 μὲν
549 2050 659 2132 ἔτη
707 2051 1095 2131 βασιλεῦσαι
1142 2048 1545 2133 Σώσαρμον,
1591 2050 2000 2131 πεντήκοντα
2049 2045 2121 2112 δὲ
2161 2046 2305 2135 Ἀρ-

380 2154 618 2237 τύκαν,
681 2155 805 2219 δύο
863 2149 937 2219 δὲ
994 2155 1162 2240 πρὸς
1216 2165 1359 2231 τοῖς
1416 2160 1626 2219 εἴκοσι
1679 2155 1799 2219 τὸν
1852 2146 2305 2241 προσαγορευ-

274 2263 359 2326 33
382 2263 626 2345 όμενον
676 2256 1058 2347 Ἀρβιάνην,
1124 2262 1603 2348 τετταράκοντα
1664 2257 1737 2326 δὲ
1785 2257 2104 2347 Ἀρταῖον.
2196 2260 2305 2327 ἐπὶ

380 2363 455 2432 δὲ
518 2368 761 2432 τούτου
827 2375 1151 2449 συστῆναι
1215 2367 1423 2450 μέγαν
1486 2370 1779 2452 πόλεμον
1842 2378 1982 2444 τοῖς
2034 2369 2304 2452 Μήδοις
2333 2388 2390 2428 20

377 2474 543 2556 πρὸς
589 2475 1013 2548 Καδουσίους
1059 2474 1172 2537 διὰ
1217 2473 1527 2550 τοιαύτας
1572 2475 1799 2551 αἰτίας.
1878 2475 2303 2561 Παρσώνδην

379 2575 496 2642 τὸν
535 2576 831 2661 Πέρσην,
877 2581 1387 2662 θαυμαζόμενον
1427 2577 1530 2644 ἐπ’
1577 2579 1852 2668 ἀνδρείᾳ
1886 2579 1998 2646 καὶ
2023 2579 2302 2671 συνέσει

377 2682 487 2748 καὶ
515 2694 657 2759 ταῖς
692 2683 921 2760 ἄλλαις
949 2683 1229 2768 ἀρεταῖς,
1259 2687 1465 2769 φίλον
1492 2709 1561 2750 τε
1596 2685 1884 2771 ὑπάρξαι
1912 2695 2002 2775 τῷ
2041 2690 2308 2770 βασιλεῖ

376 2789 486 2855 καὶ
523 2789 834 2875 μέγιστον
872 2792 1138 2874 ἰσχῦσαι
1174 2802 1310 2857 τῶν
1348 2795 1754 2877 μετεχόντων
1789 2802 1911 2857 τοῦ
1948 2796 2299 2876 βασιλικοῦ

306 2919 337 2967 2
378 2899 754 2983 συνεδρίου.
845 2905 1088 2962 τοῦτον
1155 2896 1214 2962 δ’
1276 2898 1407 2964 ὑπὸ
1472 2908 1592 2964 τοῦ
1646 2897 1969 2981 βασιλέως
2033 2901 2108 2963 ἔν
2164 2922 2299 2964 τινι
2328 2918 2385 2959 25

375 3007 589 3090 κρίσει
644 3001 1030 3088 λυπηθέντα
1095 3016 1339 3090 φυγεῖν
1393 3006 1552 3090 μετὰ
1610 3008 1822 3083 πεζῶν
1876 3001 1998 3089 μὲν
2051 3022 2300 3091 τρισχι-

376 3114 563 3193 λίων,
603 3110 854 3176 ίππέών
893 3106 966 3175 δὲ
1002 3113 1234 3194 χιλίων
1271 3112 1367 3187 είς
1402 3113 1847 3194 Καδουσίους,
1885 3106 2040 3198 παρ’
2076 3103 2177 3188 οἷς
2212 3107 2299 3195 ἦν

520 3309 548 3356 1
587 3304 728 3373 τοῖς]
758 3296 899 3356 καθ’
917 3298 1221 3369 Ἡρόδοτον
1251 3301 1378 3354 add.
1408 3302 1462 3355 ΙΙ
1525 3307 1558 3356 8
1598 3301 1807 3356 ἕκαστα
1837 3304 1887 3356 II
1952 3309 1983 3357 9
2023 3300 2297 3368 συνταξά-

373 3388 546 3435 μενον
576 3371 815 3439 οοᾶίοθε,
845 3389 983 3426 corr.
1015 3373 1171 3427 Gom.
1222 3377 1287 3425 15
1317 3369 1642 3439 Μαδαύκην
1674 3371 1783 3426 OF
1826 3380 1891 3428 19
1917 3369 2165 3443 Ἀρσαῖον
2196 3374 2302 3428 CF

373 3443 440 3488 21
479 3438 833 3510 Παρσώνδην
874 3443 1171 3508 Gemistu8‚
1211 3439 1557 3510 Περσώνδην
1594 3441 1661 3509 D,
1700 3440 2021 3513 Παρσώδην
2059 3444 2212 3511 vulg.
