2569 4061
1051 294 1129 350 111
1165 300 1254 352 57.
1296 300 1381 351 58.
2064 298 2194 366 359

258 459 483 535 πάθος
528 457 921 541 ἐλεούντων,
967 459 1084 523 καί
1121 479 1328 523 τινων
1378 457 1837 543 ἀντεχομένων
1883 468 2006 527 τοῦ
2067 462 2197 526 σώ-

259 589 499 649 ματος,
572 563 1000 649 ἐπιγενέσθαι
1071 569 1337 648 πλῆθος
1400 565 1658 650 ὄμβρου
1719 564 1831 632 καὶ
1896 579 2199 653 συνεχεῖς

262 682 609 756 κεραυνῶν
660 673 967 749 πτώσεις·
1022 670 1320 738 ἐνταῦθα
1375 667 1450 739 δὲ
1484 672 1620 755 ’τὴν
1666 668 1789 756 μὲν
1834 677 2196 743 Βασίλειαν

259 778 487 863 ἀφανῆ
532 776 882 863 γενέσθαι,
940 781 1099 857 τοὺς
1146 775 1207 844 δ’
1261 780 1503 863 ὄχλους
1546 779 2026 863 θαυμάσαντας
2070 785 2196 866 τὴν

202 903 235 944 5
262 883 680 970 περιπέτειαν
738 887 857 953 τὸν
917 881 1040 969 μὲν
1087 883 1331 950 ’Ἠλιον
1389 882 1502 950 καὶ
1520 960 1535 977 ·
1561 885 1685 968 τὴν
1743 888 2055 970 Σελήνην
2114 897 2193 972 τῇ

260 996 677 1081 προσηγορίᾳ
710 990 823 1061 καὶ
866 1000 1011 1069 ταῖς
1054 1002 1272 1075 τιμαῖς
1318 1000 1711 1075 μεταγαγεῖν
1754 989 1865 1059 ἐπὶ
1909 993 1991 1057 τὰ
2037 988 2188 1058 κατ’

259 1099 557 1185 οὐρανὸν
620 1101 830 1185 ἄστρα
846 1147 865 1182 ,
936 1098 1060 1180 τὴν
1124 1094 1198 1162 δὲ
1261 1095 1510 1184 μητέρα
1570 1098 1830 1167 τούτων
1892 1101 2062 1165 θεόν
2123 1121 2194 1165 τε

256 1208 532 1290 νομίσαι
576 1202 688 1272 καὶ
733 1207 1001 1289 βωμοὺς
1047 1203 1491 1288 ἱδρύσασθαι,
1544 1203 1657 1271 καὶ
1712 1215 1855 1282 ταῖς
1900 1206 2015 1271 διὰ
2059 1215 2194 1273 τῶν

257 1312 622 1396 τυμπάνων
666 1308 777 1379 καὶ
820 1309 1182 1394 κυμβάλων
1228 1308 1589 1395 ἐνεργείαις
1631 1310 1743 1379 καὶ
1787 1322 1929 1391 τοῖς
1964 1313 2195 1389 ἄλλοις

176 1435 232 1475 10
258 1417 508 1483 ἅπασιν
570 1413 1154 1500 ἀπομιμουμένους
1215 1417 1298 1481 τὰ
1359 1416 1512 1502 περὶ
1575 1418 1787 1501 αὐτὴν
1846 1420 2193 1503 συμβάντα

257 1526 506 1598 θυσίας
549 1518 662 1587 καὶ
704 1522 820 1598 τὰς
865 1522 1070 1598 ἄλλας
1114 1522 1308 1605 τιμὰς
1352 1521 1725 1606 ἀπονεῖμαι.

441 1625 909 1713 Παραδέδοται
954 1624 1029 1692 δὲ
1073 1636 1189 1711 τῆς
1232 1634 1405 1693 θεοῦ
1441 1628 1683 1713 ταύτης
1717 1627 1828 1694 καὶ
1865 1631 2030 1696 κατὰ
2066 1632 2190 1713 τὴν
2210 1630 2295 1696 58

262 1735 571 1818 Φρυγίαν
614 1731 889 1817 γένεσις.
965 1735 1036 1799 οἱ
1073 1735 1203 1817 γὰρ
1249 1733 1560 1820 ἐγχώριοι
1605 1739 2071 1818 μυθολογοῦσι
2115 1737 2190 1801 τὸ

257 1841 543 1906 παλαιὸν
586 1838 905 1923 γενέσθαι
940 1839 1215 1924 βασιλέα
1258 1843 1559 1927 Φρυγίας
1593 1837 1707 1906 καὶ
1741 1841 2001 1917 Λυδίας
2038 1838 2191 1927 Μῄ·

177 1967 228 2008 15
257 1966 410 2015 ova·
467 1948 768 2032 γήμαντα
825 1942 899 2013 δὲ
944 1947 1307 2032 Δινδύμην
1361 1953 1682 2029 γεννῆσαι
1736 1942 1859 2032 μὲν
1914 1947 2192 2013 παιδίον

256 2059 457 2138 θῆλυ,
505 2053 777 2141 τρέφειν
824 2051 885 2119 δ’
931 2055 1094 2120 αὐτὸ
1143 2055 1231 2139 μὴ
1279 2056 1696 2138 βουλόμενον
1742 2055 1839 2132 εἰς
1882 2054 2042 2139 ὄρος
2088 2053 2193 2120 έκ-

254 2167 483 2229 θεῖναι
527 2161 604 2227 τὸ
649 2162 1322 2247 προσαγορευόμενον
1358 2161 1684 2243 Κύβελον.
1761 2158 2059 2227 ἐνταῦθα
2095 2164 2191 2249 τῷ

254 2269 499 2356 παιδίῳ
544 2266 711 2334 κατά
753 2289 905 2334 τινα
949 2268 1150 2332 θείαν
1194 2267 1524 2350 πρόνοιαν
1569 2265 1685 2342 τάς
1720 2287 1791 2330 τε
1828 2266 2192 2352 παρδάλεις

254 2378 373 2448 καί
408 2397 559 2439 τινα
604 2383 741 2440 τῶν
787 2375 1010 2438 ἄλλων
1045 2383 1182 2438 τῶν
1218 2372 1385 2457 ἀλκῇ
1423 2373 1889 2458 διαφερόντων
1924 2375 2192 2459 θηρίων

175 2499 231 2539 20
257 2479 664 2566 παρέχεσθαι
717 2480 842 2563 τὴν
892 2481 1117 2563 θηλὴν
1171 2477 1282 2545 καὶ
1340 2477 1755 2564 διατρέφειν,
1808 2479 2057 2562 γύναια
2112 2478 2193 2546 δέ
2226 2503 2259 2552 2

255 2608 406 2652 τινα
450 2585 601 2673 περὶ
645 2588 765 2652 τὸν
810 2588 1019 2652 τόπον
1052 2587 1495 2670 ποιμαίνοντα
1540 2586 1839 2652 κατιδεῖν
1881 2587 1958 2650 τὸ
2003 2590 2188 2670 γινό-

149 2714 253 2764 227
273 2715 500 2778 μενον,
546 2689 658 2758 καὶ
701 2693 1145 2777 θαυμάσαντα
1189 2693 1316 2776 τὴν
1359 2689 1778 2778 περιπέτειαν
1826 2690 2188 2762 ἀνελέσθαι

253 2800 329 2865 τὸ
390 2796 670 2886 βρέφος,
733 2797 845 2865 καὶ
901 2807 1441 2886 προσαγορεῦσαι
1500 2797 1813 2883 Κυβέλην
1873 2799 2002 2866 ἀπὸ
2064 2809 2187 2866 τοῦ

252 2907 481 2971 τόπου.
574 2904 949 2990 αὐξομένην
994 2902 1069 2972 δὲ
1112 2906 1238 2990 τὴν
1281 2906 1491 2972 παῖδα
1534 2913 1627 2992 τῷ
1671 2928 1742 2971 τε
1787 2906 2015 2973 κάλλει
2076 2904 2189 2972 καὶ

174 3031 227 3074 2⁵
256 3012 667 3099 σωφροσύνῃ
706 3012 1090 3096 διενεγκεῖν,
1128 3014 1225 3077 ἔτι
1255 3009 1331 3078 ,δὲ
1359 3010 1625 3078 συνέσει
1659 3010 1980 3096 γενέσθαι
2016 3017 2188 3076 θαυ-

253 3120 537 3202 μαστήν·
593 3119 718 3201 τήν
770 3139 841 3183 τε
885 3119 1015 3202 γὰρ
1058 3117 1538 3201 πολυκάλαμον
1586 3117 1871 3204 σύριγγα
1914 3116 2186 3201 πρώτην

253 3222 601 3307 ἐπινοῆσαι
654 3221 767 3289 καὶ
812 3224 978 3310 πρὸς
1022 3224 1139 3300 τὰς
1181 3225 1451 3300 παιδιὰς
1495 3221 1606 3289 καὶ
1650 3224 1914 3309 χορείας
1958 3221 2184 3307 εὑρεῖν

433 3422 466 3470 3
507 3417 834 3489 βασίλισσαν
871 3414 919 3469 D
1030 3421 1062 3471 8
1099 3415 1199 3470 καὶ
1234 3416 1384 3486 ταῖς]
1422 3420 1548 3478 ταῖς
1585 3412 1634 3467 D
1759 3419 1825 3468 10
1862 3407 2183 3483 ἀπομιμου-

251 3485 447 3557 μένοις
481 3487 634 3556 vulg.
814 3492 879 3541 11
916 3486 1154 3558 θυσίας]
1192 3484 1256 3541 δὲ
1298 3487 1426 3541 add.
1467 3485 1516 3540 D
1693 3490 1757 3539 12
1796 3484 1896 3539 καὶ
1933 3499 2039 3540 om.
2082 3482 2192 3540 OF

257 3563 325 3611 14
362 3554 571 3627 μηΐονα
609 3557 658 3612 D
774 3563 840 3614 18
880 3577 940 3614 τε
978 3574 1087 3614 om.
1125 3556 1279 3627 vulg.
1391 3562 1459 3611 21
1497 3556 1628 3627 περὶ
1664 3555 1729 3624 D,
1767 3552 1926 3627 παρὰ
1966 3553 2082 3611 GF.
