2569 4061
402 273 535 339 266
962 270 1271 327 DIODOBI
1309 270 1542 328 SICULI
1576 272 1630 327 ΙΙ
1668 278 1753 327 60.

334 459 366 508 2
405 439 529 522 τὴν
558 434 845 517 Ἰνδικὴν
891 435 988 512 εἰς
1022 434 1284 519 ἅμμους
1321 432 1432 500 καὶ
1467 435 1866 518 τεναγώδεις
1901 437 2174 513 τόπους·
2220 434 2348 501 καὶ

402 545 521 608 τὸν
575 537 698 625 μὲν
741 539 972 626 ἕτερον
1026 540 1250 606 αὐτῶν
1294 540 1427 606 ὑπὸ
1472 549 1595 606 τοῦ
1647 542 1992 619 κλύδωνος
2037 542 2346 626 διαφθα-

403 656 633 734 ρῆναι,
687 647 808 712 τὸν
858 643 937 712 δὲ
977 644 1372 731 Ἰαμβοῦλον
1425 649 1593 733 πρός
1645 669 1797 712 τινα
1841 648 2074 732 κώμην
2129 665 2347 734 προσ-

401 751 763 838 ενεχθέντα
817 752 950 820 ὑπὸ
994 764 1130 819 τῶν
1185 751 1525 839 ἐγχωρίων
1572 752 1951 837 ἀναχθῆναι
1998 756 2167 841 πρὸς
2212 756 2344 821 τὸν

396 859 678 945 βασιλέα
715 861 811 937 είς
848 861 1048 924 πόλιν
1085 861 1539 956 Παλίβοθραζ
1560 863 1827 925 πολλῶν
1863 858 2131 947 ἡμερῶν
2167 859 2343 927 ὁδὸν
2372 877 2402 918 5

330 986 363 1035 3
401 966 781 1053 ἀπέχουσαν
823 974 939 1049 τῆς
974 965 1328 1050 θαλάττης.
1403 966 1598 1042 ὄντος
1644 961 1719 1030 δὲ
1765 963 2166 1050 φιλέλληνος
2208 977 2341 1033 τοῦ

399 1071 723 1158 βασιλέως
765 1069 876 1136 καὶ
921 1072 1225 1150 παιδείας
1268 1069 1739 1156 ἀπεχομένου,
1791 1072 2079 1156 μεγάλης
2125 1072 2340 1140 αὐτὸν

400 1180 734 1263 ἀποδοχῆς
776 1178 1197 1257 καταξιῶσαι·
1254 1179 1331 1244 τὸ
1378 1174 1454 1245 δὲ
1507 1183 1890 1245 τελευταῖον
1942 1179 2105 1263 μετά
2150 1203 2339 1259 τινος

401 1285 766 1368 ἀσφαλείας
800 1285 876 1349 τὸ
906 1280 1030 1369 μὲν
1064 1294 1333 1370 πρῶτον
1368 1286 1466 1363 είς
1502 1285 1627 1369 τὴν
1666 1287 1967 1373 Περσίδα
2005 1287 2333 1371 διελθεῖν,

329 1411 365 1458 4
402 1390 687 1476 ὕστερον
734 1387 809 1456 δὲ
856 1392 952 1469 εἰς
996 1391 1120 1474 τὴν
1145 1387 1434 1458 Ἑλλάδα
1481 1392 1917 1475 διασωθῆναι.
1981 1392 2017 1459 ὁ
2056 1389 2130 1458 δὲ
2161 1389 2335 1478 Ἰαμ-
2365 1409 2421 1449 10

401 1499 647 1582 βοῦλος
687 1491 935 1580 [οὗτος]
974 1498 1182 1563 ταῦτά
1215 1521 1287 1564 τε
1329 1497 1723 1585 ἀναγραφῆς
1757 1497 1997 1581 ἠξίωσε
2032 1496 2144 1564 καὶ
2179 1498 2336 1585 περὶ

401 1613 538 1668 τῶν
593 1603 759 1668 κατὰ
811 1603 935 1687 τὴν
976 1597 1265 1686 Ἰνδικὴν
1321 1603 1445 1668 οὐκ
1497 1603 1691 1687 ὀλίγα
1747 1603 2148 1683 συνετάξατο
2195 1616 2333 1670 τῶν

402 1708 879 1795 ἀγνοουμένων
937 1711 1115 1796 παρὰ
1171 1719 1314 1786 τοῖς
1370 1711 1615 1787 ἄλλοις.
1705 1708 1894 1793 ἡμεῖς
1950 1706 2024 1776 δὲ
2076 1711 2202 1795 τὴν
2257 1711 2333 1777 ἐν

388 1816 573 1906 Ιἀρχῇ
599 1825 718 1900 τῆς
751 1818 990 1900 βίβλου
1016 1814 1467 1901 γεγενημένην
1504 1816 1901 1899 ἐπαγγελίαν
1928 1819 2335 1895 τετελεκότες

409 1923 620 1990 αὐτοῦ
664 1922 1161 2009 περιγράψομεν
1204 1924 1408 2007 τήνδε
1449 1923 1575 2006 τὴν
1620 1924 1874 2006 βίβλον.
2363 1941 2417 1982 15

547 2123 579 2173 ὅ
637 2117 1013 2188 Παλίβοθραν
1050 2115 1113 2185 F,
1154 2118 1488 2188 Παλίβοθρα
1527 2115 1626 2170 OD
1809 2120 1873 2169 11
1933 2108 2098 2179 οὗτος
2133 2132 2240 2172 om.
2280 2118 2328 2172 Ε

407 2193 473 2243 15
510 2185 967 2258 παραγράψομεν
1004 2186 1072 2242 Π.

549 2273 846 2345 Διοδώρου
875 2272 1198 2331 σικελιώτου
1227 2271 1600 2350 βιβλιοθήκης
1628 2272 1910 2346 ἱστορικῆς
1937 2263 1990 2349 β.
2020 2277 2229 2332 subeor.
2260 2277 2328 2335 D.
