2569 4061
370 260 503 325 240
1035 254 1346 311 monem
1382 252 1618 309 smum

295 446 331 494 4
371 419 444 488 δὲ
490 421 736 502 Νάπην
791 419 1202 503 ὠνομάσθαι.
1293 417 1552 482 τούτων
1608 412 1670 480 δ’
1725 415 2071 501 ἐπιφανεῖς
2129 416 2301 499 πρά-

370 530 499 608 ξεις
534 523 1128 610 κατεργασαμένων
1163 521 1274 588 καὶ
1322 520 1728 607 διελομένων
1763 523 1888 605 τὴν
1924 524 2299 606 βασιλείαν,

369 630 486 716 ἀφ’
541 630 855 718 ἑκατέρου
907 634 1067 708 τοὺς
1120 632 1324 705 λαοὺς
1376 631 1536 705 τοὺς
1597 624 1720 712 μὲν
1776 610 2082 711 Πάλους,
2140 632 2304 706 τοὺς

371 734 446 803 δὲ
475 739 716 816 Νάπας
741 743 1398 824 προσαγορευθῆναι.
1481 737 1642 819 μετὰ
1680 733 1761 799 δέ
1790 757 1975 812 τινας
2010 738 2305 820 χρόνους

368 848 528 924 τοὺς
572 845 950 929 ἀπογόνους
993 844 1251 909 τούτων
1297 852 1432 907 τῶν
1486 840 1818 924 βασιλέων
1864 841 2142 928 ἀνδρείᾳ
2186 840 2303 907 καὶ
2331 858 2363 899 5

373 955 734 1040 στρατηγίᾳ
780 952 1242 1033 διενεγκόντας
1286 949 1543 1031 πολλὴν
1580 944 1702 1032 μὲν
1746 947 1960 1033 πέραν
2004 957 2127 1013 τοῦ
2173 952 2304 1012 Τα-

369 1061 603 1135 νάιδος
659 1064 961 1141 ποταμοῦ
1014 1057 1240 1141 χώραν
1294 1052 1879 1140 καταστρέψασθαι
1939 1052 2131 1139 μέχρι
2185 1063 2305 1138 τῆς

371 1161 658 1250 Θρᾴκης,
705 1160 812 1226 ἐπὶ
859 1157 932 1226 δὲ
977 1161 1231 1246 θάτερα
1277 1159 1442 1247 μέρη
1488 1160 2014 1246 στρατεύσαντας
2060 1160 2306 1225 διατεῖ-

370 1293 483 1334 ναι
535 1276 614 1351 τῇ
671 1267 952 1352 δυνάμει
1007 1265 1196 1352 μέχρι
1251 1276 1374 1332 τοῦ
1425 1264 1567 1333 κατ’
1621 1272 1969 1349 Αἴγυπτον
2025 1270 2303 1334 Νείλου.

303 1398 335 1445 5
372 1374 586 1439 πολλὰ
625 1370 700 1438 δὲ
745 1372 857 1437 καὶ
892 1373 1143 1458 μεγάλα
1179 1384 1315 1439 τῶν
1359 1373 1488 1438 ἀνὰ
1535 1370 1742 1458 μέσον
1780 1374 2037 1439 τούτων
2075 1372 2304 1439 ἐθνῶν
2337 1391 2393 1431 1⁰

373 1479 1095 1566 καταδουλωσαμένους
1139 1481 1547 1566 προβιβάσαι
1591 1480 1715 1564 τὴν
1758 1479 2123 1564 ἡγεμονίαν
2166 1491 2305 1546 τῶν

372 1591 674 1652 Σκυθῶν
726 1595 805 1672 τῇ
873 1583 997 1673 μὲν
1043 1585 1151 1652 ἐπὶ
1204 1589 1326 1653 τὸν
1382 1588 1549 1672 πρὸς
1602 1585 1925 1662 ἀνατολὰς
1982 1585 2304 1670 ὠκεανόν,

373 1701 453 1778 τῇ
503 1687 564 1759 δ’
618 1692 726 1759 ἐπὶ
768 1695 892 1777 τὴν
937 1696 1249 1760 Κασπίαν
1293 1693 1636 1757 θάλατταν
1690 1691 1801 1757 καὶ
1846 1695 2160 1758 Μαιῶτιν
2204 1697 2302 1758 λί-

314 1805 319 1812 '
374 1819 575 1884 μνην·
640 1799 906 1884 ηὐξήθη
970 1801 1097 1884 γὰρ
1154 1796 1260 1864 ἐπὶ
1314 1801 1488 1863 πολὺ
1542 1807 1741 1864 τοῦτο
1801 1800 1877 1864 τὸ
1933 1801 2136 1876 ἔθνος
2187 1798 2303 1865 καὶ

374 1908 670 1989 βασιλεῖς
714 1908 906 1991 ἔσχεν
952 1904 1365 1988 ἀξιολόγους,
1412 1900 1528 1989 ἀφ’
1574 1899 1670 1970 ὧν
1714 1908 1872 1982 τοὺς
1917 1901 2038 1989 μὲν
2074 1906 2303 1983 Σάκας
2338 1922 2392 1963 15

374 2019 1036 2100 προσαγορευθῆναι,
1099 2013 1256 2088 τοὺς
1323 2007 1396 2077 δὲ
1451 2010 1930 2098 Μασσαγέτας,
1992 2014 2178 2090 τινὰς
2234 2007 2296 2077 δ’

368 2118 845 2205 Ἀριμασπούς,
899 2116 1011 2185 καὶ
1063 2119 1326 2196 τούτοις
1380 2118 1622 2204 ὁμοίως
1676 2119 1921 2196 ἄλλους
1972 2121 2302 2197 πλείονας.

308 2247 341 2296 6
377 2227 507 2293 ὑπὸ
565 2223 640 2293 δὲ
695 2228 952 2293 τούτων
1009 2237 1146 2291 τῶν
1200 2224 1531 2309 βασιλέων
1576 2226 1791 2290 πολλὰ
1845 2222 1968 2309 μὲν
2013 2223 2123 2291 καὶ
2168 2237 2303 2292 τῶν

377 2336 599 2400 ἄλλων
653 2343 789 2398 τῶν
841 2330 1524 2415 καταπολεμηθέντων
1590 2330 1813 2397 ἐθνῶν
1869 2335 2302 2418 μετῳκίσθαι,

379 2441 503 2505 δύο
552 2435 627 2503 δὲ
664 2442 973 2523 μεγίστας
1010 2437 1315 2514 ἀποικίας
1350 2436 1692 2521 γενέσθαι,
1738 2439 1862 2522 τὴν
1898 2435 2021 2523 μὲν
2059 2438 2131 2504 ἐκ
2168 2450 2303 2505 τῶν
2333 2457 2391 2497 20

372 2539 741 2627 Ἀσσυρίων
785 2550 1315 2626 μετασταθεῖσαν
1353 2544 1448 2620 εἰς
1483 2542 1606 2625 τὴν
1642 2542 1883 2628 μεταξὺ
1928 2545 2153 2630 χώραν
2187 2555 2305 2629 τῆς

376 2671 446 2713 τε
503 2650 988 2732 Παφλαγονίας
1040 2646 1152 2713 καὶ
1213 2656 1337 2713 τοῦ
1393 2650 1697 2731 Πόντου,
1756 2650 1880 2732 τὴν
1936 2647 1998 2714 δ’
2063 2650 2135 2716 ἐκ
2186 2659 2305 2734 τῆς

380 2755 652 2837 Μηδίας
696 2755 875 2839 παρὰ
918 2755 1037 2819 τὸν
1089 2754 1343 2819 Τάναϊν
1387 2755 1959 2841 καθιδρυθεῖσαν,
2013 2752 2093 2839 ἧς
2146 2760 2306 2834 τοὺς

309 2884 339 2932 7
380 2861 583 2937 λαοὺς
620 2860 1060 2947 Σαυρομάτας
1097 2861 1582 2946 ὀνομασθῆναι.
1664 2862 1944 2939 τούτους
1992 2858 2054 2928 δ’
2096 2863 2285 2928 ὕστε-
2307 2882 2418 2934 156

380 2991 503 3054 ρον
567 2973 839 3045 πολλοῖς
901 2970 1116 3034 ἔτεσιν
1179 2966 1592 3052 αὐξηθέντας
1653 2975 1992 3054 πορθῆσαι
2046 2971 2304 3054 πολλὴν
2332 2986 2388 3027 2⁵

377 3083 494 3161 τῆς
558 3077 894 3159 Σκυθίας,
966 3072 1077 3140 καὶ
1139 3078 1298 3152 τοὺς
1360 3074 2026 3160 καταπολεμηθέντας
2088 3078 2304 3162 ἄρδην

528 3310 554 3356 1
595 3300 796 3357 Νάπιν
834 3303 882 3356 D
1045 3307 1077 3356 3
1117 3297 1332 3364 Νάπας
1366 3302 1415 3355 D
1580 3306 1614 3354 4
1652 3297 1882 3363 Πάλους
1917 3300 1966 3353 D
2125 3307 2158 3356 9
2197 3299 2305 3371 τὴν

379 3369 628 3440 δύναμιν
667 3374 715 3425 D
753 3373 824 3442 (e.
862 3378 949 3440 46,
988 3377 1042 3440 3)
1199 3378 1267 3429 10
1304 3367 1519 3426 τούτων
1559 3388 1667 3426 om.
1705 3372 1756 3424 D
1918 3378 1984 3426 19
2023 3379 2304 3441 μετοικεῖ-

381 3444 522 3492 σθαι
556 3442 624 3508 D,
664 3450 1010 3511 μετοικεῖσαι
1046 3440 1116 3512 Ο,
1162 3460 1302 3499 corr.
1339 3441 1505 3496 Dind.
1686 3446 1753 3494 21
1802 3445 2217 3511 μετατεθεῐσαν
2254 3444 2303 3497 D

379 3512 448 3558 25
486 3506 723 3582 πολλὴν]
760 3511 952 3581 χώραν
988 3513 1118 3567 add.
1155 3513 1223 3569 D.
