2569 4061
7 85 2378 141 ψ·
2458 85 2560 101 ””Ἳ

1088 354 1166 409 IV
1207 361 1291 409 14.
1325 360 1406 409 15.
1531 391 1546 401 ,
2059 355 2196 420 419

269 541 404 583 των
461 513 795 600 ἑλομένων
849 517 968 581 τὸν
1012 517 1179 601 πρὸς
1234 518 1390 592 τοὺς
1440 505 1822 595 ἀθανάτους
1874 519 2194 601 πόλεμον,

261 618 591 709 Ἡρακλῆς
635 633 775 699 τοῖς
828 627 1017 698 θεοῖς
1063 623 1692 706 συναγωνισάμενος
1744 622 1857 689 καὶ
1900 626 2198 701 πολλοὺς

271 729 529 794 ἀνελὼν
573 739 708 794 τῶν
753 738 1058 813 γηγενῶν
1095 727 1429 813 ἀποδοχῆς
1473 730 1662 812 ἔτυχε
1702 738 1817 812 τῆς
1863 733 2192 814 μεγίστης.

270 838 441 913 Ζεὺς
491 836 618 920 γὰρ
683 838 841 911 τοὺς
894 831 1017 919 μὲν
1081 832 1755 918 συναγωνισαμένους
1808 845 1942 899 τῶν
2004 841 2189 902 θεῶν

215 964 241 1005 5
270 944 518 1027 μόνους
573 942 918 1027 ὠνόμασεν
956 939 1386 1025 Ὀλυμπίους,
1443 941 1556 1006 ’ἵνα
1610 949 1688 1026 τῇ
1737 941 1983 1024 ταύτης
2035 949 2190 1026 τιμῇ

268 1048 304 1114 ὁ
335 1048 589 1132 ἀγαθὸς
613 1046 978 1134 κοσμηθεὶς
1014 1047 1357 1135 ἐπωνυμίᾳ
1385 1046 1674 1134 διαφέρῃ
1711 1055 1833 1112 τοῦ
1860 1048 2191 1133 χείρονος’

266 1153 505 1238 ἠξίωσε
552 1153 625 1221 δὲ
668 1156 912 1239 ταύτης
954 1164 1073 1239 τῆς
1117 1158 1567 1240 προσηγορίας
1614 1165 1751 1220 τῶν
1798 1152 1869 1219 ἐκ
1914 1159 2191 1235 θνητῶν

265 1272 606 1344 γυναικῶν
665 1259 1047 1346 γενομένων
1112 1263 1459 1326 Διόνυσον
1522 1258 1634 1326 καὶ
1678 1257 2007 1347 Ἡρακλέα
2018 1307 2039 1344 ,
2105 1258 2189 1324 οὐ

266 1370 477 1451 μόνον
532 1367 633 1432 ὅτι
685 1369 932 1453 πατρὸς
984 1362 1157 1451 ἦσαν
1205 1368 1403 1449 Διός,
1452 1367 1618 1433 ἀλλὰ
1674 1368 1844 1432 διότι
1899 1365 2008 1432 καὶ
2064 1366 2188 1450 τὴν

186 1495 239 1535 ιο
264 1477 657 1559 προαίρεσιν
721 1473 959 1558 ὁμοίαν
1025 1476 1252 1558 ἔσχον,
1319 1473 1865 1559 εὐεργετήσαντες
1935 1473 2187 1558 μεγάλα

265 1581 382 1644 τὸν
427 1581 580 1662 βίον
616 1588 759 1644 ’τῶν
806 1578 1204 1665 ἀνθρώπων.

446 1686 615 1761 Ζεὺς
661 1682 764 1768 δέ,
813 1683 1233 1771 Προμηθέως
1277 1685 1693 1770 παραδόντος
1748 1686 1821 1749 τὸ
1868 1693 2001 1771 πῦρ
2045 1696 2186 1762 τοῖς
2222 1706 2255 1755 2

265 1790 674 1877 ἀνθρώποις,
700 1793 970 1875 δεσμοῖς
995 1792 1388 1874 κατελάβετο
1416 1788 1526 1856 καὶ
1553 1788 1965 1876 παρέστησεν
1992 1790 2187 1856 ἀετὸν

263 1899 384 1962 τὸν
421 1896 738 1963 ἐσθίοντα
772 1898 847 1962 τὸ
885 1892 1065 1983 ἧπαρ
1104 1897 1330 1962 αὐτοῦ.
1386 1893 1722 1983 Ἡρακλῆς
1759 1891 1819 1960 δ’
1855 1896 2034 1983 ὁρῶν
2071 1906 2187 1980 τῆς

184 2023 237 2065 15
264 2006 583 2091 τιμωρίας
618 2003 824 2070 αὐτὸν
858 2003 1273 2088 τυγχάνοντα
1321 2004 1432 2068 διὰ
1467 2004 1594 2087 τὴν
1629 2011 1766 2069 τῶν
1803 2001 2186 2089 ἀνθρώπων

266 2110 681 2196 εὐεργεσίαν,
755 2110 876 2176 τὸν
947 2107 1069 2195 μὲν
1142 2109 1337 2176 ἀετὸν
1399 2109 1855 2193 κατετόξευσε,
1926 2111 2045 2174 τὸν
2111 2106 2187 2174 δὲ

264 2217 402 2282 Δία
467 2218 696 2293 πείσας
768 2215 960 2299 λῆξαι
1022 2225 1138 2300 τῆς
1209 2216 1413 2302 ὀργῆς
1484 2218 1691 2281 ἔσωσε
1764 2217 1882 2281 τὸν
1953 2216 2185 2281 κοινὸν

263 2319 631 2408 εὐεργέτην.

442 2430 635 2493 Μετὰ
672 2425 745 2493 δὲ
781 2437 988 2493 ταῦτα
1025 2430 1262 2511 ἔλαβεν
1298 2422 1517 2492 ἆθλον
1554 2427 1826 2511 ἀγαγεῖν
1870 2428 1986 2504 τὰς
2020 2432 2185 2493 Διο-
2222 2448 2255 2497 3

183 2554 239 2593 20
266 2533 523 2616 μήδους
574 2544 695 2600 τοῦ
742 2536 1002 2622 Θρᾳκὸς
1054 2534 1313 2611 ἵππους.
1406 2528 1601 2599 αὗται
1648 2530 1721 2598 δὲ
1774 2539 2017 2618 χαλκᾶς
2062 2530 2185 2618 μὲν

265 2639 525 2723 φάτνας
570 2637 751 2726 εἶχον
798 2643 908 2706 διὰ
953 2642 1075 2724 τὴν
1122 2640 1511 2725 ἀγριότητα,
1557 2639 1830 2705 ἁλύσεσι
1879 2636 1950 2705 δὲ
1999 2642 2184 2725 σιδη-

265 2756 419 2830 ραῖς
475 2733 586 2812 διά
631 2749 755 2833 τὴν
811 2750 1004 2832 ἰσχὺν
1050 2746 1519 2832 ἐδεσμεύοντο,
1567 2746 1830 2832 τροφὴν
1876 2740 1937 2810 δ’
1990 2745 2187 2832 ἐλάμ-

259 2855 473 2935 βανον
510 2853 593 2918 οὐ
630 2854 754 2937 τὴν
791 2853 862 2919 ἐκ
898 2862 1021 2938 γῆς
1057 2850 1427 2937 φυομένην,
1474 2851 1639 2917 ἀλλά
1680 2853 1756 2918 τὰ
1800 2862 1935 2917 τῶν
1972 2851 2183 2931 ξένων

259 2956 421 3043 μέλη
471 2960 932 3045 διαιρούμεναι
967 2959 1229 3045 τροφὴν
1266 2953 1449 3042 εἶχον
1484 2959 1608 3041 τὴν
1654 2957 2013 3043 συμφορὰν
2047 2971 2183 3024 τῶν

173 3083 227 3124 25
257 3064 748 3151 ἀκληρούντων.
804 3066 1048 3142 ταύτας
1083 3065 1120 3130 ὁ
1141 3062 1472 3150 εΗρακλῆς
1507 3067 1916 3148 βουλόμενος
1951 3066 2181 3149 χειρώ-

210 3192 233 3216 ·
256 3177 508 3236 σασθαι
545 3174 662 3237 τὸν
697 3173 936 3259 κύριον
966 3172 1323 3256 Διομήδην
1350 3168 1705 3257 παρέβαλε,
1735 3167 1845 3233 καὶ
1880 3179 2024 3245 ταῖς
2057 3178 2179 3234 τοῦ

253 3288 667 3363 παρανομεῖν
714 3279 1107 3359 διδάξαντος
1155 3274 1389 3363 σαρξὶν
1437 3274 1861 3361 ἐκπληρώσας
1904 3274 2028 3356 τὴν
2075 3277 2180 3339 ἔν-

253 3384 443 3449 δειαν
496 3393 632 3450 τῶν
699 3382 884 3473 ζῴων
947 3384 1284 3461 εὐπειθεῖς
1348 3384 1555 3467 ἔσχεν.
1647 3380 2049 3466 Εὐρυσθεὺς
2110 3378 2171 3444 δ’
2216 3400 2251 3448 4

397 3547 426 3595 1
468 3538 828 3610 ἀνελομένων
864 3540 1029 3597 Dind.
1192 3547 1224 3596 9
1263 3534 1387 3594 ἀλλ’
1428 3533 1518 3593 ὅτι
1558 3537 1621 3591 F
1772 3544 1839 3593 10
1888 3533 2039 3608 εἶχον
2088 3535 2175 3591 OF·

250 3617 320 3666 13
358 3613 419 3667 et
457 3618 525 3667 16
564 3610 758 3668 αἰετὸν
799 3613 907 3669 01).

1745 3698 1857 3752 27*
