2569 4061
385 273 518 339 220
1050 269 1359 326 DIODORI
1396 269 1635 327 SICULI

384 460 493 502 νοι
537 436 618 499 τὰ
663 431 987 517 μέλλοντα
1032 436 1345 516 γίνεσθαι
1392 432 1849 514 δεικνύουσιν,
1908 428 2313 517 ἑρμηνεύον-

383 564 490 616 τες
532 550 672 616 τοῖς
717 539 1103 625 ἀνθρώποις
1146 539 1272 622 τὴν
1317 550 1451 605 τῶν
1486 545 1671 604 θεῶν
1706 540 1997 603 ἔννοιαν.
2066 536 2150 600 τὰ
2186 532 2313 620 μὲν

383 648 511 733 γὰρ
558 647 672 712 διὰ
715 655 831 731 τῆς
876 647 1220 731 ἀνατολῆς,
1265 648 1349 711 τά
1395 643 1472 711 δὲ
1518 647 1631 711 διὰ
1674 654 1793 730 τῆς
1838 646 2112 727 δύσεως,
2157 644 2312 709 τινὰ

385 749 459 818 δὲ
506 754 619 818 διὰ
677 763 792 837 τῆς
846 756 1048 839 χρόας
1093 755 1577 839 προσημαίνειν
1623 750 1832 836 φασὶν
1878 751 2122 826 αὐτοὺς
2166 760 2312 827 τοῖς

313 884 347 933 5
384 858 739 944 προσέχειν
777 859 1066 945 ἀκριβῶς
1109 862 1535 942 βουληθεῖσι·
1580 854 1740 923 ποτε
1785 854 1908 941 μὲν
1944 858 2072 942 γὰρ
2108 877 2311 921 πνευ-
2342 875 2371 915 5

383 966 610 1050 μάτων
665 964 916 1050 μεγέθη
973 966 1225 1049 δηλοῦν
1279 964 1555 1047 αὐτούς,
1614 960 1771 1029 ποτὲ
1829 960 1902 1029 δὲ
1948 965 2220 1049 ὄμβρων
2263 961 2309 1045 ἢ

382 1072 739 1156 καυμάτων
775 1070 1170 1155 ὑπερβολάς,
1218 1072 1357 1136 ἔστι
1406 1067 1479 1136 δὲ
1526 1070 1635 1136 ὅτε
1669 1081 1977 1156 κομητῶν
2013 1067 2312 1154 ἀστέρων

384 1176 720 1260 ἐπιτολάς,
785 1178 881 1241 ἔτι
939 1172 1013 1241 δὲ
1075 1176 1272 1259 ἡλίου
1336 1201 1407 1242 τε
1461 1175 1573 1242 καὶ
1628 1179 1908 1262 σελήνης
1967 1176 2311 1257 ἐκλείψεις,

382 1281 494 1347 καὶ
522 1283 856 1366 σεισμούς,
894 1281 1004 1348 καὶ
1041 1284 1118 1349 τὸ
1156 1284 1450 1349 σύνολον
1475 1284 1690 1360 πάσας
1718 1285 1835 1360 τὰς
1870 1282 1943 1348 ἐκ
1968 1292 2091 1348 τοῦ
2126 1303 2310 1368 περι-

384 1387 652 1472 έχοντος
707 1388 1130 1475 γεννωμένας
1182 1391 1599 1476 περιστάσεις
1642 1391 2022 1475 ὠφελίμους
2073 1412 2145 1454 τε
2197 1387 2312 1454 καὶ
2344 1406 2401 1446 10

382 1496 710 1581 βλαβερὰς
773 1494 856 1561 οὐ
919 1497 1131 1580 μόνον
1193 1498 1469 1562 ἔθνεσιν
1532 1495 1573 1580 ἢ
1638 1500 1895 1580 τόποις,
1970 1495 2160 1588 ἀλλὰ.
2196 1493 2310 1561 καὶ

314 1610 346 1658 6
383 1604 730 1684 βασιλεῦσι
773 1601 885 1668 καὶ
928 1613 1071 1680 τοῖς
1114 1612 1435 1687 τυχοῦσιν
1482 1604 1791 1680 ἰδιώταις.
1879 1602 2011 1668 ὑπὸ
2069 1599 2142 1667 δὲ
2187 1603 2310 1685 τὴν

382 1709 641 1774 τούτων
678 1710 899 1795 φορὰν
935 1708 1207 1792 λέγουσι
1249 1709 1565 1793 τετάχθαι
1608 1710 1964 1795 τριάκοντα
2009 1707 2309 1794 ἀστέρας,

384 1814 503 1891 οὓς
564 1816 1142 1901 προσαγορεύουσι
1205 1818 1568 1898 βουλαίους
1625 1816 1858 1892 θεούς·
1921 1815 2180 1880 τούτων
2235 1811 2311 1879 δὲ

383 1924 540 1998 τοὺς
594 1918 716 2006 μὲν
773 1922 1033 2006 ἡμίσεις
1095 1923 1253 1998 τοὺς
1308 1917 1474 2007 ὑπὲρ
1538 1930 1667 2005 γῆν
1720 1924 1967 1998 τόπους
2030 1921 2306 2007 ἐφορᾶν,
2341 1937 2395 1977 15

383 2030 543 2106 τοὺς
589 2023 650 2094 δ’
692 2028 950 2113 ἡμίσεις
1001 2032 1143 2105 τοὺς
1185 2027 1317 2094 ὑπὸ
1362 2029 1488 2112 τὴν
1524 2038 1681 2113 γῆν,
1729 2029 1811 2094 τὰ
1854 2026 1994 2094 κατ’
2042 2027 2307 2112 ἀνθρώ-

381 2156 553 2212 πους
596 2134 1122 2212 ἐπισκοποῦντας
1166 2134 1302 2219 ἅμα
1347 2134 1457 2201 καὶ
1515 2137 1596 2201 τὰ
1639 2136 1804 2201 κατὰ
1846 2136 1966 2200 τὸν
2013 2134 2306 2220 οὐρανὸν

382 2244 863 2326 συμβαίνοντα·
925 2242 1038 2306 διὰ
1094 2237 1158 2306 δ’
1210 2241 1477 2328 ἡμερῶν
1527 2240 1686 2308 δέκα
1740 2241 2114 2326 πέμπεσθαι
2169 2252 2306 2306 τῶν

383 2344 506 2431 μὲν
550 2348 689 2413 ἄνω
737 2349 906 2433 πρὸς
939 2350 1096 2425 τοὺς
1129 2349 1307 2414 κάτω
1344 2349 1649 2434 καθάπερ
1697 2349 1981 2431 ἄγγελον
2018 2347 2136 2413 ἕνα
2169 2358 2306 2413 τῶν

384 2452 709 2537 ἀστέρων,
774 2464 909 2518 τῶν
973 2451 1036 2518 δ’
1099 2453 1231 2518 ὑπὸ
1290 2463 1419 2538 γῆν
1471 2455 1638 2539 πρὸς
1691 2456 1848 2530 τοὺς
1910 2455 2048 2519 ἀνω
2103 2454 2306 2519 πάλιν
2336 2472 2394 2511 ²⁰

383 2558 626 2643 ὁμοίως
663 2558 801 2641 ἕνα,
840 2557 958 2623 καὶ
993 2559 1243 2643 ταύτην
1280 2562 1457 2643 ἔχειν
1494 2560 1740 2637 αὐτοὺς
1775 2562 1998 2646 φορὰν
2027 2558 2306 2646 ὡρισμέ-

313 2695 344 2744 ‘l
382 2688 511 2749 νην
555 2663 666 2729 καὶ
718 2666 1008 2753 περιόδῳ
1055 2664 1526 2751 κεκυρωμένην
1573 2668 1840 2756 αἰωνίῳ.
1932 2677 2067 2732 τῶν
2119 2672 2305 2731 θεῶν

384 2767 458 2836 δὲ
492 2772 751 2836 τούτων
787 2774 1062 2857 κυρίους
1107 2767 1289 2838 εἶναί
1327 2790 1495 2856 φασι
1542 2774 1800 2839 δώδεκα
1834 2775 1955 2840 τὸν
1992 2773 2303 2859 ἀριθμόν,

383 2873 480 2944 ὧν
535 2875 785 2968 ἑκάστῳ
840 2886 1017 2963 μῆνα
1071 2876 1181 2944 καὶ
1234 2890 1371 2944 τῶν
1435 2879 1695 2945 δώδεκα
1750 2878 2126 2964 λεγομένων
2188 2882 2304 2967 ζω-

384 2986 550 3051 δίων
603 2985 678 3050 ἓν
733 2983 1202 3071 προσνέμουσι.
1296 2986 1408 3050 διὰ
1463 2982 1537 3051 δὲ
1583 2986 1841 3050 τούτων
1887 2983 2054 3070 φασὶ
2096 2995 2303 3051 ποιεῖ’-
2332 3003 2390 3043 25

382 3098 546 3157 σθαι
584 3093 706 3176 τὴν
751 3095 1031 3177 πορείαν
1052 3095 1187 3175 1τόν
1222 3115 1291 3156 τε
1329 3091 1524 3174 ’ἥλιον
1560 3088 1672 3156 καὶ
1706 3091 1830 3174 τὴν
1866 3093 2155 3175 σελήνην
2191 3088 2304 3157 καὶ

379 3196 573 3263 πέντε
628 3200 786 3274 τοὺς
837 3198 1173 3281 πλάνητας
1226 3194 1534 3281 ἀστέρας,
1588 3205 1710 3261 τοῦ
1765 3192 1888 3280 μὲν
1933 3195 2129 3279 ἡλίου
2184 3199 2304 3262 τὸν

526 3395 551 3441 1
592 3385 871 3456 γενέσθαι
905 3389 954 3442 D
1029 3394 1061 3441 2
1102 3385 1334 3442 ἔννοιαν
1369 3386 1622 3452 Dindorf‚
1665 3382 1898 3442 εὔνοιαν
1926 3386 2060 3442 libri
2132 3395 2164 3443 3
2202 3385 2300 3461 τά]

378 3453 507 3508 τινὰ
546 3458 594 3508 D
739 3466 772 3512 6
810 3456 1058 3528 μέγεθος
1093 3457 1142 3510 D
1290 3463 1355 3510 11
1403 3450 1439 3525 ἢ
1474 3455 1646 3524 CDF,
1684 3457 1782 3511 καὶ
1816 3459 1916 3514 rel.
2065 3465 2131 3513 16
2169 3457 2304 3522 τοὺς

379 3521 511 3575 add.
546 3523 754 3581 Reiske
866 3535 930 3583 19
970 3527 1074 3582 ἕνα
1112 3544 1221 3583 om.
1261 3526 1370 3581 01⁴¹
1472 3534 1540 3581 23
1577 3524 1790 3582 τούτων
1828 3545 1936 3583 om.
1979 3529 2094 3584 OF.
