2569 4061
1053 387 1130 441 IV
1173 393 1254 444 10.
1290 394 1373 443 11.
2034 387 2165 473 411

240 572 512 616 κτεινεν.
607 551 801 635 ἄφνω
850 546 924 614 δὲ
969 551 1370 636 προσπεσὼν
1414 559 1494 635 τῇ
1543 551 1731 614 πόλει
1775 560 1910 614 τῶν
1952 543 2171 634 Ὀρχο-
2287 624 2292 628 ,

239 658 490 740 μενίων
544 654 656 722 καὶ
709 657 1174 743 παρεισπεσὼν
1230 655 1419 733 ἐντὸς
1475 666 1611 721 τῶν
1670 661 1903 720 πυλῶν
1961 655 2043 719 τά
2100 677 2171 719 τε

239 765 543 846 βασίλεια
614 773 751 828 τῶν
823 766 1116 827 Μινυῶν
1191 760 1511 849 ἐνέπρησε
1584 760 1697 827 καὶ
1768 762 1893 845 τὴν
1974 763 2173 827 πόλιν

238 867 623 946 κατέσκαψε.
715 871 1118 955 περιβοήτου
1174 865 1248 933 δὲ
1306 877 1422 952 τῆς
1467 868 1766 954 πράξεως
1809 866 2173 952 γενομένης
2210 889 2242 936 6

186 994 212 1036 5
240 973 396 1040 καθ’
451 975 617 1059 ὅλην
670 976 795 1059 τὴν
840 973 1128 1040 Ἑλλάδα
1185 972 1300 1040 καὶ
1357 976 1627 1041 πάντων
1686 976 2172 1058 θαυμαζόντων

238 1083 314 1146 τὸ
377 1081 784 1168 παράδοξον,
852 1081 888 1146 6
954 1078 1077 1166 μὲν
1140 1084 1455 1164 βασιλεὺς
1512 1079 1752 1167 Κρέων
1814 1081 2171 1165 θαυμάσας

239 1188 361 1271 τὴν
399 1188 643 1274 ἀρετὴν
679 1197 800 1253 τοῦ
833 1190 1194 1253 νεανίσκου
1221 1190 1346 1271 τήν
1372 1210 1442 1253 τε
1469 1187 1813 1273 θυγατέρα
1839 1187 2168 1272 Μεγάραν

242 1293 613 1382 συνῴκισεν
670 1295 849 1383 αὐτῷ
897 1292 1010 1360 καὶ
1054 1295 1361 1378 καθάπερ
1406 1295 1533 1383 υἱῷ
1579 1296 1833 1382 γνησίῳ
1879 1295 1960 1358 τά
2005 1295 2171 1358 κατά

238 1401 363 1484 τὴν
400 1403 599 1466 πόλιν
636 1398 1015 1487 ἐπέτρεψεν,
1050 1400 1455 1484 Εὐρυσθεὺς
1494 1399 1555 1465 δ’
1592 1401 1629 1466 6
1666 1402 1791 1485 τὴν
1827 1402 2172 1484 βασιλείαν

158 1526 213 1566 10
240 1508 412 1591 ἔχων
456 1516 572 1590 τῆς
603 1505 899 1593 Ἀργείας
933 1506 1356 1584 ὑποπτεύσας
1390 1509 1516 1592 τὴν
1541 1505 1948 1594 Ἡρακλέους
1975 1507 2172 1590 αὔξη-

242 1628 353 1677 σιν
417 1611 858 1696 μετεπέμπετό
923 1637 993 1678 τε
1058 1614 1264 1679 αὐτὸν
1330 1612 1442 1679 καὶ
1499 1613 1896 1698 προσέταττε
1954 1618 2171 1679 τελεῖν

240 1719 515 1794 ἄθλους.
591 1718 711 1803 οὐχ
749 1719 1206 1797 ὑπακούοντος
1244 1717 1320 1786 δὲ
1365 1729 1488 1785 τοῦ
1524 1717 1954 1806 εΗρακλεόυς,
2001 1722 2171 1796 Ζεὺς
2209 1740 2239 1788 ’1

240 1820 364 1908 μὲν
410 1823 749 1890 ἀπέστειλε
797 1827 1341 1912 διακελευόμενος
1384 1826 1753 1913 ὑπουργεῖν
1797 1826 2167 1909 Εὐρυσθεῖ,

230 1927 566 2014 ἝῙρακλῆς
605 1927 679 1996 δὲ
716 1933 1078 2018 παρελθὼν
1116 1935 1210 2010 εἰς
1236 1936 1555 2018 Δελφοὺς
1592 1930 1704 1998 καὶ
1731 1930 1883 2018 περὶ
1910 1931 2170 1996 τούτων

160 2057 214 2098 15
242 2037 658 2124 ἐπερωτήσας
693 2040 813 2105 τὸν
848 2042 1038 2123 θεόν,
1087 2042 1282 2124 ἔλαβε
1328 2041 1629 2126 χρησμὸν
1673 2041 1793 2104 τὸν
1836 2040 2170 2121 δηλοῦντα

242 2144 413 2208 διότι
465 2154 606 2220 τοϊς
659 2149 851 2222 θεοῖς
909 2144 1219 2211 δέδοκται
1275 2147 1536 2211 δώδεκα
1595 2146 1852 2221 ἄθλους
1909 2141 2170 2209 τελέσαι

238 2250 765 2335 προστάττοντος
836 2249 1283 2336 Εὐρυσθέως,
1366 2249 1478 2316 καὶ
1549 2260 1746 2316 τοῦτο
1829 2248 2169 2336 πράξαντα

237 2355 591 2434 τεύξεσθαι
636 2364 753 2441 τῆς
800 2356 1192 2433 ἀθανασίας.

426 2464 699 2528 Τούτων
756 2460 831 2528 δὲ
885 2462 1327 2549 πραχθέντων
1382 2463 1418 2528 6
1474 2460 1597 2546 μὲν
1642 2460 1972 2549 “Ηρακλῆς
2026 2460 2164 2528 ἐνέ-
2188 2465 2266 2527 11

158 2588 214 2628 20
241 2584 440 2634 πεσεν
499 2570 594 2646 εἰς
644 2569 946 2654 ἀθυμίαν
1012 2569 1094 2634 οὐ
1156 2570 1280 2653 τὴν
1343 2578 1704 2653 τυχοῦσαν·
1768 2572 1845 2634 τό
1908 2593 1979 2634 τε
2040 2571 2168 2654 γὰρ

239 2683 330 2762 τῷ
363 2676 805 2765 ταπεινοτέρῳ
842 2676 1192 2742 δουλεύειν
1227 2676 1536 2761 οὐδαμῶς
1573 2675 1760 2754 ἀξιον
1798 2678 2016 2763 ἔκρινε
2053 2684 2169 2760 τῆς

242 2783 419 2860 ἰδίας
463 2783 718 2869 ἀρετῆς,
765 2785 841 2848 τό
887 2806 958 2848 τε
1004 2790 1095 2871 τῷ
1133 2781 1256 2848 Διὶ
1291 2781 1404 2848 καὶ
1441 2779 1641 2869 πατρὶ
1677 2784 1765 2868 μὴ
1804 2787 2169 2849 πείθεσθαι

238 2886 351 2953 καὶ
387 2888 789 2976 ἀσύμφορον
834 2888 1144 2975 ἐφαίνετο
1191 2887 1304 2955 καὶ
1350 2888 1707 2955 ἀδύνατον.
1782 2892 1877 2966 εἰς
1913 2891 2169 2973 πολλὴν

240 2990 368 3060 οὗν
395 2995 771 3079 ἀμηχανίαν
799 2993 1236 3080 ἐμπίπτοντος
1262 2994 1496 3078 αὐτοῦ,
1524 2994 1700 3081 ’Ἠρα
1728 2991 1852 3079 μὲν
1879 2997 2168 3078 ἔπεμψεν

161 3118 215 3158 25
246 3098 426 3185 αὐτῷ
473 3099 745 3165 λύτταν·
802 3100 838 3165 6
886 3097 961 3165 δὲ
1007 3108 1086 3186 τῇ
1132 3109 1312 3186 ψυχῇ
1360 3102 1726 3186 δυσφορῶν
1781 3101 1875 3176 εἰς
1921 3100 2168 3183 μανίαν

242 3202 529 3268 ἐνέπεσε.
626 3213 748 3268 τοῦ
808 3205 1073 3282 πάθους
1138 3200 1200 3269 δ’
1261 3205 1635 3290 αὐξομένου
1696 3214 1832 3268 τῶν
1896 3213 2168 3290 φρενῶν

241 3307 429 3386 ἐκτὸς
461 3310 820 3393 γενόμενος
855 3313 975 3376 τὸν
1011 3307 1135 3395 μὲν
1175 3308 1433 3377 Ἰόλαον
1471 3310 1821 3394 ἐπεβάλετο
1858 3312 2167 3393 κτείνειν,

383 3509 416 3557 3
454 3500 690 3572 μηνύων
726 3501 777 3554 D
888 3507 921 3555 8
958 3499 1031 3556 τά
1068 3499 1214 3557 κατὰ
1254 3520 1362 3557 om.
1392 3503 1445 3557 II
1558 3508 1624 3557 12
1664 3499 1830 3573 Ζεὺς]
1872 3495 1903 3555 ὃ
1947 3498 2090 3564 Ζεὺς
2116 3500 2167 3553 D

242 3579 310 3628 18
347 3569 664 3640 τεύξασθαι
700 3574 854 3643 vulg.
945 3578 1009 3629 19
1049 3573 1524 3644 προσταχθέντων
1561 3573 1743 3629 Ἦοεε.
1843 3577 1911 3626 21
1951 3570 2165 3644 ἔκρινε]

241 3646 368 3699 δεῖν
406 3645 533 3699 add.
572 3644 727 3715 vulg.
873 3649 943 3700 24
983 3641 1315 3716 ἐπέπεμψεν
1352 3644 1576 3700 Reiske.
