2569 4061
1024 344 1076 398 ΙΙ
1116 350 1203 401 33.
1235 351 1322 399 34.
2004 344 2136 409 225

207 505 641 591 ἐκδεδομένος
694 507 816 590 τὴν
874 508 1054 571 ἰδίαν
1100 506 1401 590 ἀδελφὴν
1457 515 1545 594 τῷ
1594 511 1875 592 μάλιστα
1935 509 2138 573 δυνα-

207 614 512 678 στεύοντι
558 614 729 696 κατὰ,
769 612 1050 689 τούτους
1091 615 1251 689 τοὺς
1298 615 1560 689 τόπους.
1651 618 2016 699 γενόμενον
2063 610 2129 679 δ’
2175 637 2206 682 3

101 744 202 792 147
226 720 606 803 ἀποστάτην
669 718 780 784 καὶ
842 722 1161 785 πείσαντα
1234 720 1311 784 τὸ
1378 720 1647 803 σύμπαν
1712 722 1914 797 ἔθνος
1984 722 2136 787 ἀντ-

207 824 480 911 έχεσθαι
534 834 650 910 τῆς
704 826 1122 913 ἐλευθερίας,
1181 826 1537 911 αἱρεθῆναι
1595 828 1965 911 στρατηγὸν
2025 829 2136 893 διὰ

150 953 177 993 5
204 932 331 1015 τὴν
378 931 712 1018 ἀνδρείαν.
807 934 1028 998 ἔπειτα
1073 935 1598 1016 πυνθανόμενον
1649 930 2137 1017 ἀθροιζομένην

206 1036 306 1103 ἐπ’
361 1038 566 1104 αὐτὸν
621 1039 915 1123 μεγάλην
964 1039 1284 1122 δύναμιν,
1332 1042 1739 1103 καθοπλίσαι
1796 1039 1954 1114 τοὺς
1999 1040 2137 1101 Κα-

208 1145 524 1220 δουσίους
587 1146 951 1228 πανδημεί,
1017 1141 1128 1208 καὶ
1187 1145 1913 1229 καταστρατοπεδεῦσαι
1971 1143 2140 1228 πρὸς

206 1259 350 1327 ταῖς
395 1252 490 1327 εἰς
533 1251 656 1334 τὴν
703 1250 930 1336 χώραν
976 1251 1312 1333 εἰσβολαῖς
1353 1252 1589 1334 ἔχοντα
1634 1253 1792 1327 τοὺς
1837 1250 2136 1334 σύμπαν-

203 1380 321 1434 τας
376 1358 501 1422 οὐκ
555 1356 868 1433 ἐλάττους
923 1362 1134 1421 εἴκοσι
1189 1357 1550 1441 μυριάδων.
1641 1367 1764 1422 τοῦ
1820 1352 1894 1421 δὲ
1947 1361 2135 1441 βασι-
2173 1379 2207 1427 4

123 1484 177 1523 ιο
204 1461 370 1540 λέως
422 1461 729 1547 Ἀρταίου
794 1463 1321 1546 στρατεύσαντος
1383 1460 1483 1527 ἐπ’
1546 1463 1751 1528 αὐτὸν
1820 1464 2135 1548 μυριάσιν

207 1569 622 1653 ὀγδοήκοντα
686 1568 860 1652 μάχῃ
923 1575 1246 1652 κρατῆσαι
1311 1567 1421 1632 καὶ
1486 1572 1756 1644 πλείους
1815 1566 1937 1652 μὲν
1999 1582 2135 1635 τῶν

201 1678 784 1757 πεντακισμυρίων
831 1672 1117 1755 ἀνελεῖν,
1163 1673 1288 1755 τὴν
1336 1670 1397 1736 δ’
1444 1674 1651 1756 ἄλλην
1699 1674 1987 1757 δύναμιν
2034 1674 2135 1738 ἐκ-

202 1784 439 1862 βαλεῖν
503 1778 575 1843 ἐκ
638 1788 753 1864 τῆς
815 1780 1220 1845 Καδουσίων
1284 1779 1520 1864 χώρας.
1615 1779 1720 1843 διὸ
1784 1777 1895 1843 καὶ
1957 1781 2137 1863 παρὰ

202 1894 346 1961 τοῖς
392 1883 733 1970 ἐγχωρίοις
776 1888 1289 1970 θαυμαζόμενον
1345 1886 1711 1971 αἱρεθῆναί
1749 1907 1818 1949 τε
1863 1882 2137 1967 βασιλέα

124 2012 178 2054 15
208 1989 319 2058 καὶ
354 1992 478 2075 τὴν
504 1992 784 2076 Μηδίαν
823 2002 1116 2077 συνεχῶς
1152 1997 1497 2076 λεηλατεῖν
1531 1991 1643 2058 καὶ
1679 1992 1894 2057 πάντα
1930 1994 2137 2058 τόπον

202 2102 700 2185 καταφθείρειν.
774 2101 1072 2184 μεγάλης·
1108 2096 1181 2165 δὲ
1220 2099 1419 2184 δόξης
1462 2103 1768 2184 τυχόντα,
1814 2097 1924 2164 καὶ
1959 2101 2135 2185 γήρᾳ
2174 2122 2205 2169 5

203 2203 530 2289 μέλλοντα
565 2204 1042 2291 καταστρέφειν
1079 2207 1199 2270 τὸν
1226 2208 1401 2288 βίον,
1441 2204 1613 2291 ἀρὰν
1639 2203 1892 2270 θέσθαι
1928 2226 2136 2291 παρα-

205 2312 620 2396 στησάμενον
665 2313 785 2376 τὸν
832 2313 1311 2396 διαδεχόμενον
1353 2313 1476 2395 τὴν
1522 2311 1755 2397 ἀρχήν,
1803 2311 1979 2388 ὅπως
2015 2335 2136 2395 μη-

205 2415 438 2482 δέποτε
503 2417 954 2483 διαλύσωνται
1026 2418 1149 2501 τὴν
1214 2419 1469 2502 ἔχθραν
1534 2418 1907 2483 Καδούσιοι
1969 2419 2136 2504 πρὸς

120 2545 177 2584 20
203 2525 519 2606 Μήδους·
575 2524 640 2588 εἰ
683 2520 756 2589 δὲ
803 2524 1170 2590 σύνθοιντο
1219 2524 1598 2609 ὁμολογίας,
1646 2523 1907 2603 ἐξώλεις
1951 2524 2135 2607 γενέ-

205 2633 369 2692 σθαι
405 2630 561 2706 τούς
595 2653 666 2694 τε
705 2629 832 2695 ἀπὸ
875 2640 998 2697 τοῦ
1034 2630 1275 2715 γένους
1314 2631 1522 2696 αὐτοῦ
1559 2629 1670 2696 καὶ
1707 2633 2134 2709 Καδουσίους

202 2735 513 2811 ἅπαντας.
608 2737 719 2800 διά
764 2736 846 2819 δὴ
902 2737 1145 2814 ταύτας
1189 2739 1308 2814 τὰς
1354 2739 1567 2814 αἰτίας
1613 2736 1716 2802 ἀεὶ
1759 2742 2130 2823 πολεμικῶς
2169 2761 2200 2808 6

202 2838 547 2925 ἐσχηκέναι
593 2843 1020 2920 Καδουσίους
1074 2846 1241 2928 πρὸς
1284 2846 1603 2928 Μήδους,
1649 2842 1759 2909 καὶ
1806 2844 2132 2928 μηδέποτε

200 2957 341 3024 τοῖς
387 2947 642 3013 τούτων
697 2952 1086 3032 βασιλεῦσιν
1131 2950 1469 3034 ὑπηκόους
1513 2949 1894 3036 γεγονέναι,
1941 2951 2131 3038 μέχρι

119 3047 285 3117 25-οὗ
333 3056 560 3138 Κῦρος
605 3054 700 3130 εἰς
747 3053 1013 3140 Πέρσας
1057 3054 1409 3140 μετέστησε
1456 3056 1580 3139 τὴν
1624 3056 2003 3142 ἡγεμονίαν.

387 3163 537 3224 Τῶν
585 3156 659 3225 δὲ
702 3161 966 3244 Μήδων
1015 3165 1406 3245 βασιλεῦσαι
1452 3164 1615 3247 μετὰ
1660 3164 1782 3247 τὴν
1823 3158 2128 3246 Ἀρταίου
2151 3161 2237 3223 34

199 3267 515 3349 τελευτὴν
564 3264 888 3352 Ἀρτύνην
952 3265 1074 3353 μὲν
1137 3271 1247 3353 ἔτη
1308 3270 1431 3334 δύο
1486 3271 1653 3355 πρὸς
1706 3279 1847 3344 τοῖς
1898 3271 2129 3346 εἴκοσι,

345 3463 378 3512 8
436 3454 696 3532 ἐκβολαῖς
733 3459 787 3513 II
939 3466 1001 3514 11
1056 3454 1207 3531 μάχῃ
1247 3477 1353 3516 om.
1394 3459 1448 3512 II
1593 3466 1659 3513 13
1715 3454 2041 3515 Καδουσίοις
2079 3453 2128 3505 D

204 3533 270 3582 14
307 3547 375 3615 vg
410 3546 518 3585 om.
556 3531 709 3600 vulg.
860 3537 926 3586 16
963 3528 1201 3602 γήραιον
1239 3530 1283 3584 F
1434 3536 1501 3584 17
1538 3521 2039 3615 παραιτησάμενον
2077 3522 2129 3576 Π

202 3604 269 3654 25
309 3599 406 3670 ου]
445 3596 580 3656 ἴτου
616 3600 671 3655 II
713 3602 1069 3673 ’περιέστησε
1112 3600 1171 3670 0,
1210 3600 1466 3667 διέστησε
1506 3600 1548 3653 F
1642 3604 1708 3652 27
1749 3611 2021 3661 αρτιηνην
2060 3592 2128 3646 D.

307 3698 565 3741 D1ononus
594 3700 636 3741 1.
1741 3686 1804 3735 ¹5

2567 743 2569 746 .
2553 549 2569 702 .-,.-⁴-„...A.
