2569 4061
4 3523 19 3954 l,

993 345 1069 400 IV
1109 351 1196 401 31.
1226 351 1311 400 32.
1983 344 2116 407 445

195 512 465 587 δικαίως
509 511 630 593 τὴν
668 507 909 574 ἑαυτοῦ
944 509 1144 592 τιμὴν
1181 507 1464 591 ἀποδοίη
1500 518 1641 584 τοῖς
1680 503 1932 593 Ἰφίτου
1969 528 2118 572 παι-

195 620 328 700 σίν,
384 616 913 700 ἀναγκαζόμενος
965 618 1329 680 πείθεσθαι
1376 613 1533 694 [ὑπὸ
1580 622 1693 697 τῆς
1736 616 1972 695 νόσου]
2022 622 2113 701 τῷ

193 732 464 813 χρησμῷ
511 724 673 807 μετά
715 733 922 788 τινων
968 724 1188 808 φίλων
1224 723 1544 786 ἔπλευσεν
1580 722 1676 796 εἰς
1710 721 1834 803 τὴν
1870 714 2114 785 Ἀσίαν.

196 830 336 894 ἐκεῖ
388 827 448 895 δ’
500 830 862 914 ὑπομείνας
917 827 1236 905 ἑκουσίως
1289 828 1421 892 ὑπό
1475 851 1657 904 τινος
1711 837 1845 891 τῶν
1900 828 2120 909 φίλων

116 952 144 992 5
200 935 483 1020 ἐπράθη,
529 934 642 1001 καὶ
677 933 1025 1021 παρθένου
1064 936 1308 1009 δοῦλος
1344 930 1604 1016 ἐγένετο
1636 931 1969 1018 Ὀμφάλης
2004 940 2120 1014 τῆς

187 1039 575 1127 Ἰαρδάνου,
637 1042 1122 1125 βασιλευούσης
1179 1050 1316 1104 τῶν
1373 1043 1519 1105 τότε
1578 1041 1930 1122 Μαιόνων,
1992 1046 2120 1102 νῦν

198 1144 271 1212 δὲ
340 1149 591 1212 Λυδῶν
655 1144 1180 1230 ὀνομαζομένων.
1270 1144 1383 1210 καὶ
1444 1148 1569 1230 τὴν
1633 1144 1756 1231 μὲν
1816 1146 2017 1229 τιμὴν
2083 1143 2119 1209 ὁ
2159 1166 2191 1213 6

198 1255 612 1338 ἀποδόμενος
657 1255 773 1318 τὸν
810 1250 1140 1337 Ἡρακλέα
1185 1265 1325 1330 τοῖς
1372 1250 1624 1338 Ἰφίτου
1678 1252 1910 1318 παισὶν
1966 1249 2120 1317 ἀπέ-

200 1364 368 1427 δωκε
425 1361 590 1425 κατὰ
645 1361 765 1424 τὸν
820 1362 1140 1446 χρησμόν,
1199 1360 1234 1423 ὁ
1294 1356 1355 1425 δ’
1398 1357 1728 1445 Ἡρακλῆς
1773 1358 2120 1443 ὑγιασθεὶς
2216 1418 2223 1425 .

116 1485 171 1524 10
198 1467 336 1533 καῖ
371 1467 715 1532 δουλεύων
772 1475 851 1552 τῇ
905 1464 1204 1552 Ὀμφάλῃ
1265 1469 1426 1543 τοὺς
1488 1469 1653 1532 κατὰ
1715 1468 1837 1550 τὴν
1896 1469 2120 1553 χώραν

199 1574 642 1658 λῃστεύοντας
686 1572 974 1637 ἐκόλασε.
1048 1575 1206 1648 τοὺς
1251 1567 1374 1656 μὲν
1419 1573 1546 1658 γὰρ
1593 1572 2121 1656 ὀνομαζομένους
2159 1594 2190 1642 ’1

200 1677 595 1762 Κέρκωπας,
651 1679 1092 1763 λῃστεύοντας
1146 1678 1258 1744 καὶ
1314 1679 1527 1743 πολλὰ
1571 1678 1741 1743 κακὰ
1787 1678 2122 1763 διεργαζο-

199 1785 466 1871 μένους,
514 1784 633 1861 οὓς
678 1780 799 1868 μὲν
845 1782 1248 1867 ἀπέκτεινεν,
1297 1784 1416 1860 οὓς
1454 1781 1527 1849 δὲ
1567 1786 1902 1867 ζωγρήσας
1941 1784 2124 1849 δεδε-

200 1891 444 1976 μένους
526 1889 868 1978 παρέδωκε
940 1899 1019 1976 τῇ
1097 1885 1419 1976 Ὀμφάλῃ·
1521 1889 1747 1956 Συλέα
1822 1886 1896 1955 δὲ
1967 1894 2124 1966 τοὺς

121 2011 173 2054 15
202 2000 563 2083 παριόντας
593 1995 823 2075 ξένους
850 1998 1355 2083 συναρπάζοντα
1392 1994 1501 2062 καὶ
1537 1999 1695 2074 τοὺς
1736 1996 2124 2081 ἀμπελῶνας

205 2104 515 2170 σκάπτειν
562 2104 1014 2187 ἀναγκάζοντα
1045 2112 1136 2191 τῷ
1175 2106 1472 2190 σκαφείῳ
1510 2102 1797 2181 πατάξας
1833 2101 2125 2168 ἀπέκτει-

205 2228 347 2274 νεν·
389 2207 670 2275 Ἰτώνων
708 2207 782 2275 δὲ
820 2212 1321 2294 λεηλατούντων
1357 2210 1615 2293 πολλὴν
1649 2218 1765 2292 τῆς
1808 2210 1940 2274 ὑπὸ
1983 2204 2125 2294 Ὀμ-

207 2315 387 2400 φάλῃ
433 2317 673 2401 χώρας,
715 2319 841 2401 τήν
887 2339 955 2382 τε
1003 2321 1190 2382 λείαν
1236 2317 1544 2401 ἀφείλετο
1591 2314 1700 2382 καὶ
1747 2318 1870 2400 τὴν
1905 2319 2122 2399 πόλιν,

206 2419 272 2497 ἐξ
327 2415 407 2503 ἧς
463 2421 813 2488 ἐποιοῦντο
870 2426 993 2508 τὴν
1049 2424 1287 2508 ὁρμήν,
1343 2422 1765 2509 ἐκπορθήσας
1812 2422 2127 2508 ἐξηνδρα-

130 2544 183 2584 20
210 2528 534 2592 ποδίσατο
580 2527 693 2592 καὶ
737 2528 1162 2606 κατέσκαψεν.
1254 2528 1296 2612 ἡ
1356 2527 1417 2593 δ’
1462 2527 1761 2613 Ὀμφάλη
1811 2530 2127 2614 ἀποδεχο-
2165 2553 2196 2601 8

205 2632 369 2717 μένη
416 2635 540 2717 τὴν
587 2634 902 2720 ἀνδρείαν
954 2636 1079 2719 τὴν
1115 2632 1550 2719 (Ηρακλέους,
1611 2634 1721 2701 καὶ
1774 2635 2124 2720 πυθομένη

204 2744 302 2818 τίς
341 2741 479 2806 ἐστι
515 2739 627 2806 καὶ
663 2743 889 2825 τίνων,
928 2741 1266 2825 ἐθαύμασε
1304 2743 1427 2825 τὴν
1464 2742 1726 2828 ἀρετήν,
1765 2742 2127 2828 ἐλεύθερον

208 2842 269 2911 δ’
322 2848 565 2933 ἀφεῖσα
619 2846 730 2913 καὶ
787 2850 1239 2932 συνοικήσασα
1286 2848 1464 2936 αὐτῷ
1511 2851 1750 2934 Λάμον
1797 2849 2124 2933 ἐγέννησε.

205 2962 585 3037 προϋπῆρχε
644 2950 717 3018 δὲ
776 2963 867 3041 τῷ
914 2950 1233 3039 ἹΙρακλεῖ
1279 2956 1444 3020 κατὰ
1498 2957 1616 3020 τὸν
1661 2964 1776 3038 τῆς
1823 2957 2128 3029 δουλείας

106 3073 181 3156 ,25
200 3060 445 3143 καιρὸν
492 3058 565 3123 ἐκ
611 3060 855 3143 δούλης
901 3061 1047 3136 υίὸς
1093 3061 1476 3136 Κλεόδαιος.

389 3165 581 3229 Μετὰ
637 3162 710 3229 δὲ
764 3173 969 3230 ταῦτα
1028 3165 1419 3231 ἐπανελθὼν
1463 3169 1557 3243 εἰς
1606 3168 2127 3247 Πελοπόννησον
2148 3167 2233 3228 32

386 3397 418 3444 2
469 3388 951 3480 ἀναγκαζόμενος]
1002 3387 1107 3447 οὖν
1154 3393 1281 3448 add.
1332 3393 1483 3461 vulg.
1637 3388 1752 3446 ὑπὸ
1804 3393 1903 3460 τῆς
1952 3386 2124 3445 νόσον

207 3462 314 3517 del.
355 3462 522 3517 Dind.
679 3469 713 3516 4
750 3465 1065 3532 υπομείνας
1103 3460 1373 3526 ἑκουσίως
1410 3479 1516 3517 om.
1557 3463 1605 3516 D
1761 3470 1793 3517 5
1832 3461 2125 3532 παρθένου

206 3551 314 3588 om.
351 3532 405 3588 II
588 3540 620 3588 6
672 3533 925 3605 Μῃόνων
980 3534 1020 3588 C
1202 3540 1269 3589 21
1317 3531 1421 3602 τὴν
1466 3529 1609 3604 ‘H9.]
1659 3534 1760 3588 τοῦ
1806 3529 1922 3602 “Ηρ.
1973 3531 2127 3601 vulg.

205 3609 272 3659 25
312 3602 588 3666 κλεόδαος
622 3603 689 3674 D,
727 3603 994 3667 κλεόλαος
1030 3605 1084 3658 II
1121 3607 1200 3674 (et
1235 3605 1368 3660 Eas,
1404 3622 1487 3674 pr.
1526 3622 1609 3659 ev.
1647 3604 1701 3656 ΙΙ
1738 3612 1787 3673 2,
1827 3608 1934 3674 25).
