2569 4061
361 258 493 323 232
1026 255 1334 312 DIODORI
1372 256 1608 312 SICULI

362 423 744 506 κατάφυτον
803 423 1076 496 πολλοῖς
1129 421 1503 505 κηπεύμασι
1557 419 1669 485 καὶ
1722 430 2000 503 καρποῖς
2044 440 2290 484 παντο-

364 531 600 602 δαποῖς
658 525 781 609 τὴν
842 526 1085 611 χώραν.
1177 535 1301 592 τοῦ
1367 522 1442 590 δὲ
1504 527 1669 591 κατά
1731 528 1891 602 τοὺς
1952 528 2292 610 ποταμοὺς

359 636 666 718 πλήθους
732 632 844 699 καὶ
906 643 1023 717 τῆς
1088 644 1223 698 τῶν
1284 632 1556 698 ὑδάτων
1625 632 1998 718 ὑπερβολῆς
2070 633 2291 697 αἰτίαν

361 737 689 825 φέρουσιν
735 741 808 805 oc
836 736 993 825 παρ’
1030 738 1257 814 αὐτοῖς
1293 740 1661 824 φιλόσοφοι
1697 735 1809 803 καὶ
1846 737 2121 823 φυσικοὶ
2158 761 2291 803 τοι-

290 866 323 915 6
362 844 600 929 αύτην·
654 854 771 929 τῆς
809 841 1092 927 Ἰνδικῆς
1145 860 1314 928 φασι
1368 843 1486 919 τὰς
1543 842 1998 929 περικειμένας
2050 844 2290 929 χώρας,
2319 860 2349 901 ⁵

358 953 482 1034 τήν
540 973 609 1015 τε
664 955 963 1015 Σκυθῶν
1008 947 1120 1014 καὶ
1174 952 1642 1034 Βακτριανῶν,
1703 951 1799 1014 ἔτι
1855 944 1928 1014 δὲ
1985 947 2098 1014 καὶ
2154 959 2291 1014 τῶν

353 1054 701 1142 Ἀριανῶν,
735 1054 1149 1140 ὑψηλοτέρας
1199 1051 1373 1120 εἶναι
1417 1065 1533 1139 τῆς
1563 1052 1864 1139 Ἰνδικῆς,
1911 1053 2066 1120 ὥστ’
2102 1055 2293 1120 εὐλό-
2565 1109 2568 1178 Ῑ

360 1188 494 1246 γως
549 1164 644 1239 είς
696 1163 819 1245 τὴν
872 1161 1319 1247 ὑποκειμένην
1376 1163 1602 1248 χώραν
1654 1164 2080 1246 πανταχόθεν
2134 1178 2290 1247 συρ-
2565 1181 2568 1232 4

360 1268 641 1354 ρεούσας
676 1268 793 1343 τὰς
830 1267 1107 1349 λιβάδας
1143 1266 1217 1332 ἐκ
1249 1277 1373 1333 τοῦ
1408 1265 1550 1333 κατ’
1587 1267 1818 1350 ὀλίγον
1853 1278 2072 1333 ποιεῖν
2107 1271 2266 1345 τοὺς
2291 1289 2393 1338 151
2567 1247 2568 1310 ἶ

357 1376 604 1450 τόπους
667 1374 1055 1459 καθύγρους
1125 1371 1234 1439 καὶ
1299 1384 1548 1457 γεννᾶν
1619 1384 1936 1459 ποταμῶν
2008 1379 2289 1458 πλῆθος.
2321 1392 2375 1432 1⁰

293 1504 321 1551 7
364 1481 543 1545 ἴδιον
590 1478 671 1544 δέ
710 1504 774 1544 τι
820 1482 1172 1565 συμβαίνει
1217 1484 1378 1566 περί
1424 1504 1574 1546 τινα
1619 1491 1754 1546 τῶν
1798 1481 1963 1545 κατά
2006 1481 2131 1563 τὴν
2171 1478 2292 1546 Ἰν-

361 1587 559 1671 δικὴν
611 1596 928 1672 ποταμῶν
983 1589 1103 1653 τὸν
1159 1588 1653 1673 ὀνομαζόμενον
1706 1591 1996 1670 Σίλλαν,
2053 1584 2292 1674 ῥέοντα

360 1687 423 1758 δ’
484 1695 556 1759 ἔκ
627 1718 811 1772 τινος
883 1694 1243 1779 ὁμωνύμου
1316 1696 1590 1779 κρήνης·
1665 1690 1770 1758 ἐπὶ
1845 1695 1973 1779 γάρ
2046 1695 2292 1759 τούτου

359 1802 573 1885 μόνου
617 1811 753 1866 τῶν
800 1799 1114 1865 ἁπάντων
1170 1809 1489 1883 ποταμῶν
1535 1795 1738 1864 οὐδὲν
1788 1809 1924 1864 τῶν
1970 1797 2292 1884 ἐμβαλλο-

360 1905 584 1992 μένων
641 1909 734 1983 εἰς
781 1906 987 1971 αὐτὸν
1044 1904 1330 1991 ἐπιπλεῖ,
1374 1906 1592 1974 πάντα
1638 1903 1698 1969 δ’
1755 1906 1849 1982 εἰς
1902 1906 2021 1970 τὸν
2066 1907 2292 1988 βυθὸν
2323 1922 2374 1963 15

359 2014 756 2087 καταδύεται
800 2012 1207 2099 παραδόξως.

252 2122 337 2188 38
549 2121 688 2205 Τὴν
717 2114 777 2185 δ’
812 2119 977 2204 ὅλην
1009 2113 1295 2203 Ἰνδικὴν
1324 2114 1536 2185 οὖσαν
1572 2117 1995 2204 ὑπερμεγέθη
2034 2117 2292 2202 λέγεται

357 2238 692 2293 κατοικεῖν
748 2229 917 2311 ἔθνη
974 2229 1188 2293 πολλὰ
1239 2226 1352 2292 καὶ
1396 2227 1818 2308 παντοδαπά,
1872 2224 1984 2291 καὶ
2027 2226 2288 2291 τούτων

361 2331 573 2419 μηδὲν
636 2336 812 2418 ἔχειν
869 2335 994 2417 τὴν
1058 2332 1125 2411 ἐξ
1182 2333 1386 2419 ἀρχῆς
1447 2333 1714 2416 γένεσιν
1780 2335 2062 2417 ἔπηλυν,
2123 2332 2291 2398 ἀλλά

359 2442 577 2505 πάντα
624 2441 848 2505 δοκεῖν
893 2439 1216 2525 ὑπάρχειν
1253 2439 1660 2523 αὐτόχθονα,
1708 2441 1875 2526 πρὸς
1913 2435 1985 2504 δὲ
2030 2440 2294 2516 τούτοις
2324 2459 2380 2499 20

360 2547 518 2627 μήτε
575 2543 840 2626 ξενικὴν
904 2543 1216 2608 ἀποικίαν
1268 2543 1763 2629 προσδέχεσθαι
1815 2548 2077 2612 πώποτε
2136 2533 2288 2631 μήτ’

287 2674 319 2721 2
363 2652 458 2725 εἰς
504 2647 894 2725 ἀλλοεθνεῖς
940 2648 1433 2716 ἀπεσταλκέναι.
1506 2657 1972 2735 μυθολογοῦσι
2018 2649 2093 2718 δὲ
2136 2655 2295 2729 τοὺς

363 2755 840 2840 ἀρχαιοτάτους
866 2755 1273 2838 ἀνθρώπους
1300 2768 1582 2844 τροφαῖς
1611 2754 1732 2842 μὲν
1759 2764 2127 2844 κεχρῆσθαι
2154 2769 2294 2835 τοῖς

360 2861 747 2946 αὐτομάτως
802 2861 1167 2947 φυομένοις
1224 2862 1297 2929 ἐκ
1350 2872 1466 2948 τῆς
1520 2874 1639 2948 γῆς
1691 2876 2002 2950 καρποῖς,
2050 2864 2291 2947 ἐσθῆσι

360 2966 435 3035 δὲ
488 2978 631 3046 ταῖς
692 2970 922 3055 δοραῖς
973 2980 1108 3036 τῶν
1165 2970 1504 3056 ἐγχωρίων
1559 2969 1774 3059 ζῴων,
1821 2971 2125 3056 καθάπερ
2179 2970 2293 3036 καὶ
2321 2990 2376 3031 25

359 3074 514 3163 παρ’
564 3074 897 3160 Ἕλλησιν.
1001 3076 1245 3162 ὁμοίως
1320 3073 1394 3141 δὲ
1465 3075 1576 3142 καὶ
1646 3086 1783 3141 τῶν
1856 3087 2106 3160 τεχνῶν
2177 3078 2293 3154 τάς

356 3183 647 3271 εὑρέσεις
702 3182 813 3248 καὶ
866 3194 1002 3249 τῶν
1058 3185 1279 3250 ἄλλων
1333 3193 1469 3248 τῶν
1526 3184 1692 3269 πρὸς
1727 3185 1891 3266 -βίον
1946 3187 2290 3269 χρησίμων

372 3441 387 3460 ,
504 3381 531 3428 1
573 3372 928 3461 κατάρρυτον
967 3376 1207 3442 codicem
1247 3393 1387 3459 corr..
1429 3375 1596 3430 Dind.
1679 3381 1740 3464 ‚7
1779 3371 2021 3441 άριαίων
2057 3375 2107 3429 D
2221 3382 2286 3431 12

358 3445 1418 3586 ffissssffoefgssffifflssffiffiaggfflefflem
1552 3451 1621 3500 22
1661 3449 1995 3509 ἀλλοεθνεῖς
2029 3445 2286 3515 Dmdorf‚
