2569 4061
1031 306 1111 360 111
1147 312 1233 362 45.
1264 314 1351 362 46.
2021 312 2151 378 337

235 479 457 537 πᾶσαν
503 468 716 555 ἐπέχει
761 472 1011 554 φυσικὴ
1060 472 1172 536 διὰ
1220 472 1296 535 τὸ
1341 472 1557 537 πάντα
1601 475 1841 556 σχεδὸν
1886 476 1967 540 τὰ
2015 485 2160 553 ταῖς

236 579 473 662 ὀσμαῖς
522 576 948 661 πρωτεύοντα
1013 577 1310 661 φύεσθαι
1365 579 1530 642 κατὰ
1578 580 1700 662 τὴν
1752 583 1977 668 χώραν
2043 582 2157 647 ἀν-

237 683 557 749 έκλειπτα.
647 685 810 749 κατὰ
864 680 986 767 μὲν
1050 686 1177 769 γὰρ
1222 685 1348 769 τὴν
1403 684 1731 769 παράλιον
1785 689 2023 770 φύεται
2082 690 2158 754 τὸ
2197 710 2229 760 2

128 818 237 868 214
255 791 668 875 καλούμενον
714 791 1059 874 βάλσαμον
1110 788 1219 855 καὶ
1274 793 1470 855 κασία
1514 788 1628 856 καὶ
1673 793 1805 856 πόα
1848 815 1948 869 τις
1992 796 2158 880 ἄλλη

183 921 209 962 5
240 897 624 975 ἰδιάζουσαν
681 897 893 981 φύσιν
940 899 1208 981 ἔχουσα·
1265 897 1431 980 αὕτη
1482 893 1556 961 δὲ
1611 899 1996 982 πρόσφατος
2039 897 2162 984 μὲν

240 998 410 1069 οὐσα
452 1013 594 1080 τοῖς
639 1005 887 1088 ὄμμασι
923 1004 1467 1089 προσηνεστάτην
1510 1001 1858 1089 παρέχεται
1904 1002 2158 1090 τέρψιν,

234 1109 748 1196 ἐγχρονισθεῖσα
794 1106 869 1174 δὲ
916 1111 1260 1193 συντόμως
1306 1112 1559 1192 γίνεται
1604 1109 1914 1194 ἐξίτηλος.
1995 1113 2160 1177 κατὰ
2196 1135 2228 1183 3

235 1212 309 1281 δὲ
337 1218 460 1300 τὴν
490 1219 841 1301 μεσόγειον
869 1215 1243 1300 ὑπάρχουσι
1273 1214 1515 1302 δρυμοὶ
1545 1228 1965 1302 συνηρεφεῖς,
1995 1216 2151 1284 καθ’

233 1322 355 1400 οὕς
418 1322 558 1388 ἐστι
625 1320 873 1404 δένδρα
933 1322 1182 1406 μεγάλα
1246 1325 1618 1406 λιβανωτώ
1672 1323 1784 1389 καὶ
1838 1326 2157 1412 σμύρνης,

158 1454 213 1493 10
239 1431 406 1514 πρὸς
454 1425 529 1493 δὲ
574 1428 836 1504 τούτοις
872 1430 1179 1511 φοίνικος
1221 1425 1332 1493 καὶ
1368 1430 1670 1513 καλάμου
1714 1429 1826 1495 καὶ
1870 1432 2158 1517 κιναμώ-

235 1559 368 1618 μου
422 1531 536 1599 καὶ
589 1544 726 1598 τῶν
789 1535 1010 1599 ἄλλων
1063 1543 1197 1598 τῶν
1251 1535 1515 1611 τούτοις
1578 1535 1816 1619 ὁμοίαν
1870 1536 2159 1620 ἐχόντων

234 1641 358 1723 τὴν
395 1638 710 1704 εὐωδίαν·
751 1636 1064 1725 οὐδὲγὰρ
1104 1639 1684 1727 ἐξαριθμήσασθαι
1723 1644 2014 1709 δυνατὸν
2043 1646 2159 1721 τὰς

236 1744 529 1812 ἑκάστων
568 1746 900 1830 ἰδιότητάς
936 1769 1007 1811 τε
1050 1744 1163 1812 καὶ
1199 1748 1438 1831 φύσεις
1484 1749 1597 1812 διὰ
1631 1749 1707 1813 τὸ
1752 1753 2014 1831 πλῆθος
2048 1748 2161 1815 καὶ

232 1853 357 1936 τὴν
402 1851 782 1938 ὑπερβολὴν
825 1861 941 1936 τῆς
988 1852 1061 1919 έκ
1095 1854 1365 1919 πάντων
1412 1852 1898 1941 ἀθροιζομένης
1932 1856 2157 1939 ὀσμῆς.

160 1984 211 2024 15
238 1961 396 2025 θεία
440 1960 569 2045 γάρ
615 1982 715 2038 τις
759 1962 1069 2045 φαίνεται
1113 1959 1225 2026 καὶ
1271 1963 1479 2044 λόγου
1523 1963 1840 2048 κρείττων
1875 1961 1917 2045 ἡ
1952 1978 2157 2049 προσ·
2194 1984 2229 2034 4

234 2069 566 2133 πίπτουσα
630 2065 738 2133 καὶ
793 2076 1074 2133 κινοῦσα
1128 2070 1244 2145 τὰς
1301 2067 1593 2134 ἑκάστων
1648 2071 1997 2153 αἰσθήσεις
2051 2069 2158 2134 εὐ-

236 2174 421 2238 ωδία.
493 2172 607 2239 καὶ
641 2176 768 2259 γὰρ
806 2178 964 2251 τοὺς
998 2173 1520 2261 παραπλέοντας,
1565 2180 1799 2260 καίπερ
1834 2177 2008 2241 πολὺ
2044 2183 2160 2259 τῆς

234 2277 478 2365 χέρσου
523 2280 1073 2368 κεχωρισμένους,
1115 2281 1244 2347 οὐκ
1281 2282 1604 2368 ἀμοίρους
1647 2292 1830 2347 ποιεῖ
1867 2290 1982 2365 τῆς
2026 2304 2156 2347 τοι-

236 2388 439 2470 αύτης
496 2387 947 2464 ἀπολαύσεως·
1013 2389 1180 2453 κατὰ
1235 2390 1365 2473 γὰρ
1430 2388 1553 2471 τὴν
1605 2387 1891 2472 θερινὴν
1954 2388 2157 2474 ὥραν,

156 2517 211 2557 20
239 2493 402 2557 ὅταν
457 2495 696 2578 ἄνεμος
751 2494 1062 2577 ἀπόγειος
1116 2492 1417 2579 γένηται,
1465 2496 1817 2579 συμβαίνει
1869 2495 1986 2570 τὰς
2030 2494 2159 2559 ἀπὸ

239 2608 377 2663 τῶν
414 2603 908 2686 σμυρνοφόρων
938 2599 1241 2685 δένδρων
1276 2599 1390 2667 καὶ
1424 2611 1559 2666 τῶν
1597 2602 1818 2666 ἄλλων
1853 2611 1988 2666 τῶν
2024 2623 2158 2667 τοι-

238 2706 457 2771 ούτων
513 2705 1012 2792 ἀποπνεομένας
1066 2708 1350 2784 εὐωδίας
1404 2709 1810 2773 διικνεῖσθαι
1863 2709 2029 2795 πρὸς
2079 2710 2160 2773 τὰ

238 2815 527 2897 πλησίον
586 2811 751 2899 μέρη
807 2822 923 2899 τῆς
975 2815 1336 2899 θαλάττης·
1405 2814 1487 2879 οὐ
1539 2816 1665 2901 γὰρ
1721 2815 1940 2899 ὥσπερ
1995 2812 2149 2896 παρ’

232 2920 394 3004 ἡμῖν
442 2918 884 3005 ἀποκειμένην
937 2919 1049 2986 καὶ
1103 2923 1392 2987 παλαιὰν
1448 2923 1581 3004 ἔχει
1633 2923 1757 3005 τὴν
1808 2931 1943 2987 τῶν
1991 2921 2159 3006 ἀρω-

154 3048 208 3090 25
236 3026 464 3110 μάτων
502 3026 732 3109 φύσιν,
773 3025 940 3091 ἀλλὰ
966 3027 1090 3110 τὴν
1127 3026 1549 3112 ἀκμάζουσαν
1577 3026 1651 3092 έν
1689 3027 1883 3092 ἄνθει
1911 3027 2159 3111 νεαρὰν

238 3132 530 3217 δύναμιν
575 3130 685 3197 καὶ
732 3132 1207 3218 διικνουμένην
1261 3135 1429 3220 πρὸς
1472 3135 1552 3200 τὰ
1601 3128 2160 3216 λεπτομερέστατα

232 3249 349 3323 τῆς
376 3241 767 3324 αἰσθήσεως.
832 3242 1226 3325 κομιζούσης
1256 3242 1385 3325 γὰρ
1412 3248 1528 3323 τῆς
1564 3240 1772 3324 αὔρας
1798 3238 1920 3320 τὴν
1957 3235 2158 3321 ἀπόρ-
2196 3253 2228 3302 5

236 3369 432 3432 ροιαν
475 3357 612 3412 τῶν
658 3346 1158 3432 εὐωδεστάτων,
1204 3348 1600 3432 προσπίπτει
1646 3355 1786 3420 τοῖς
1834 3341 2160 3427 προσπλέ-

380 3508 412 3556 6
450 3484 690 3629 παρέὸει
729 3504 792 3559 F
897 3510 962 3559 11
1000 3505 1115 3559 τῶν
1152 3500 1337 3560 ἄλλων
1376 3519 1485 3558 om.
1523 3502 1617 3575 DF
1730 3505 1795 3555 19
1826 3494 2069 3582 ’ἐαρινὴν
2106 3499 2157 3553 II

236 3579 305 3629 25
347 3570 433 3645 ἐν]
474 3569 543 3629 ἐπ
786 3580 855 3631 28
892 3574 1124 3632 πλέουσι
1159 3577 1241 3644 ΙΙ;
1280 3570 1670 3640 παραπλέουσι
1707 3571 1915 3626 mallm.

341 3670 594 3716 D1ononus
622 3674 661 3715 Ι.
1766 3664 1833 3711 22
