2569 4061
1082 303 1160 357 111
1197 308 1284 358 46.
1315 309 1400 359 47.
2072 306 2202 373 339

282 466 581 543 εὐωδίας.
672 467 747 531 τὸ
812 467 939 551 γὰρ
1003 467 1210 543 καλὸν
1273 467 1588 549 ποσότητι
1652 464 1772 551 μὲν
1843 465 1956 533 καὶ
2028 467 2207 546 τάξει

281 574 733 658 μετρούμενον
792 573 1041 656 ὠφελεῖ
1097 569 1210 637 καὶ
1271 568 1498 657 τέρπει
1561 575 1718 649 τοὺς
1776 574 2204 661 ἀνθρώπους,

282 680 639 763 ἀναλογίας
673 676 785 744 οδὲ
855 676 970 744 καὶ
1039 680 1458 762 καθήκοντος
1528 689 1769 763 καιροῦ
1841 683 2206 767 διαμαρτὸν

282 787 608 871 ἀνόνητον
655 788 788 871 ἔχει
831 787 955 869 τὴν
1003 785 1279 870 δωρεάν.
1373 793 1495 850 τοῦ
1545 780 1606 850 δ’
1659 788 1905 863 ἔθνους
1960 791 2204 855 τούτου
2241 812 2276 860 4

198 914 225 954 5
280 895 681 979 μητρόπολίς
718 892 898 958 ἐστιν
934 891 1021 975 ἣν
1058 895 1338 956 καλοῦσι
1376 892 1630 974 Σαβάς,
1679 889 1779 957 ἐπ’
1816 894 2017 977 ὅρους
2055 891 2206 979 ᾤκι-

277 998 502 1083 σμένη.
594 996 907 1083 βασιλέας
962 994 1021 1061 δ’
1077 996 1150 1062 ἐκ
1204 994 1447 1079 γένους
1501 999 1632 1082 ἔχει
1691 1001 1848 1075 τοὺς
1905 997 2205 1082 διαδεχο-

278 1104 551 1190 μένους,
611 1096 712 1182 οἷς
765 1105 846 1170 τὰ
900 1106 1128 1187 πλήθη
1182 1105 1375 1187 τιμὰς
1431 1103 1745 1189 ἀπονέμει
1804 1104 2207 1190 μεμιγμένας

278 1202 563 1295 ἀγαθοῖς
606 1209 719 1277 καὶ
762 1220 1005 1286 κακοῖς.
1096 1210 1427 1296 μακάριον
1474 1207 1598 1296 μὲν
1651 1213 1778 1297 γὰρ
1824 1215 1980 1294 βίον
2029 1214 2206 1296 ἔχειν

279 1319 620 1401 δοκοῦσιν,
658 1318 760 1382 ὅτι
796 1325 1000 1381 πᾶσιν
1045 1314 1495 1394 ἐπιτάττοντες
1541 1317 1787 1384 οὐδένα
1833 1322 2037 1401 λόγον
2082 1318 2206 1383 ὑπ-

197 1446 251 1486 10
278 1424 508 1509 έχουσι
535 1435 671 1489 τῶν
698 1419 1196 1507 πραττομένων·
1234 1422 1498 1507 ἀτυχεῖς
1529 1422 1602 1490 δὲ
1629 1429 2012 1510 νομίζονται
2041 1423 2197 1492 καθ’

280 1531 445 1595 ὅσον
492 1527 616 1594 οὐκ
661 1528 911 1607 ἔξεστιν
959 1527 1183 1605 αὐτοῖς
1237 1528 1562 1595 οὐδέποτε
1610 1529 1906 1608 ἐξελθεῖν
1954 1531 2026 1597 ἐκ
2070 1542 2205 1597 τῶν

278 1638 658 1719 βασιλείων,
705 1635 769 1699 εἰ
811 1630 884 1698 δὲ
930 1635 1041 1718 μή,
1086 1637 1393 1717 γίνονται
1438 1637 1864 1702 λιθόλευστοι
1899 1638 2032 1702 ὑπὸ
2068 1649 2205 1703 τῶν

279 1743 496 1827 ὄχλων
560 1741 724 1806 κατᾶ
784 1764 936 1812 τινα
998 1742 1300 1825 χρησμὸν
1354 1741 1653 1827 ἀρχαῖον.
1741 1750 1940 1807 τοῦτο
1999 1739 2073 1808 δὲ
2127 1746 2202 1809 τὸ
2242 1765 2275 1815 5

278 1849 480 1924 ἔθνος
536 1847 618 1913 οὐ
672 1849 884 1931 μόνον
938 1858 1072 1913 τῶν
1126 1848 1611 1932 πλησιοχώρων
1651 1843 1980 1932 Ἀράβων,
2041 1848 2206 1915 ἀλλά

196 1973 251 2015 15
278 1953 386 2021 καὶ
415 1964 550 2020 τῶν
589 1954 808 2020 ἄλλων
847 1953 1230 2041 ἀνθρώπων
1270 1952 1584 2041 διαφέρει,
1610 1956 1874 2044 πλούτῳ
1912 1953 2024 2020 καὶ
2061 1966 2206 2035 ταῖς

278 2064 507 2140 ἄλλαις
533 2072 659 2139 ταῖς
685 2064 852 2128 κατὰ
888 2061 1087 2147 μέρος
1112 2065 1585 2139 πολυτελείαις.
1634 2061 1706 2128 ἐν
1733 2063 1860 2147 γὰρ
1899 2074 2043 2140 ταῖς
2069 2074 2205 2129 τῶν

278 2171 576 2254 φορτίων
632 2166 1111 2251 ἀλλαγαῖς’.καὶ
1172 2169 1503 2253 πράσεσιν
1559 2170 1781 2251 ὄγκοις
1837 2167 2205 2254 ἐλαχίστοις

275 2278 591 2360 πλείστην
656 2274 1107 2362 ἀποφέρονται
1174 2276 1373 2358 τιμὴν
1437 2273 1747 2340 ἁπάντων
1821 2274 2205 2362 ἀνθρώπων

275 2392 410 2447 τῶν
457 2384 818 2468 ἀργυρικῆς
854 2383 1180 2467 ἀμείψεως
1225 2381 1418 2446 ἕνεκα
1457 2383 1573 2458 τὰς
1619 2381 1936 2466 ἐμπορίας
1972 2404 2204 2448 ποιου-

198 2506 251 2545 20
278 2488 514 2573 μένων.
608 2492 839 2575 διόπερ
887 2489 952 2568 ἐξ
1000 2490 1242 2565 αἰῶνος
1298 2487 1706 2573 ἀπορθήτων
1753 2487 1974 2554 αὐτῶν
2020 2512 2202 2572 γεγε·
2241 2512 2273 2560 6

277 2593 586 2680 νημένων
651 2596 762 2660 διὰ
819 2597 937 2661 τὸν
999 2595 1425 2679 ἐκτοπισμόν,
1488 2592 1598 2659 καὶ
1651 2603 1906 2679 χρυσοῦ
1966 2618 2036 2661 τε
2092 2594 2205 2662 καὶ

275 2700 577 2787 ἀργύρου
634 2704 939 2785 πλήθους
1001 2699 1503 2776 ἐπικεκλυκότος
1557 2694 1714 2785 παρ’
1766 2701 2026 2785 αὐτοῖς,
2091 2700 2203 2769 καὶ

274 2805 534 2892 μάλιστ’
571 2807 645 2873 ἐν
681 2811 959 2891 Σαβαῖς,
1008 2807 1081 2872 ἐν
1126 2798 1169 2892 ᾗ
1214 2808 1296 2872 τὰ
1342 2810 1649 2890 βασίλεια
1693 2818 1923 2891 κεῖται,
1971 2810 2202 2895 τορεύ-

273 2937 445 2998 ματα
493 2910 615 2998 μὲν
661 2914 918 2999 ἀργυρᾶ
963 2937 1033 2979 τε
1078 2912 1189 2980 καὶ
1234 2923 1451 2998 χρυσᾶ
1500 2913 1944 2979 παντοδαπῶν
1994 2913 2202 2980 ἐκπω-

193 3036 245 3078 2⁵
273 3022 500 3106 μάτων
538 3022 786 3104 ἔχουσι,
823 3022 1055 3096 κλίνας
1092 3015 1166 3083 δὲ
1201 3017 1313 3084 καὶ
1348 3020 1668 3104 τρίποδας
1705 3018 2200 3105 ἀργυρόποδας,

270 3124 384 3192 καὶ
429 3126 554 3209 τὴν
599 3128 809 3209 ἄλλην
854 3126 1267 3209 κατασκευὴν
1323 3126 1605 3191 ἄπιστον
1650 3132 1729 3210 τῇ
1785 3126 2197 3210 πολυτελείᾳ,

272 3236 522 3300 κιόνων
558 3256 628 3299 τε
667 3231 893 3320 ἁδρῶν
928 3237 1311 3317 περίστυλα,
1349 3233 1431 3296 τὰ
1467 3227 1589 3315 μὲν
1625 3230 1966 3315 ἐπίχρυσα,
2010 3229 2092 3292 τά
2131 3222 2193 3293 δ’

419 3431 448 3479 1
499 3422 761 3496 μεσότητι
806 3426 1012 3497 Agath.
1058 3431 1124 3480 99
1272 3429 1305 3477 5
1352 3419 1551 3496 Σάβας
1588 3421 1676 3476 CF
1823 3426 1891 3474 14
1931 3414 2198 3491 Ἀράβων]

274 3493 579 3620 βαρῇάρων
606 3497 660 3550 Π
753 3504 820 3552 16
856 3504 981 3560 ταῖς
1017 3496 1145 3551 add.
1182 3494 1350 3551 Dind.
1443 3500 1513 3549 23
1553 3488 1776 3564 Σάβαις
1814 3490 1899 3545 CF
1989 3495 2058 3544 25
2105 3484 2196 3561 δὲ]

272 3587 330 3622 τε
582 3575 648 3623 27
699 3564 916 3640 ἁδρῶν]
964 3567 1063 3622 καὶ
1099 3563 1327 3635 ἀνδρῶν
1366 3565 1520 3634 vulg.
1662 3648 1770 3704 22*
