<?xml version="1.0" encoding="UTF-8"?>
<!DOCTYPE html PUBLIC "-//W3C//DTD XHTML 1.0 Transitional//EN"
    "http://www.w3.org/TR/xhtml1/DTD/xhtml1-transitional.dtd">
<html xmlns="http://www.w3.org/1999/xhtml" xml:lang="en" lang="en">
 <head>
  <title>
</title>
<meta http-equiv="Content-Type" content="text/html;charset=utf-8" />
  <meta name='ocr-system' content='tesseract 3.04.00' />
  <meta name='ocr-capabilities' content='ocr_page ocr_carea ocr_par ocr_line ocrx_word'/>
</head>
<body>
  <div class='ocr_page' id='page_1' title='image "./diodoribiblioth02dindgoog_0277.png"; bbox 0 0 2569 4061; ppageno 0'>
   <div class='ocr_carea' id='block_1_1' title="bbox 0 14 2497 99">
    <p class='ocr_par' dir='ltr' id='par_1_1' title="bbox 0 14 2497 99">
     <span class='ocr_line' id='line_1_1' title="bbox 0 14 2497 99; baseline 0 3962"><span class='ocrx_word' id='word_1_1' title='bbox 0 14 2497 99; x_wconf 95' lang='lat' dir='ltr'><strong><em> </em></strong></span> 
     </span>
    </p>
   </div>
   <div class='ocr_carea' id='block_1_2' title="bbox 977 316 2055 383">
    <p class='ocr_par' dir='ltr' id='par_1_2' title="bbox 977 316 2055 383">
     <span class='ocr_line' id='line_1_2' title="bbox 977 316 2055 383; baseline -0.004 -14"><span class='ocrx_word' id='word_1_2' title='bbox 977 316 1029 369; x_wconf 90' lang='lat'><strong><em>11</em></strong></span> <span class='ocrx_word' id='word_1_3' title='bbox 1067 322 1115 372; x_wconf 84' lang='lat'><strong><em>5.</em></strong></span> <span class='ocrx_word' id='word_1_4' title='bbox 1146 323 1195 371; x_wconf 86' lang='lat'><strong><em>6.</em></strong></span> <span class='ocrx_word' id='word_1_5' title='bbox 1928 321 2055 383; x_wconf 78' lang='lat'><strong><em>177</em></strong></span> 
     </span>
    </p>
   </div>
   <div class='ocr_carea' id='block_1_3' title="bbox 19 477 2131 3424">
    <p class='ocr_par' dir='ltr' id='par_1_3' title="bbox 19 477 2131 3424">
     <span class='ocr_line' id='line_1_3' title="bbox 129 477 2061 564; baseline 0.002 -20"><span class='ocrx_word' id='word_1_6' title='bbox 129 477 237 544; x_wconf 81' lang='grc' dir='ltr'><strong><em>ἐπὶ</em></strong></span> <span class='ocrx_word' id='word_1_7' title='bbox 299 479 580 553; x_wconf 86' lang='grc' dir='ltr'><strong><em>Σκύθας</em></strong></span> <span class='ocrx_word' id='word_1_8' title='bbox 641 480 939 563; x_wconf 77' lang='grc' dir='ltr'><strong><em>Δαρείου</em></strong></span> <span class='ocrx_word' id='word_1_9' title='bbox 1006 481 1357 563; x_wconf 77' lang='grc' dir='ltr'><strong><em>στρατείαν</em></strong></span> <span class='ocrx_word' id='word_1_10' title='bbox 1420 481 1581 563; x_wconf 79' lang='grc' dir='ltr'><strong><em>μετὰ</em></strong></span> <span class='ocrx_word' id='word_1_11' title='bbox 1644 479 2061 564; x_wconf 83' lang='grc' dir='ltr'><strong><em>ὀγδοήκοντα</em></strong></span> 
     </span>
     <span class='ocr_line' id='line_1_4' title="bbox 19 582 2060 670; baseline -0.002 -13"><span class='ocrx_word' id='word_1_12' title='bbox 19 607 125 657; x_wconf 83' lang='grc'><strong><em>118</em></strong></span> <span class='ocrx_word' id='word_1_13' title='bbox 146 585 493 670; x_wconf 77' lang='grc' dir='ltr'><em>μυριάδων</em></span> <span class='ocrx_word' id='word_1_14' title='bbox 529 582 642 648; x_wconf 87' lang='grc' dir='ltr'><strong><em>καὶ</em></strong></span> <span class='ocrx_word' id='word_1_15' title='bbox 676 585 800 668; x_wconf 85' lang='grc' dir='ltr'><strong><em>τὴν</em></strong></span> <span class='ocrx_word' id='word_1_16' title='bbox 836 584 1091 669; x_wconf 77' lang='grc' dir='ltr'><strong><em>Ξέρξου</em></strong></span> <span class='ocrx_word' id='word_1_17' title='bbox 1130 585 1444 668; x_wconf 79' lang='grc' dir='ltr'><strong><em>διάβασιν</em></strong></span> <span class='ocrx_word' id='word_1_18' title='bbox 1482 584 1588 650; x_wconf 83' lang='grc' dir='ltr'><strong><em>ἐπὶ</em></strong></span> <span class='ocrx_word' id='word_1_19' title='bbox 1623 586 1745 669; x_wconf 85' lang='grc' dir='ltr'><strong><em>τὴν</em></strong></span> <span class='ocrx_word' id='word_1_20' title='bbox 1773 583 2060 653; x_wconf 79' lang='grc' dir='ltr'><strong><em>Ἑλλάδα</em></strong></span> 
     </span>
     <span class='ocr_line' id='line_1_5' title="bbox 128 688 2058 781; baseline 0.001 -25"><span class='ocrx_word' id='word_1_21' title='bbox 128 702 269 768; x_wconf 80' lang='grc' dir='ltr'><strong><em>τοῖς</em></strong></span> <span class='ocrx_word' id='word_1_22' title='bbox 326 690 805 775; x_wconf 78' lang='grc' dir='ltr'><strong><em>ἀναριθμήτοις</em></strong></span> <span class='ocrx_word' id='word_1_23' title='bbox 859 694 1178 775; x_wconf 77' lang='grc' dir='ltr'><strong><em>πλήθεσι,</em></strong></span> <span class='ocrx_word' id='word_1_24' title='bbox 1243 693 1360 768; x_wconf 78' lang='grc' dir='ltr'><strong><em>τὰς</em></strong></span> <span class='ocrx_word' id='word_1_25' title='bbox 1411 688 1604 775; x_wconf 75' lang='grc' dir='ltr'><strong><em>ἐχθὲς</em></strong></span> <span class='ocrx_word' id='word_1_26' title='bbox 1657 690 1769 755; x_wconf 86' lang='grc' dir='ltr'><strong><em>καὶ</em></strong></span> <span class='ocrx_word' id='word_1_27' title='bbox 1825 693 2058 781; x_wconf 74' lang='grc' dir='ltr'><strong><em>πρῴην</em></strong></span> 
     </span>
     <span class='ocr_line' id='line_1_6' title="bbox 133 795 2055 883; baseline 0.001 -22"><span class='ocrx_word' id='word_1_28' title='bbox 133 799 685 873; x_wconf 79' lang='grc' dir='ltr'><strong><em>συντελεσθείσας</em></strong></span> <span class='ocrx_word' id='word_1_29' title='bbox 728 795 996 881; x_wconf 81' lang='grc' dir='ltr'><strong><em>πράξεις</em></strong></span> <span class='ocrx_word' id='word_1_30' title='bbox 1043 795 1149 862; x_wconf 81' lang='grc' dir='ltr'><strong><em>ἐπὶ</em></strong></span> <span class='ocrx_word' id='word_1_31' title='bbox 1189 807 1306 881; x_wconf 82' lang='grc' dir='ltr'><strong><em>τῆς</em></strong></span> <span class='ocrx_word' id='word_1_32' title='bbox 1340 797 1674 882; x_wconf 79' lang='grc' dir='ltr'><strong><em>Εὐρώπης</em></strong></span> <span class='ocrx_word' id='word_1_33' title='bbox 1719 796 2055 883; x_wconf 82' lang='grc' dir='ltr'><strong><em>σκέψαιτο,</em></strong></span> 
     </span>
     <span class='ocr_line' id='line_1_7' title="bbox 78 899 2127 990; baseline 0.005 -27"><span class='ocrx_word' id='word_1_34' title='bbox 78 921 107 961; x_wconf 79' lang='lat'><strong>5</strong></span> <span class='ocrx_word' id='word_1_35' title='bbox 136 902 363 986; x_wconf 87' lang='grc' dir='ltr'><strong><em>τάχιον</em></strong></span> <span class='ocrx_word' id='word_1_36' title='bbox 400 901 482 968; x_wconf 74' lang='grc' dir='ltr'><strong><em>ἂν</em></strong></span> <span class='ocrx_word' id='word_1_37' title='bbox 519 903 755 968; x_wconf 89' lang='grc' dir='ltr'><strong><em>πιστὸν</em></strong></span> <span class='ocrx_word' id='word_1_38' title='bbox 790 902 1113 987; x_wconf 82' lang='grc' dir='ltr'><strong><em>ἡγήσαιτο</em></strong></span> <span class='ocrx_word' id='word_1_39' title='bbox 1148 906 1223 969; x_wconf 91' lang='grc' dir='ltr'><strong><em>τὸ</em></strong></span> <span class='ocrx_word' id='word_1_40' title='bbox 1264 903 1494 990; x_wconf 78' lang='grc' dir='ltr'><strong><em>ῥηθέν.</em></strong></span> <span class='ocrx_word' id='word_1_41' title='bbox 1567 905 1732 968; x_wconf 75' lang='grc' dir='ltr'><strong><em>κατὰ</em></strong></span> <span class='ocrx_word' id='word_1_42' title='bbox 1769 900 1891 988; x_wconf 77' lang='grc' dir='ltr'><strong><em>μὲν</em></strong></span> <span class='ocrx_word' id='word_1_43' title='bbox 1933 899 2058 969; x_wconf 84' lang='grc' dir='ltr'><strong><em>οὖν</em></strong></span> <span class='ocrx_word' id='word_1_44' title='bbox 2095 929 2127 975; x_wconf 80' lang='grc'>6</span> 
     </span>
     <span class='ocr_line' id='line_1_8' title="bbox 135 1008 2059 1096; baseline 0.001 -23"><span class='ocrx_word' id='word_1_45' title='bbox 135 1009 257 1091; x_wconf 85' lang='grc' dir='ltr'><strong><em>τὴν</em></strong></span> <span class='ocrx_word' id='word_1_46' title='bbox 300 1012 616 1074; x_wconf 83' lang='grc' dir='ltr'><strong><em>Σικελίαν</em></strong></span> <span class='ocrx_word' id='word_1_47' title='bbox 673 1008 708 1074; x_wconf 89' lang='grc' dir='ltr'>ὁ</span> <span class='ocrx_word' id='word_1_48' title='bbox 757 1010 1127 1086; x_wconf 82' lang='grc' dir='ltr'><strong><em>Διονύσιος</em></strong></span> <span class='ocrx_word' id='word_1_49' title='bbox 1174 1010 1246 1076; x_wconf 87' lang='grc' dir='ltr'><strong><em>έκ</em></strong></span> <span class='ocrx_word' id='word_1_50' title='bbox 1292 1019 1444 1094; x_wconf 81' lang='grc' dir='ltr'><strong><em>μιᾶς</em></strong></span> <span class='ocrx_word' id='word_1_51' title='bbox 1493 1018 1609 1093; x_wconf 79' lang='grc' dir='ltr'><strong><em>τῆς</em></strong></span> <span class='ocrx_word' id='word_1_52' title='bbox 1653 1021 1787 1075; x_wconf 83' lang='grc' dir='ltr'><strong><em>τῶν</em></strong></span> <span class='ocrx_word' id='word_1_53' title='bbox 1833 1015 2059 1096; x_wconf 81' lang='grc' dir='ltr'><strong><em>Συρα-</em></strong></span> 
     </span>
     <span class='ocr_line' id='line_1_9' title="bbox 133 1114 2059 1202; baseline 0.001 -23"><span class='ocrx_word' id='word_1_54' title='bbox 133 1116 379 1179; x_wconf 85' lang='grc' dir='ltr'><strong><em>κοσίων</em></strong></span> <span class='ocrx_word' id='word_1_55' title='bbox 433 1118 688 1191; x_wconf 84' lang='grc' dir='ltr'><strong><em>πόλεως</em></strong></span> <span class='ocrx_word' id='word_1_56' title='bbox 741 1114 1061 1199; x_wconf 76' lang='grc' dir='ltr'><strong><em>ἐξήγαγεν</em></strong></span> <span class='ocrx_word' id='word_1_57' title='bbox 1115 1114 1223 1181; x_wconf 80' lang='grc' dir='ltr'><strong><em>ἐπὶ</em></strong></span> <span class='ocrx_word' id='word_1_58' title='bbox 1278 1117 1395 1193; x_wconf 82' lang='grc' dir='ltr'><strong><em>τὰς</em></strong></span> <span class='ocrx_word' id='word_1_59' title='bbox 1450 1118 1792 1202; x_wconf 78' lang='grc' dir='ltr'><strong><em>στρατείας</em></strong></span> <span class='ocrx_word' id='word_1_60' title='bbox 1845 1119 2059 1194; x_wconf 83' lang='grc' dir='ltr'><strong><em>πεζῶν</em></strong></span> 
     </span>
     <span class='ocr_line' id='line_1_10' title="bbox 134 1216 2059 1307; baseline 0.001 -22"><span class='ocrx_word' id='word_1_61' title='bbox 134 1218 253 1304; x_wconf 74' lang='grc' dir='ltr'><strong><em>μὲν</em></strong></span> <span class='ocrx_word' id='word_1_62' title='bbox 301 1221 559 1286; x_wconf 80' lang='grc' dir='ltr'><strong><em>δώδεκα</em></strong></span> <span class='ocrx_word' id='word_1_63' title='bbox 606 1222 953 1306; x_wconf 78' lang='grc' dir='ltr'><strong><em>μυριάδας,</em></strong></span> <span class='ocrx_word' id='word_1_64' title='bbox 1004 1221 1219 1297; x_wconf 77' lang='grc' dir='ltr'><strong><em>ἱππεῖς</em></strong></span> <span class='ocrx_word' id='word_1_65' title='bbox 1256 1216 1335 1286; x_wconf 72' lang='grc' dir='ltr'><strong><em>δὲ</em></strong></span> <span class='ocrx_word' id='word_1_66' title='bbox 1376 1224 1656 1307; x_wconf 76' lang='grc' dir='ltr'><strong><em>μυρίους</em></strong></span> <span class='ocrx_word' id='word_1_67' title='bbox 1692 1220 1803 1288; x_wconf 84' lang='grc' dir='ltr'><strong><em>καὶ</em></strong></span> <span class='ocrx_word' id='word_1_68' title='bbox 1850 1222 2059 1307; x_wconf 81' lang='grc' dir='ltr'><strong><em>δισχι-</em></strong></span> 
     </span>
     <span class='ocr_line' id='line_1_11' title="bbox 133 1323 2057 1413; baseline 0.001 -23"><span class='ocrx_word' id='word_1_69' title='bbox 133 1329 340 1410; x_wconf 91' lang='grc' dir='ltr'><strong><em>λίους,</em></strong></span> <span class='ocrx_word' id='word_1_70' title='bbox 388 1335 555 1407; x_wconf 84' lang='grc' dir='ltr'><strong><em>ναῦς</em></strong></span> <span class='ocrx_word' id='word_1_71' title='bbox 602 1324 678 1392; x_wconf 72' lang='grc' dir='ltr'><strong><em>δὲ</em></strong></span> <span class='ocrx_word' id='word_1_72' title='bbox 713 1328 966 1412; x_wconf 79' lang='grc' dir='ltr'><strong><em>μακρὰς</em></strong></span> <span class='ocrx_word' id='word_1_73' title='bbox 1012 1324 1079 1405; x_wconf 82' lang='grc' dir='ltr'><strong><em>ἐξ</em></strong></span> <span class='ocrx_word' id='word_1_74' title='bbox 1118 1323 1265 1403; x_wconf 79' lang='grc' dir='ltr'><strong><em>ἑνὸς</em></strong></span> <span class='ocrx_word' id='word_1_75' title='bbox 1311 1325 1576 1411; x_wconf 80' lang='grc' dir='ltr'><strong><em>λιμένος</em></strong></span> <span class='ocrx_word' id='word_1_76' title='bbox 1610 1330 2057 1413; x_wconf 83' lang='grc' dir='ltr'><strong><em>τετρακοσίας,</em></strong></span> 
     </span>
     <span class='ocr_line' id='line_1_12' title="bbox 50 1427 2127 1519; baseline 0.005 -28"><span class='ocrx_word' id='word_1_77' title='bbox 50 1452 105 1491; x_wconf 85' lang='lat'><strong><em>10</em></strong></span> <span class='ocrx_word' id='word_1_78' title='bbox 134 1427 229 1497; x_wconf 79' lang='grc' dir='ltr'><strong><em>ὧν</em></strong></span> <span class='ocrx_word' id='word_1_79' title='bbox 266 1428 449 1514; x_wconf 69' lang='grc' dir='ltr'><strong><em>ἦσαν</em></strong></span> <span class='ocrx_word' id='word_1_80' title='bbox 486 1435 659 1497; x_wconf 81' lang='grc' dir='ltr'><strong><em>ἔνιαι</em></strong></span> <span class='ocrx_word' id='word_1_81' title='bbox 703 1435 1037 1516; x_wconf 88' lang='grc' dir='ltr'><strong><em>τετρήρεις</em></strong></span> <span class='ocrx_word' id='word_1_82' title='bbox 1078 1430 1188 1497; x_wconf 88' lang='grc' dir='ltr'><strong><em>καὶ</em></strong></span> <span class='ocrx_word' id='word_1_83' title='bbox 1234 1437 1602 1518; x_wconf 85' lang='grc' dir='ltr'><strong><em>πεντήρεις·</em></strong></span> <span class='ocrx_word' id='word_1_84' title='bbox 1639 1433 1944 1519; x_wconf 74' lang='grc' dir='ltr'><strong><em>Ῥωμαῖοι</em></strong></span> <span class='ocrx_word' id='word_1_85' title='bbox 1982 1432 2057 1500; x_wconf 73' lang='grc' dir='ltr'><strong><em>δὲ</em></strong></span> <span class='ocrx_word' id='word_1_86' title='bbox 2097 1455 2127 1503; x_wconf 76' lang='grc'><strong>7</strong></span> 
     </span>
     <span class='ocr_line' id='line_1_13' title="bbox 132 1533 2060 1626; baseline 0.002 -24"><span class='ocrx_word' id='word_1_87' title='bbox 132 1539 376 1621; x_wconf 89' lang='grc' dir='ltr'><strong><em>μικρὸν</em></strong></span> <span class='ocrx_word' id='word_1_88' title='bbox 431 1538 560 1620; x_wconf 89' lang='grc' dir='ltr'><strong><em>πρὸ</em></strong></span> <span class='ocrx_word' id='word_1_89' title='bbox 608 1546 743 1599; x_wconf 87' lang='grc' dir='ltr'><strong><em>τῶν</em></strong></span> <span class='ocrx_word' id='word_1_90' title='bbox 782 1533 1218 1618; x_wconf 74' lang='grc' dir='ltr'><strong><em>Ἀννιβαϊκῶν</em></strong></span> <span class='ocrx_word' id='word_1_91' title='bbox 1271 1548 1554 1624; x_wconf 82' lang='grc' dir='ltr'><strong><em>καιρῶν,</em></strong></span> <span class='ocrx_word' id='word_1_92' title='bbox 1599 1542 2060 1626; x_wconf 82' lang='grc' dir='ltr'><strong><em>προορώμενοι</em></strong></span> 
     </span>
     <span class='ocr_line' id='line_1_14' title="bbox 20 1640 2060 1731; baseline 0.003 -25"><span class='ocrx_word' id='word_1_93' title='bbox 20 1695 26 1706; x_wconf 93' lang='grc'><strong><em>.</em></strong></span> <span class='ocrx_word' id='word_1_94' title='bbox 133 1645 210 1707; x_wconf 89' lang='grc' dir='ltr'><strong><em>τὸ</em></strong></span> <span class='ocrx_word' id='word_1_95' title='bbox 250 1640 537 1725; x_wconf 88' lang='grc' dir='ltr'><strong><em>μέγεθος</em></strong></span> <span class='ocrx_word' id='word_1_96' title='bbox 572 1649 692 1705; x_wconf 87' lang='grc' dir='ltr'><strong><em>τοῦ</em></strong></span> <span class='ocrx_word' id='word_1_97' title='bbox 730 1640 1047 1724; x_wconf 87' lang='grc' dir='ltr'><strong><em>πολέμου,</em></strong></span> <span class='ocrx_word' id='word_1_98' title='bbox 1085 1640 1505 1726; x_wconf 79' lang='grc' dir='ltr'><strong><em>κατέγραψαν</em></strong></span> <span class='ocrx_word' id='word_1_99' title='bbox 1540 1646 1696 1721; x_wconf 88' lang='grc' dir='ltr'><strong><em>τοὺς</em></strong></span> <span class='ocrx_word' id='word_1_100' title='bbox 1734 1648 1900 1711; x_wconf 82' lang='grc' dir='ltr'><strong><em>κατὰ</em></strong></span> <span class='ocrx_word' id='word_1_101' title='bbox 1935 1649 2060 1731; x_wconf 85' lang='grc' dir='ltr'><strong><em>τὴν</em></strong></span> 
     </span>
     <span class='ocr_line' id='line_1_15' title="bbox 128 1745 2060 1833; baseline 0.003 -21"><span class='ocrx_word' id='word_1_102' title='bbox 128 1745 417 1812; x_wconf 89' lang='grc' dir='ltr'><strong><em>Ἰταλίαν</em></strong></span> <span class='ocrx_word' id='word_1_103' title='bbox 463 1746 872 1830; x_wconf 77' lang='grc' dir='ltr'><strong><em>ἐπιτηδείους</em></strong></span> <span class='ocrx_word' id='word_1_104' title='bbox 920 1750 1014 1824; x_wconf 88' lang='grc' dir='ltr'><strong><em>εἰς</em></strong></span> <span class='ocrx_word' id='word_1_105' title='bbox 1057 1748 1229 1830; x_wconf 85' lang='grc' dir='ltr'><strong><em>[τὴν]</em></strong></span> <span class='ocrx_word' id='word_1_106' title='bbox 1281 1750 1627 1833; x_wconf 86' lang='grc' dir='ltr'><strong><em>στρατείαν</em></strong></span> <span class='ocrx_word' id='word_1_107' title='bbox 1674 1753 1944 1830; x_wconf 90' lang='grc' dir='ltr'><strong><em>πολίτας</em></strong></span> <span class='ocrx_word' id='word_1_108' title='bbox 1989 1775 2060 1818; x_wconf 86' lang='grc' dir='ltr'><strong><em>τε</em></strong></span> 
     </span>
     <span class='ocr_line' id='line_1_16' title="bbox 134 1848 2062 1942; baseline 0.002 -23"><span class='ocrx_word' id='word_1_109' title='bbox 134 1852 244 1919; x_wconf 82' lang='grc' dir='ltr'><strong><em>καὶ</em></strong></span> <span class='ocrx_word' id='word_1_110' title='bbox 295 1853 707 1937; x_wconf 78' lang='grc' dir='ltr'><strong><em>συμμάχους,</em></strong></span> <span class='ocrx_word' id='word_1_111' title='bbox 757 1848 851 1918; x_wconf 81' lang='grc' dir='ltr'><strong><em>ὧν</em></strong></span> <span class='ocrx_word' id='word_1_112' title='bbox 900 1854 935 1919; x_wconf 85' lang='grc' dir='ltr'>ὁ</span> <span class='ocrx_word' id='word_1_113' title='bbox 984 1854 1244 1938; x_wconf 85' lang='grc' dir='ltr'><strong><em>σύμπας</em></strong></span> <span class='ocrx_word' id='word_1_114' title='bbox 1292 1854 1580 1940; x_wconf 63' lang='grc' dir='ltr'><strong><em>ἀριθμὸς</em></strong></span> <span class='ocrx_word' id='word_1_115' title='bbox 1623 1859 1860 1942; x_wconf 89' lang='grc' dir='ltr'><strong><em>μικρὸν</em></strong></span> <span class='ocrx_word' id='word_1_116' title='bbox 1908 1856 2062 1923; x_wconf 82' lang='grc' dir='ltr'><strong><em>ἀπέ-</em></strong></span> 
     </span>
     <span class='ocr_line' id='line_1_17' title="bbox 50 1950 2061 2047; baseline 0.002 -25"><span class='ocrx_word' id='word_1_117' title='bbox 50 1980 104 2021; x_wconf 87' lang='lat'><strong><em>15</em></strong></span> <span class='ocrx_word' id='word_1_118' title='bbox 133 1964 281 2025; x_wconf 87' lang='grc' dir='ltr'><strong><em>λιπε</em></strong></span> <span class='ocrx_word' id='word_1_119' title='bbox 338 1970 473 2025; x_wconf 87' lang='grc' dir='ltr'><strong><em>τῶν</em></strong></span> <span class='ocrx_word' id='word_1_120' title='bbox 539 1958 771 2026; x_wconf 85' lang='grc' dir='ltr'><strong><em>ἑκατὸν</em></strong></span> <span class='ocrx_word' id='word_1_121' title='bbox 829 1961 1203 2047; x_wconf 75' lang='grc' dir='ltr'><strong><em>μυριάδων·</em></strong></span> <span class='ocrx_word' id='word_1_122' title='bbox 1266 1963 1484 2027; x_wconf 87' lang='grc' dir='ltr'><strong><em>καίτοι</em></strong></span> <span class='ocrx_word' id='word_1_123' title='bbox 1537 1950 1599 2046; x_wconf 83' lang='grc' dir='ltr'><strong><em>γ’</em></strong></span> <span class='ocrx_word' id='word_1_124' title='bbox 1653 1961 1846 2029; x_wconf 77' lang='grc' dir='ltr'><strong><em>ἕνεκα</em></strong></span> <span class='ocrx_word' id='word_1_125' title='bbox 1898 1966 2061 2046; x_wconf 90' lang='grc' dir='ltr'><strong><em>πλή-</em></strong></span> 
     </span>
     <span class='ocr_line' id='line_1_18' title="bbox 132 2067 2063 2152; baseline 0 -20"><span class='ocrx_word' id='word_1_126' title='bbox 132 2074 305 2144; x_wconf 89' lang='grc' dir='ltr'><strong><em>θους</em></strong></span> <span class='ocrx_word' id='word_1_127' title='bbox 351 2067 734 2152; x_wconf 83' lang='grc' dir='ltr'><strong><em>ἀνθρώπων</em></strong></span> <span class='ocrx_word' id='word_1_128' title='bbox 768 2068 892 2150; x_wconf 82' lang='grc' dir='ltr'><strong><em>τὴν</em></strong></span> <span class='ocrx_word' id='word_1_129' title='bbox 932 2067 1218 2134; x_wconf 82' lang='grc' dir='ltr'><strong><em>Ἰταλίαν</em></strong></span> <span class='ocrx_word' id='word_1_130' title='bbox 1255 2068 1421 2152; x_wconf 83' lang='grc' dir='ltr'><strong><em>ὅλην</em></strong></span> <span class='ocrx_word' id='word_1_131' title='bbox 1469 2069 1592 2134; x_wconf 83' lang='grc' dir='ltr'><strong><em>οὐκ</em></strong></span> <span class='ocrx_word' id='word_1_132' title='bbox 1639 2071 1723 2134; x_wconf 75' lang='grc' dir='ltr'><strong><em>ἄν</em></strong></span> <span class='ocrx_word' id='word_1_133' title='bbox 1757 2090 1858 2146; x_wconf 87' lang='grc' dir='ltr'><strong><em>τις</em></strong></span> <span class='ocrx_word' id='word_1_134' title='bbox 1904 2087 2063 2151; x_wconf 88' lang='grc' dir='ltr'><strong><em>συγ-</em></strong></span> 
     </span>
     <span class='ocr_line' id='line_1_19' title="bbox 134 2170 2063 2259; baseline 0 -21"><span class='ocrx_word' id='word_1_135' title='bbox 134 2175 381 2259; x_wconf 89' lang='grc' dir='ltr'><strong><em>κρίνειε</em></strong></span> <span class='ocrx_word' id='word_1_136' title='bbox 427 2174 594 2258; x_wconf 88' lang='grc' dir='ltr'><strong><em>πρὸς</em></strong></span> <span class='ocrx_word' id='word_1_137' title='bbox 640 2173 715 2238; x_wconf 78' lang='grc' dir='ltr'><strong><em>ἓν</em></strong></span> <span class='ocrx_word' id='word_1_138' title='bbox 752 2174 955 2249; x_wconf 80' lang='grc' dir='ltr'><strong><em>ἔθνος</em></strong></span> <span class='ocrx_word' id='word_1_139' title='bbox 1000 2182 1137 2236; x_wconf 86' lang='grc' dir='ltr'><strong><em>τῶν</em></strong></span> <span class='ocrx_word' id='word_1_140' title='bbox 1181 2174 1348 2238; x_wconf 79' lang='grc' dir='ltr'><strong><em>κατὰ</em></strong></span> <span class='ocrx_word' id='word_1_141' title='bbox 1384 2173 1508 2254; x_wconf 84' lang='grc' dir='ltr'><strong><em>τὴν</em></strong></span> <span class='ocrx_word' id='word_1_142' title='bbox 1547 2170 1791 2238; x_wconf 79' lang='grc' dir='ltr'><strong><em>Ἀσίαν.</em></strong></span> <span class='ocrx_word' id='word_1_143' title='bbox 1856 2181 2063 2238; x_wconf 84' lang='grc' dir='ltr'><strong><em>ταῦτα</em></strong></span> 
     </span>
     <span class='ocr_line' id='line_1_20' title="bbox 133 2274 2062 2364; baseline -0.001 -19"><span class='ocrx_word' id='word_1_144' title='bbox 133 2275 256 2362; x_wconf 72' lang='grc' dir='ltr'><strong><em>μὲν</em></strong></span> <span class='ocrx_word' id='word_1_145' title='bbox 304 2274 428 2345; x_wconf 78' lang='grc' dir='ltr'><strong><em>οὖν</em></strong></span> <span class='ocrx_word' id='word_1_146' title='bbox 481 2279 642 2363; x_wconf 78' lang='grc' dir='ltr'><strong><em>ἡμῖν</em></strong></span> <span class='ocrx_word' id='word_1_147' title='bbox 688 2279 983 2363; x_wconf 82' lang='grc' dir='ltr'><strong><em>εἰρήσθω</em></strong></span> <span class='ocrx_word' id='word_1_148' title='bbox 1040 2279 1206 2362; x_wconf 91' lang='grc' dir='ltr'><strong><em>πρὸς</em></strong></span> <span class='ocrx_word' id='word_1_149' title='bbox 1250 2281 1409 2354; x_wconf 86' lang='grc' dir='ltr'><strong><em>τοὺς</em></strong></span> <span class='ocrx_word' id='word_1_150' title='bbox 1454 2276 1528 2342; x_wconf 81' lang='grc' dir='ltr'><strong><em>ἐκ</em></strong></span> <span class='ocrx_word' id='word_1_151' title='bbox 1581 2286 1696 2360; x_wconf 81' lang='grc' dir='ltr'><strong><em>τῆς</em></strong></span> <span class='ocrx_word' id='word_1_152' title='bbox 1740 2286 1869 2343; x_wconf 85' lang='grc' dir='ltr'><strong><em>νῦν</em></strong></span> <span class='ocrx_word' id='word_1_153' title='bbox 1913 2277 2062 2364; x_wconf 87' lang='grc' dir='ltr'><strong><em>περὶ</em></strong></span> 
     </span>
     <span class='ocr_line' id='line_1_21' title="bbox 135 2381 2063 2470; baseline 0 -21"><span class='ocrx_word' id='word_1_154' title='bbox 135 2386 251 2462; x_wconf 78' lang='grc' dir='ltr'><strong><em>τὰς</em></strong></span> <span class='ocrx_word' id='word_1_155' title='bbox 304 2388 530 2463; x_wconf 90' lang='grc' dir='ltr'><strong><em>πόλεις</em></strong></span> <span class='ocrx_word' id='word_1_156' title='bbox 577 2386 782 2469; x_wconf 75' lang='grc' dir='ltr'><strong><em>οὔσης</em></strong></span> <span class='ocrx_word' id='word_1_157' title='bbox 837 2383 1110 2470; x_wconf 81' lang='grc' dir='ltr'><strong><em>ἐρημίας</em></strong></span> <span class='ocrx_word' id='word_1_158' title='bbox 1163 2381 1722 2469; x_wconf 79' lang='grc' dir='ltr'><strong><em>τεκμαιρομένους</em></strong></span> <span class='ocrx_word' id='word_1_159' title='bbox 1775 2385 1898 2468; x_wconf 85' lang='grc' dir='ltr'><strong><em>τὴν</em></strong></span> <span class='ocrx_word' id='word_1_160' title='bbox 1942 2406 2063 2449; x_wconf 91' lang='grc' dir='ltr'><strong><em>πα-</em></strong></span> 
     </span>
     <span class='ocr_line' id='line_1_22' title="bbox 55 2490 1420 2574; baseline 0.003 -24"><span class='ocrx_word' id='word_1_161' title='bbox 55 2511 112 2550; x_wconf 83' lang='lat'><strong><em>20</em></strong></span> <span class='ocrx_word' id='word_1_162' title='bbox 139 2490 333 2554; x_wconf 81' lang='grc' dir='ltr'><strong><em>λαιὰν</em></strong></span> <span class='ocrx_word' id='word_1_163' title='bbox 379 2501 513 2555; x_wconf 88' lang='grc' dir='ltr'><strong><em>τῶν</em></strong></span> <span class='ocrx_word' id='word_1_164' title='bbox 560 2490 784 2556; x_wconf 80' lang='grc' dir='ltr'><strong><em>ἐθνῶν</em></strong></span> <span class='ocrx_word' id='word_1_165' title='bbox 830 2492 1420 2574; x_wconf 83' lang='grc' dir='ltr'><strong><em>πολυανθρωπίαν.</em></strong></span> 
     </span>
     <span class='ocr_line' id='line_1_23' title="bbox 308 2591 2131 2682; baseline 0.003 -23"><span class='ocrx_word' id='word_1_166' title='bbox 308 2592 379 2659; x_wconf 88' lang='grc' dir='ltr'><em>Ὁ</em></span> <span class='ocrx_word' id='word_1_167' title='bbox 416 2593 475 2660; x_wconf 80' lang='grc' dir='ltr'><strong><em>δ’</em></strong></span> <span class='ocrx_word' id='word_1_168' title='bbox 514 2591 638 2662; x_wconf 78' lang='grc' dir='ltr'><strong><em>οὖν</em></strong></span> <span class='ocrx_word' id='word_1_169' title='bbox 675 2598 890 2672; x_wconf 89' lang='grc' dir='ltr'><strong><em>Νίνος</em></strong></span> <span class='ocrx_word' id='word_1_170' title='bbox 926 2597 1087 2680; x_wconf 75' lang='grc' dir='ltr'><strong><em>μετὰ</em></strong></span> <span class='ocrx_word' id='word_1_171' title='bbox 1122 2597 1448 2678; x_wconf 81' lang='grc' dir='ltr'><strong><em>τοσαύτης</em></strong></span> <span class='ocrx_word' id='word_1_172' title='bbox 1487 2595 1830 2679; x_wconf 78' lang='grc' dir='ltr'><strong><em>δυνάμεως</em></strong></span> <span class='ocrx_word' id='word_1_173' title='bbox 1867 2613 2062 2682; x_wconf 82' lang='grc' dir='ltr'><strong><em>στρα-</em></strong></span> <span class='ocrx_word' id='word_1_174' title='bbox 2091 2602 2131 2664; x_wconf 86' lang='grc'>6</span> 
     </span>
     <span class='ocr_line' id='line_1_24' title="bbox 136 2701 2063 2787; baseline 0.002 -21"><span class='ocrx_word' id='word_1_175' title='bbox 136 2702 374 2779; x_wconf 87' lang='grc' dir='ltr'><strong><em>τεύσας</em></strong></span> <span class='ocrx_word' id='word_1_176' title='bbox 407 2703 503 2779; x_wconf 88' lang='grc' dir='ltr'><strong><em>εἰς</em></strong></span> <span class='ocrx_word' id='word_1_177' title='bbox 536 2704 659 2785; x_wconf 85' lang='grc' dir='ltr'><strong><em>τὴν</em></strong></span> <span class='ocrx_word' id='word_1_178' title='bbox 687 2702 1110 2787; x_wconf 85' lang='grc' dir='ltr'><strong><em>Βακτριανὴν</em></strong></span> <span class='ocrx_word' id='word_1_179' title='bbox 1144 2701 1568 2784; x_wconf 82' lang='grc' dir='ltr'><strong><em>ἠναγκάζετο,</em></strong></span> <span class='ocrx_word' id='word_1_180' title='bbox 1608 2702 2063 2787; x_wconf 82' lang='grc' dir='ltr'><strong><em>δυσεισβόλων</em></strong></span> 
     </span>
     <span class='ocr_line' id='line_1_25' title="bbox 109 2805 2062 2895; baseline 0.002 -23"><span class='ocrx_word' id='word_1_181' title='bbox 109 2818 271 2873; x_wconf 44' lang='grc' dir='ltr'><strong><em>’τῶν</em></strong></span> <span class='ocrx_word' id='word_1_182' title='bbox 326 2811 551 2873; x_wconf 85' lang='grc' dir='ltr'><strong><em>τόπων</em></strong></span> <span class='ocrx_word' id='word_1_183' title='bbox 603 2806 714 2874; x_wconf 87' lang='grc' dir='ltr'><strong><em>καὶ</em></strong></span> <span class='ocrx_word' id='word_1_184' title='bbox 781 2819 1033 2874; x_wconf 89' lang='grc' dir='ltr'><strong><em>στενῶν</em></strong></span> <span class='ocrx_word' id='word_1_185' title='bbox 1089 2809 1334 2889; x_wconf 75' lang='grc' dir='ltr'><strong><em>ὄντων,</em></strong></span> <span class='ocrx_word' id='word_1_186' title='bbox 1393 2809 1557 2872; x_wconf 79' lang='grc' dir='ltr'><strong><em>κατὰ</em></strong></span> <span class='ocrx_word' id='word_1_187' title='bbox 1622 2805 1819 2893; x_wconf 85' lang='grc' dir='ltr'><strong><em>μέρος</em></strong></span> <span class='ocrx_word' id='word_1_188' title='bbox 1872 2813 2062 2895; x_wconf 76' lang='grc' dir='ltr'><strong><em>ἄγειν</em></strong></span> 
     </span>
     <span class='ocr_line' id='line_1_26' title="bbox 137 2913 2131 2999; baseline 0.001 -21"><span class='ocrx_word' id='word_1_189' title='bbox 137 2915 259 2998; x_wconf 83' lang='grc' dir='ltr'><strong><em>τὴν</em></strong></span> <span class='ocrx_word' id='word_1_190' title='bbox 308 2915 613 2998; x_wconf 79' lang='grc' dir='ltr'><strong><em>δύναμιν.</em></strong></span> <span class='ocrx_word' id='word_1_191' title='bbox 702 2913 744 2998; x_wconf 82' lang='grc' dir='ltr'><em>ἡ</em></span> <span class='ocrx_word' id='word_1_192' title='bbox 791 2915 919 2999; x_wconf 80' lang='grc' dir='ltr'><strong><em>γὰρ</em></strong></span> <span class='ocrx_word' id='word_1_193' title='bbox 969 2913 1344 2999; x_wconf 84' lang='grc' dir='ltr'><strong><em>Βακτριανὴ</em></strong></span> <span class='ocrx_word' id='word_1_194' title='bbox 1402 2914 1585 2999; x_wconf 84' lang='grc' dir='ltr'><strong><em>χώρα</em></strong></span> <span class='ocrx_word' id='word_1_195' title='bbox 1631 2920 1906 2993; x_wconf 77' lang='grc' dir='ltr'><strong><em>πολλαῖς</em></strong></span> <span class='ocrx_word' id='word_1_196' title='bbox 1950 2913 2062 2981; x_wconf 85' lang='grc' dir='ltr'><strong><em>καὶ</em></strong></span> <span class='ocrx_word' id='word_1_197' title='bbox 2099 2936 2131 2980; x_wconf 76' lang='lat'>2</span> 
     </span>
     <span class='ocr_line' id='line_1_27' title="bbox 58 3014 2064 3104; baseline 0 -22"><span class='ocrx_word' id='word_1_198' title='bbox 58 3039 112 3082; x_wconf 74' lang='lat'><strong><em>25</em></strong></span> <span class='ocrx_word' id='word_1_199' title='bbox 141 3021 454 3104; x_wconf 87' lang='grc' dir='ltr'><strong><em>μεγάλαις</em></strong></span> <span class='ocrx_word' id='word_1_200' title='bbox 492 3018 846 3104; x_wconf 80' lang='grc' dir='ltr'><strong><em>οἰκουμένη</em></strong></span> <span class='ocrx_word' id='word_1_201' title='bbox 893 3022 1127 3084; x_wconf 88' lang='grc' dir='ltr'><strong><em>πόλεσι</em></strong></span> <span class='ocrx_word' id='word_1_202' title='bbox 1162 3022 1322 3103; x_wconf 89' lang='grc' dir='ltr'><strong><em>μίαν</em></strong></span> <span class='ocrx_word' id='word_1_203' title='bbox 1369 3015 1491 3103; x_wconf 73' lang='grc' dir='ltr'><strong><em>μὲν</em></strong></span> <span class='ocrx_word' id='word_1_204' title='bbox 1538 3014 1714 3104; x_wconf 83' lang='grc' dir='ltr'><strong><em>εἶχεν</em></strong></span> <span class='ocrx_word' id='word_1_205' title='bbox 1752 3021 2064 3104; x_wconf 48' lang='grc' dir='ltr'><strong><em>έπιφανε,</em></strong></span> 
     </span>
     <span class='ocr_line' id='line_1_28' title="bbox 140 3117 2065 3212; baseline -0.004 -21"><span class='ocrx_word' id='word_1_206' title='bbox 140 3127 415 3210; x_wconf 87' lang='grc' dir='ltr'><strong><em>στάτην,</em></strong></span> <span class='ocrx_word' id='word_1_207' title='bbox 482 3125 555 3191; x_wconf 81' lang='grc' dir='ltr'><strong><em>ἐν</em></strong></span> <span class='ocrx_word' id='word_1_208' title='bbox 618 3117 662 3212; x_wconf 79' lang='grc' dir='ltr'><em>ᾗ</em></span> <span class='ocrx_word' id='word_1_209' title='bbox 728 3123 1124 3208; x_wconf 85' lang='grc' dir='ltr'><strong><em>συνέβαινεν</em></strong></span> <span class='ocrx_word' id='word_1_210' title='bbox 1188 3119 1361 3190; x_wconf 83' lang='grc' dir='ltr'><strong><em>εἶναι</em></strong></span> <span class='ocrx_word' id='word_1_211' title='bbox 1419 3123 1532 3191; x_wconf 84' lang='grc' dir='ltr'><strong><em>καὶ</em></strong></span> <span class='ocrx_word' id='word_1_212' title='bbox 1591 3127 1674 3189; x_wconf 83' lang='grc' dir='ltr'><strong><em>τὰ</em></strong></span> <span class='ocrx_word' id='word_1_213' title='bbox 1736 3128 2065 3209; x_wconf 87' lang='grc' dir='ltr'><strong><em>βασίλεια·</em></strong></span> 
     </span>
     <span class='ocr_line' id='line_1_29' title="bbox 140 3225 2063 3316; baseline -0.004 -20"><span class='ocrx_word' id='word_1_214' title='bbox 140 3232 304 3316; x_wconf 78' lang='grc' dir='ltr'><strong><em>αὕτη</em></strong></span> <span class='ocrx_word' id='word_1_215' title='bbox 364 3227 425 3297; x_wconf 82' lang='grc' dir='ltr'><strong><em>δ’</em></strong></span> <span class='ocrx_word' id='word_1_216' title='bbox 479 3231 771 3298; x_wconf 73' lang='grc' dir='ltr'><strong><em>ἐκαλεῖτο</em></strong></span> <span class='ocrx_word' id='word_1_217' title='bbox 827 3228 949 3316; x_wconf 77' lang='grc' dir='ltr'><strong><em>μὲν</em></strong></span> <span class='ocrx_word' id='word_1_218' title='bbox 1006 3232 1301 3315; x_wconf 89' lang='grc' dir='ltr'><strong><em>Βάκτρα,</em></strong></span> <span class='ocrx_word' id='word_1_219' title='bbox 1365 3228 1636 3314; x_wconf 88' lang='grc' dir='ltr'><strong><em>μεγέθει</em></strong></span> <span class='ocrx_word' id='word_1_220' title='bbox 1692 3226 1767 3294; x_wconf 76' lang='grc' dir='ltr'><strong><em>δὲ</em></strong></span> <span class='ocrx_word' id='word_1_221' title='bbox 1820 3225 1930 3292; x_wconf 80' lang='grc' dir='ltr'><strong><em>καὶ</em></strong></span> <span class='ocrx_word' id='word_1_222' title='bbox 1984 3234 2063 3310; x_wconf 77' lang='grc' dir='ltr'><strong><em>τῇ</em></strong></span> 
     </span>
     <span class='ocr_line' id='line_1_30' title="bbox 138 3331 2072 3424; baseline -0.003 -22"><span class='ocrx_word' id='word_1_223' title='bbox 138 3340 304 3403; x_wconf 81' lang='grc' dir='ltr'><strong><em>κατὰ</em></strong></span> <span class='ocrx_word' id='word_1_224' title='bbox 338 3341 463 3424; x_wconf 85' lang='grc' dir='ltr'><strong><em>τὴν</em></strong></span> <span class='ocrx_word' id='word_1_225' title='bbox 500 3338 861 3424; x_wconf 83' lang='grc' dir='ltr'><strong><em>ἀκρόπολιν</em></strong></span> <span class='ocrx_word' id='word_1_226' title='bbox 908 3339 1257 3423; x_wconf 85' lang='grc' dir='ltr'><strong><em>ὀχυρότητι</em></strong></span> <span class='ocrx_word' id='word_1_227' title='bbox 1295 3339 1468 3403; x_wconf 84' lang='grc' dir='ltr'><strong><em>πολὺ</em></strong></span> <span class='ocrx_word' id='word_1_228' title='bbox 1513 3345 1745 3400; x_wconf 89' lang='grc' dir='ltr'><strong><em>πασῶν</em></strong></span> <span class='ocrx_word' id='word_1_229' title='bbox 1783 3331 2072 3414; x_wconf 80' lang='grc' dir='ltr'><strong><em>διέφερε.</em></strong></span> 
     </span>
    </p>
   </div>
   <div class='ocr_carea' id='block_1_4' title="bbox 147 3485 2067 3621">
    <p class='ocr_par' dir='ltr' id='par_1_4' title="bbox 147 3485 2067 3621">
     <span class='ocr_line' id='line_1_31' title="bbox 284 3485 2067 3566; baseline -0.006 -18"><span class='ocrx_word' id='word_1_230' title='bbox 284 3501 316 3548; x_wconf 88' lang='lat'><strong>3</strong></span> <span class='ocrx_word' id='word_1_231' title='bbox 354 3493 495 3564; x_wconf 69' lang='grc' dir='ltr'><strong><em>χθὲς</em></strong></span> <span class='ocrx_word' id='word_1_232' title='bbox 530 3496 683 3566; x_wconf 82' lang='lat' dir='ltr'><strong>vulg.</strong></span> <span class='ocrx_word' id='word_1_233' title='bbox 816 3502 879 3551; x_wconf 86' lang='lat'><strong><em>11</em></strong></span> <span class='ocrx_word' id='word_1_234' title='bbox 915 3492 1274 3566; x_wconf 79' lang='grc' dir='ltr'><strong><em>Ἀννιβιακῶν</em></strong></span> <span class='ocrx_word' id='word_1_235' title='bbox 1314 3490 1454 3545; x_wconf 83' lang='lat' dir='ltr'><strong><em>ODF</em></strong></span> <span class='ocrx_word' id='word_1_236' title='bbox 1581 3485 1788 3557; x_wconf 81' lang='grc' dir='ltr'><strong><em>13’τὴν</em></strong></span> <span class='ocrx_word' id='word_1_237' title='bbox 1825 3503 1932 3540; x_wconf 88' lang='lat' dir='ltr'><strong><em>om.</em></strong></span> <span class='ocrx_word' id='word_1_238' title='bbox 1974 3485 2067 3539; x_wconf 85' lang='lat' dir='ltr'><strong><em>OD</em></strong></span> 
     </span>
     <span class='ocr_line' id='line_1_32' title="bbox 147 3561 1302 3621; baseline -0.003 -2"><span class='ocrx_word' id='word_1_239' title='bbox 147 3569 217 3619; x_wconf 79' lang='lat'><strong><em>14</em></strong></span> <span class='ocrx_word' id='word_1_240' title='bbox 253 3561 559 3621; x_wconf 77' lang='grc' dir='ltr'><strong><em>ἀπελίπετο</em></strong></span> <span class='ocrx_word' id='word_1_241' title='bbox 596 3566 647 3619; x_wconf 92' lang='lat' dir='ltr'>D</span> <span class='ocrx_word' id='word_1_242' title='bbox 791 3574 859 3621; x_wconf 83' lang='lat'><strong><em>26</em></strong></span> <span class='ocrx_word' id='word_1_243' title='bbox 897 3567 996 3619; x_wconf 82' lang='grc' dir='ltr'><strong><em>καὶ</em></strong></span> <span class='ocrx_word' id='word_1_244' title='bbox 1035 3581 1143 3618; x_wconf 88' lang='lat' dir='ltr'><strong><em>om.</em></strong></span> <span class='ocrx_word' id='word_1_245' title='bbox 1185 3563 1302 3617; x_wconf 80' lang='lat' dir='ltr'><strong><em>CF.</em></strong></span> 
     </span>
    </p>
   </div>
   <div class='ocr_carea' id='block_1_5' title="bbox 248 3650 1747 3706">
    <p class='ocr_par' dir='ltr' id='par_1_5' title="bbox 248 3650 1747 3706">
     <span class='ocr_line' id='line_1_33' title="bbox 248 3650 1747 3706; baseline 0.005 -2"><span class='ocrx_word' id='word_1_246' title='bbox 248 3665 288 3704; x_wconf 89' lang='lat' dir='ltr'>D</span> <span class='ocrx_word' id='word_1_247' title='bbox 290 3674 499 3706; x_wconf 77' lang='lat' dir='ltr'>ooooooo</span> <span class='ocrx_word' id='word_1_248' title='bbox 526 3665 567 3706; x_wconf 84' lang='lat' dir='ltr'><strong><em>I.</em></strong></span> <span class='ocrx_word' id='word_1_249' title='bbox 1681 3650 1747 3697; x_wconf 71' lang='lat'><strong><em>12</em></strong></span> 
     </span>
    </p>
   </div>
  </div>
 </body>
</html>
