2569 4061
419 303 551 369 506
1102 299 1411 356 monom
1447 297 1677 354 S1cUL1

408 461 838 546 Ἱππάλκιμον
882 460 993 527 καὶ
1024 459 1512 548 Ἠλεκτρύωνα,
1561 463 1656 525 ἔτι
1704 458 1765 524 δ’
1794 453 2204 546 Ἀρχίλυκον
2260 461 2414 527 καὶ

413 569 828 655 Ἀλεγήνορα.
920 569 1178 635 τούτων
1244 565 1306 632 δ’
1350 564 1779 651 Ἱππάλκιμος
1842 562 1964 651 μὲν
2028 565 2408 650 ἐγέννησε

418 674 802 760 Πηνέλεων,
861 673 1283 761 Ἠλεκτρύων
1349 669 1423 738 δὲ
1487 675 1772 756 Λήιτον,
1832 671 2218 758 Ἀλεγήνωρ
2306 671 2401 740 δὲ

418 784 740 867 Κλονίον,
763 777 1145 870 Ἀρχίλυκος
1185 777 1258 846 δὲ
1290 781 1749 865 Προθοήνορα
1786 777 1897 846 καὶ
1919 773 2394 865 Ἀρκεσίλαον

416 891 575 967 τοὺς
639 888 748 955 ἐπὶ
819 891 1065 976 Τροίαν
1131 883 1744 974 στρατευσαμένους
1815 886 2146 970 ἡγεμόνας
2220 899 2388 954 τῶν
2416 907 2444 948 5

419 996 733 1064 ἁπάντων
781 1000 1109 1061 Βοιωτῶν.

312 1100 399 1167 68
608 1104 879 1169 Τούτων
926 1096 988 1166 δ’
1038 1102 1201 1185 ἡμῖν
1248 1098 1834 1184 διευκρινημένων,
1886 1102 2379 1185 πειρασόμεθα

419 1211 719 1275 διελθεῖν
756 1204 907 1293 περὶ
943 1204 1364 1290 Σαλμωνέως
1408 1204 1521 1271 καὶ
1565 1210 1828 1291 Τυροῦς
1862 1201 1974 1271 καὶ
2011 1216 2146 1270 τῶν
2186 1205 2373 1272 ἄπο-

415 1317 641 1397 γόνων
677 1311 800 1388 ἕως
828 1309 1170 1398 Νέστορος
1206 1321 1330 1377 τοῦ
1368 1312 1894 1396 στρατεύσαντος
1931 1308 2038 1376 ἐπὶ
2074 1314 2363 1397 Τροίαν.

415 1421 823 1502 Σαλμωνεὺς
877 1419 1005 1504 γὰρ
1050 1413 1137 1502 ἦν
1192 1420 1341 1495 υίὸς
1386 1421 1644 1484 Αἰόλου
1697 1427 1819 1483 τοῦ
1849 1415 2178 1502 ’Ἐλληνος
2224 1429 2361 1485 τοῢ
2390 1438 2442 1478 10

413 1527 912 1602 Δευκαλίωνος·
971 1520 1168 1602 οὗτος
1226 1519 1289 1590 δ’
1342 1524 1415 1590 ἐκ
1468 1531 1583 1609 τῆς
1640 1524 1959 1600 Αἰολίδος
2020 1523 2357 1610 ὁρμηθεὶς

416 1633 578 1717 μετὰ
613 1635 944 1698 πλειόνων
972 1630 1281 1698 Αἰολέων
1318 1630 1516 1719 ᾤκισε
1552 1639 1670 1715 τῆς
1710 1626 1971 1707 Ἠλείας
2007 1633 2187 1716 παρὰ
2224 1634 2354 1697 τὸν

414 1734 729 1824 Ἀλφειὸν
782 1740 1082 1823 ποταμὸν
1136 1741 1336 1803 πόλιν
1393 1736 1504 1802 καὶ
1560 1737 1872 1803 ἐκάλεσεν
1927 1735 2042 1822 ἀφ’
2098 1736 2348 1804 ἑαυτοῦ

420 1848 844 1928 Σαλμωνίαν.
917 1847 1131 1928 γήμας
1178 1838 1236 1908 δ’
1287 1841 1666 1927 Ἀλκιδίκην
1711 1845 1834 1927 τὴν
1883 1841 2109 1909 Ἀλέου
2152 1842 2344 1923 ἐγέν-

416 1969 578 2038 νησε
614 1948 957 2037 θυγατέρα
991 1951 1116 2034 τὴν
1153 1955 1822 2037 προσαγορευθεῖσαν
1861 1951 2070 2037 Τυρώ,
2103 1948 2333 2012 κάλλει
2366 1968 2426 2009 15

346 2078 378 2127 2
418 2058 892 2146 διαφέρουσαν.
957 2054 1073 2141 τῆς
1102 2054 1176 2122 δὲ
1212 2058 1529 2140 γυναικὸς
1551 2054 1920 2140 Ἀλκιδίκης
1957 2056 2338 2122 ἀποθανού-

417 2181 538 2248 σης
592 2164 872 2250 ἐπέγημε
931 2165 1055 2249 τὴν
1118 2162 1617 2249 ὀνομαζομένην
1671 2164 1975 2247 Σιδηρώ·
2041 2163 2203 2247 αὕτη
2261 2158 2336 2228 δὲ

414 2277 712 2358 χαλεπῶς
770 2269 1036 2355 διετέθη
1083 2273 1250 2357 πρὸς
1295 2272 1420 2354 τὴν
1476 2271 1701 2356 Τυρώ,
1749 2271 1838 2347 ὡς
1884 2268 1969 2336 ἂν
2014 2270 2313 2355 μητρυιά.
2335 2291 2431 2340 313

416 2381 576 2463 μετὰ
617 2376 691 2444 δὲ
727 2388 933 2445 ταῦτα
968 2379 1400 2462 Σαλμωνεύς,
1437 2377 1757 2462 ὑβριστὴς
1794 2377 1890 2442 ὢν
1924 2374 2035 2442 καὶ
2073 2375 2329 2460 ἀσεβής,
2521 2376 2522 2409 ³

415 2486 544 2551 ὑπὸ
592 2482 715 2569 μὲν
750 2495 886 2550 τῶν
934 2481 1482 2567 ὑποτεταγμένων
1529 2481 1840 2567 ἐμισήθη,
1885 2482 2015 2547 ὑπὸ
2056 2478 2130 2547 δὲ
2168 2484 2331 2560 Διὸς
2356 2501 2405 2541 2⁰

346 2609 378 2656 3
417 2593 530 2655 διὰ
574 2592 696 2674 τὴν
742 2589 1053 2673 ἀσέβειαν
1100 2589 1551 2675 ἐκεραυνώθη.
1641 2597 1720 2673 τῇ
1769 2586 1843 2653 δὲ
1897 2592 2125 2674 Τυροῖ,
2171 2611 2326 2675 παρ-
2521 2580 2522 2583 “

412 2695 593 2783 θένῳ
640 2692 784 2761 κατ’
831 2695 1127 2770 ἐκείνους
1181 2698 1339 2771 τοὺς
1392 2698 1677 2779 χρόνους
1734 2695 1933 2780 οὔσῃ,
1983 2696 2325 2761 Ποσειδῶν

411 2799 625 2887 μιγεὶς
679 2801 921 2876 παῖδας
977 2797 1291 2889 ἐγέννησε
1349 2803 1605 2867 Πελίαν
1657 2799 1768 2867 καὶ
1823 2799 2069 2885 Νηλέα.
2161 2801 2199 2885 ἡ
2254 2798 2322 2867 δὲ

421 2909 615 2995 Τυρὼ
679 2908 1134 2991 συνοικήσασα
1206 2910 1478 2993 Κρηθεῖ
1537 2906 1898 2973 ἐτέκνωσεν
1950 2902 2320 2993 Ἀμυθάονα

411 3014 523 3081 καὶ
575 3013 837 3101 Φέρητα
881 3011 991 3079 καὶ
1029 3015 1309 3080 Αἴσονα.
1401 3013 1730 3100 Κρηθέως
1778 3011 1851 3078 δὲ
1906 3017 2318 3098 τελευτήσαν-
2345 3030 2396 3073 25

409 3146 522 3201 τος
577 3122 975 3188 ἐστασίασαν
1031 3118 1183 3206 περὶ
1241 3129 1355 3205 τῆς
1401 3118 1748 3203 ’βασιλείας
1796 3123 2046 3198 Πελίας
2100 3143 2168 3185 τε
2216 3119 2316 3187 καὶ

556 3286 584 3333 1
616 3274 967 3346 Ἱππόδαμον
996 3276 1043 3329 D
1117 3283 1159 3330 2
1181 3272 1522 3346 Ἱππόδαμος
1603 3281 1638 3329 4
1665 3275 2039 3347 προθ*ήνορα
2071 3280 2168 3366 (pr.
2196 3279 2241 3347 ο)
2268 3277 2312 3331 D

411 3356 442 3404 9
492 3347 609 3421 ἐπὶ]
650 3346 745 3404 ἐπὶ
781 3345 884 3416 τὴν
920 3348 1072 3417 vulg.
1219 3353 1287 3402 10
1323 3344 1431 3418 γὰρ
1482 3364 1590 3403 om.
1631 3349 1796 3419 vulg.⁴
1847 3386 1851 3390 Δ
1937 3353 2003 3403 11
2045 3350 2079 3402 δ
2136 3366 2234 3405 om.
2267 3348 2311 3402 D

414 3426 477 3473 12
517 3416 700 3492 ᾤκησε
738 3419 888 3504 vulg.
1030 3423 1094 3472 13
1139 3416 1308 3472 πόλιν
1346 3418 1443 3473 καὶ
1494 3415 1762 3474 ἐκάλεσεν
1798 3418 1991 3475 Revue
2029 3419 2149 3475 orit.
2191 3423 2310 3474 1867

407 3507 462 3555 p.
493 3495 618 3557 290,
653 3488 752 3543 καὶ
787 3491 952 3542 πολιν
993 3486 1210 3543 ἔκτισεν
1245 3487 1381 3543 libri
1490 3494 1559 3544 14
1596 3484 1886 3559 άλμωνίαν
1914 3491 1964 3545 D
2068 3496 2133 3546 17
2173 3492 2307 3558 σιδη-

409 3554 525 3622 ρῶ*
560 3560 657 3624 (er.
696 3561 750 3623 ν)
779 3557 846 3625 D,
886 3559 1155 3625 σιδηροῦν
1197 3558 1257 3626 0,
1295 3554 1485 3628 άδηρᾶ
1515 3560 1559 3613 F
1670 3566 1738 3615 23
1775 3563 1988 3623 παῖδας
2025 3578 2133 3618 om.
2171 3562 2229 3617 II.
