2569 4061
1009 304 1086 360 IV
1128 313 1210 361 77.
1243 311 1326 360 78.
2032 303 2158 368 521

231 473 485 557 δρᾶναι
529 471 604 535 τὸ
642 470 928 552 πλησίον
971 477 1087 551 τῆς
1123 470 1391 553 Κρήτης
1437 469 1649 550 νήσου
1686 466 1986 551 πέλαγος.
2051 465 2163 531 καὶ
2200 490 2232 539 9

229 579 360 642 τὸν
424 572 546 660 μὲν
591 575 862 661 Ἴκαρον
928 575 1039 639 διὰ
1110 574 1233 657 τὴν
1298 576 1576 656 νεότητα
1646 571 1976 659 μετέωρον
2042 573 2166 656 τὴν

232 692 485 767 πτῆσιν
528 682 935 766 ποιούμενον
979 691 1207 746 πεσεῖν
1254 682 1349 757 εἰς
1393 681 1468 744 ’τὸ
1505 677 1810 762 πέλαγος,
1856 678 2167 756 τακέντος

238 791 359 854 διὰ
401 791 520 854 τὸν
565 789 759 871 ἥλιον
803 795 925 852 τοῦ
963 786 1364 870 συνέχοντος
1407 786 1522 861 τὰς
1558 782 1887 871 πτέρυγας
1931 791 2165 871 κηροῦ,

176 910 207 951 5
239 896 453 961 αὐτὸν
507 891 582 959 δὲ
626 895 806 979 παρὰ
860 892 985 975 τὴν
1037 893 1380 957 θάλατταν
1424 894 1793 975 πετόμενον
1847 887 1957 956 καὶ
2003 890 2156 976 παρ’

239 1001 524 1068 ἕκαστον
577 999 898 1083 τέγγοντα
943 1000 1060 1076 τὰς
1112 983 1442 1085 πτέρυγας
1490 1000 1909 1081 διασωθῆναι
1959 1018 2167 1083 παρα-

242 1107 456 1187 δόξως
501 1109 597 1184 εἰς
639 1107 763 1189 τὴν
809 1109 1143 1171 Σικελίαν.
1225 1105 1395 1170 ἀλλὰ
1437 1102 1590 1191 περὶ
1623 1100 1758 1188 ,μὲν
1803 1105 2063 1168 τούτων
2108 1105 2172 1168 εἰ

239 1212 355 1280 καὶ
409 1212 780 1297 παράδοξός
835 1210 1016 1277 ἐστιν
1065 1211 1100 1276 ὁ
1148 1218 1398 1296 μῦθος,
1446 1211 1624 1296 ὅμως
1682 1210 2034 1295 ἐκρίναμεν
2079 1211 2167 1294 μὴ

240 1325 643 1404 παραλιπεῖν
672 1318 899 1383 αὐτόν.
966 1319 1308 1395 Δαίδαλος
1336 1315 1411 1383 δὲ
1440 1319 1620 1405 παρά
1645 1342 1715 1383 τε
1743 1326 1835 1407 τῷ
1865 1319 2163 1406 Κωκάλῳ
2187 1322 2268 1386 78

152 1443 212 1483 10
243 1424 357 1491 καὶ
401 1435 541 1502 τοῖς
577 1429 896 1501 Σικανοῖς
944 1423 1236 1509 διέτριψε
1274 1427 1478 1488 πλείω
1524 1427 1796 1511 χρόνον,
1833 1427 2170 1510 θαυμαζό-

245 1556 446 1617 μενος
473 1532 547 1597 ἐν
583 1540 663 1616 τῇ
691 1532 855 1596 κατὰ
891 1531 1015 1614 τὴν
1044 1528 1284 1614 τέχνην
1321 1530 1677 1616 ὑπερβολῇ.
1733 1533 2171 1597 κατεσκεύασε

248 1637 310 1704 δ’
358 1638 430 1704 ἐν
474 1647 554 1723 τῇ
600 1640 783 1726 νήσῳ
829 1638 1034 1722 ταύτῃ
1086 1638 1237 1701 τινὰ
1281 1646 1418 1701 τῶν
1463 1638 1679 1722 ἔργων
1726 1635 1766 1700 ἃ
1813 1635 2004 1722 μέχρι
2049 1647 2170 1703 τοῦ

246 1754 376 1810 νῦν
450 1742 758 1828 διαμένει.
851 1745 1137 1828 πλησίον
1211 1740 1334 1827 μὲν
1397 1744 1524 1829 γὰρ
1598 1751 1714 1826 τῆς
1784 1744 2173 1828 Μεγαρίδος

250 1851 657 1938 φιλοτέχνως
686 1850 952 1936 ἐποίησε
989 1851 1112 1934 τὴν
1142 1847 1639 1935 ὀνομαζομένην
1666 1851 2174 1934 κολυμβήθραν,

170 1972 221 2014 15
251 1959 316 2040 ἐξ
362 1955 441 2044 ἧς
486 1956 689 2044 μέγας
724 1960 1017 2044 ποταμὸς
1062 1959 1155 2035 εἰς
1200 1958 1324 2041 τὴν
1362 1960 1648 2042 πλησίον
1693 1957 2034 2022 θάλατταν
2078 1954 2173 2034 ἐξ·

253 2067 588 2152 ερεύγεται
651 2066 1061 2149 καλούμενος
1110 2062 1426 2147 Ἀλαβών.
1517 2063 1682 2129 κατὰ
1739 2059 1811 2127 δὲ
1867 2063 1989 2146 τὴν
2043 2072 2173 2128 νῦν
2210 2082 2241 2130 2

245 2172 767 2257 Ἀκραγαντίνην
814 2170 888 2236 ἐν
932 2179 1025 2258 τῷ
1063 2171 1339 2257 Καμικῷ
1387 2168 1776 2257 καλουμένῳ
1821 2172 2020 2235 πόλιν
2068 2168 2175 2234 ἐπὶ

252 2279 492 2365 πέτρας
548 2272 760 2343 οὖσαν
805 2286 1037 2341 πασῶν
1094 2275 1523 2360 ὀχυρωτάτην
1571 2276 2010 2341 κατεσκεύασε
2065 2273 2175 2341 καὶ

255 2388 588 2459 παντελῶς
624 2380 696 2447 ἐκ
732 2385 882 2465 βίας
909 2381 1281 2446 ἀνάλωτον·
1322 2382 1563 2465 στενὴν
1591 2383 1718 2467 γὰρ
1757 2378 1868 2446 καὶ
1898 2383 2174 2447 σκολιὰν

177 2504 229 2544 20
255 2491 376 2573 τὴν
414 2489 741 2571 ἀνάβασιν
772 2488 972 2571 αὐτῆς
1011 2490 1493 2572 φιλοτεχνήσας
1530 2487 1797 2570 ἐποίησε
1837 2489 2174 2553 δύνασθαι

258 2597 366 2661 διὰ
436 2604 644 2680 τριῶν
714 2594 756 2679 ἢ
829 2594 1159 2679 τεττάρων
1245 2594 1626 2680 ἀνθρώπων
1701 2596 2173 2679 φυλάττεσθαι.

258 2704 484 2788 διόπερ
543 2701 578 2766 ὁ
635 2701 957 2778 Κώκαλος
1013 2700 1086 2766 ἐν
1141 2702 1347 2786 ταύτῃ
1404 2703 1686 2785 ποιήσας
1741 2703 1821 2766 τὰ
1875 2705 2177 2785 βασίλεια

256 2809 363 2875 καὶ
388 2811 470 2874 τὰ
495 2811 795 2895 χρήματα
822 2807 1340 2892 κατατιθέμενος
1373 2807 1720 2875 ἀνάλωτον
1749 2810 1940 2893 ἔσχεν
1968 2808 2178 2891 αὐτὴν

260 2916 367 2980 διὰ
402 2924 519 2999 τῆς
560 2914 857 2992 ἐπινοίας
903 2924 1025 2980 τοῦ
1059 2918 1381 2999 τεχνίτου.
1455 2918 1682 3000 τρίτον
1729 2911 1801 2979 δὲ
1849 2916 2176 2996 σπήλαιον
2215 2935 2246 2982 3

165 3032 236 3074 '2⁵
260 3023 417 3087 κατὰ
462 3021 585 3104 τὴν
631 3023 1118 3087 Σελινουντίαν
1174 3021 1400 3106 χώραν
1444 3021 1954 3102 κατεσκεύασεν,
2004 3018 2077 3084 ἐν
2123 3010 2175 3105 ᾧ

259 3130 375 3212 τὴν
432 3127 674 3212 ἀτμίδα
720 3136 842 3193 τοῦ
896 3125 1037 3193 κατ’
1075 3127 1284 3211 αὐτὴν
1330 3128 1541 3214 πυρὸς
1597 3126 1806 3202 οὕτως
1851 3124 2178 3208 εὐστόχως

262 3233 562 3318 ἐξέλαβεν
615 3234 783 3299 ὥστε
831 3234 944 3299 διὰ
998 3234 1122 3317 τὴν
1177 3236 1595 3317 μαλακότητα
1640 3242 1755 3316 τῆς
1808 3234 2179 3316 θερμασίας

403 3434 426 3480 1
470 3424 645 3495 νήσου
684 3443 794 3482 om.
835 3424 886 3480 II
1043 3431 1075 3480 9
1114 3444 1173 3481 τε
1211 3444 1321 3482 om.
1360 3426 1511 3494 vulg.
1687 3431 1747 3478 11
1793 3418 1879 3494 ἐν]
1923 3418 2015 3477 ἐπὶ
2052 3422 2178 3477 fort.

268 3502 327 3551 12
382 3496 563 3569 νήσῳ]
622 3496 790 3567 τέχνη
848 3497 897 3551 D
1093 3503 1158 3551 17
1210 3494 1567 3565 καλουμένην
1618 3493 1770 3563 vulg.
1954 3500 2023 3547 24
2077 3491 2178 3561 τὴν

267 3562 518 3624 ἐπίνοιαν
559 3566 674 3625 OF.
