2569 4061
385 189 471 253 68
1072 187 1381 245 DIODORl
1417 187 1655 244 SICULI

387 374 577 435 τητα,
633 352 758 433 τὴν
813 348 936 435 μὲν
990 349 1298 416 ἐπίνοιαν
1353 351 1638 436 τάνδρὸς
1694 347 2127 433 ἀποδεκτέον,
2191 350 2315 432 τὴν

386 454 460 521 δὲ
522 458 748 521 πίστιν
815 467 955 533 τοῖς
1018 455 1129 522 ὑπ’
1198 457 1408 523 αὐτοῦ
1468 454 1851 541 λεγομένοις
1913 455 1996 521 οὐ
2062 453 2314 520 δοτέον.

317 585 349 633 6
386 564 666 648 παρίημι
709 565 838 646 γὰρ
885 562 996 629 καὶ
1035 564 1207 629 διότι
1252 565 1410 643 τοὺς
1455 563 1718 647 ἐτησίας
1764 565 1935 630 ἰδεῖν
1975 563 2156 628 ἔστιν
2203 561 2316 626 οὐ-

385 667 503 733 δέν
545 691 611 733 τι
658 674 914 753 μᾶλλον
961 670 1088 735 ἀπὸ
1144 678 1259 754 τῆς
1316 671 1565 754 ἄρκτου
1618 667 1941 748 πνέοντας
1989 669 2157 754 ἥπερ
2200 677 2317 752 τῆς

383 772 687 860 ἑσπέρας·
739 775 822 840 οὐ
859 773 1090 861 βορέαι
1126 776 1253 861 γὰρ
1293 770 1442 840 οὐδ’
1487 774 1840 863 ἀπαρκτίαι
1884 777 2103 860 μόνοι,
2150 774 2316 840 ἀλλὰ
2343 789 2368 830 5

383 880 497 947 καὶ
544 882 615 946 oc
654 879 969 959 πνέοντες
1016 882 1144 947 ἀπὸ
1190 890 1469 967 θερινῆς
1515 882 1769 959 δύσεως
1823 879 2137 967 ἀργέσται
2178 904 2318 946 κοι-

384 996 679 1054 νωνοῦσι
725 997 840 1071 τῆς
898 999 1034 1054 τῶν
1081 987 1363 1072 ἐτησίων
1419 992 1888 1075 προσηγορίας.
1977 991 2054 1054 τό
2098 1011 2168 1053 τε
2214 985 2316 1053 λέ-

383 1118 529 1177 γειν
575 1094 665 1170 ὡς
710 1091 986 1178 μέγιστα
1032 1097 1390 1179 συμβαίνει
1445 1106 1583 1161 τῶν
1638 1095 1818 1181 ὀρῶν
1871 1094 2192 1180 ὑπάρχειν
2234 1094 2316 1159 τὰ

383 1198 536 1285 περὶ
581 1199 707 1283 τὴν
752 1202 1127 1267 Αἰθιοπίαν
1172 1201 1255 1266 οὐ
1315 1204 1528 1286 μόνον
1584 1202 2068 1268 ἀναπόδεικτόν
2113 1200 2314 1284 ἐστιν,

387 1300 532 1371 ἀλλ’
577 1302 737 1371 οὐδὲ
774 1308 897 1390 τὴν
932 1310 1156 1373 πίστιν
1193 1310 1328 1392 ἔχει
1375 1310 1487 1374 διὰ
1525 1318 1640 1393 τῆς
1685 1308 2026 1394 ἐναργείας
2064 1323 2316 1390 συγχω-
2347 1321 2399 1362 10

317 1431 348 1483 ’1
386 1410 741 1498 ρουμένην.
816 1411 1113 1500 ’Έφορος
1159 1410 1234 1479 δὲ
1278 1415 1683 1499 καινοτάτην
1730 1417 1949 1481 αἰτίαν
1983 1413 2316 1500 εἰσφέρων
2352 1430 2423 1482 48

384 1523 865 1602 πιθανολογεῖν
911 1517 1033 1605 μὲν
1078 1530 1411 1607 πειρᾶται,
1467 1531 1586 1605 τῆς
1636 1516 1697 1585 δ’
1752 1521 2071 1605 ἀληθείας
2118 1521 2318 1586 οὐδα-

385 1636 523 1709 μῶς
569 1625 1025 1712 ἐπιτυγχάνων
1070 1634 1457 1713 θεωρεῖται.·
1543 1626 1712 1711 φησὶ
1770 1631 1898 1714 γὰρ
1943 1629 2065 1711 τὴν
2110 1633 2319 1711 Αἴγυ-

383 1753 552 1798 πτον
597 1733 860 1799 ἅπασαν
907 1728 1119 1799 οὖσαν
1163 1735 1687 1817 ποταμόχωστον
1732 1732 1844 1798 καὶ
1888 1734 2175 1817 χαύνην,
2221 1734 2318 1797 ἔτι
2435 1810 2442 1817 ,

387 1835 460 1903 δὲ
514 1838 852 1922 κισηρώδη
907 1837 1031 1920 τὴν
1086 1837 1328 1921 φύσιν,
1388 1837 1688 1923 ῥαγάδας
1741 1860 1811 1902 τε
1865 1838 2153 1921 μεγάλας
2206 1836 2318 1904 καὶ
2346 1853 2397 1894 15

387 1944 710 2027 διηνεκεῖς
755 1945 952 2029 ἔχειν,
1005 1944 1117 2010 διὰ
1164 1940 1239 2009 δὲ
1284 1942 1546 2009 τούτων
1591 1945 1691 2021 εἰς
1738 1942 1980 2029 ἑαυτὴν
2026 1945 2318 2030 ἀναλαμ-

385 2050 616 2134 βάνειν
659 2052 877 2138 ὑγροῦ
911 2056 1192 2135 πλῆθος,
1238 2048 1351 2116 καὶ
1396 2050 1565 2116 κατὰ
1610 2047 1733 2136 μὲν
1767 2053 1893 2135 τὴν
1937 2054 2319 2138 χειμερινὴν

386 2158 569 2242 ὥραν
615 2156 922 2244 συνέχειν
967 2157 1042 2224 ἐν
1087 2157 1287 2244 ἑαυτῇ
1333 2166 1564 2241 τοῦτο,
1620 2160 1785 2224 κατὰ
1841 2156 1914 2225 δὲ
1959 2160 2082 2242 τὴν
2126 2166 2317 2244 θερι-

384 2266 515 2350 νὴν
542 2266 762 2351 ὥσπερ
793 2267 1076 2350 ἱδρῶτάς
1110 2289 1296 2342 τινας
1332 2263 1399 2342 ἐξ
1443 2264 1646 2348 αὑτῆς
1680 2268 2105 2350 πανταχόθεν
2142 2265 2320 2332 ἀνιέ-

317 2388 351 2440 8
387 2394 529 2453 ναι,
584 2369 695 2436 καὶ
752 2372 865 2435 διὰ
921 2372 1177 2436 τούτων
1232 2374 1539 2453 πληροῦν
1583 2371 1705 2436 τ’ὸν
1748 2373 2065 2455 ποταμόν.
2158 2372 2194 2437 ὁ
2244 2368 2318 2438 δὲ
2347 2389 2401 2428 20

389 2479 816 2560 συγγραφεὺς
861 2470 1058 2552 οὗτος
1103 2475 1186 2540 οὐ
1231 2477 1444 2559 μόνον
1502 2474 1666 2559 ἡμῖν
1721 2479 2029 2560 φαίνεται
2083 2478 2171 2561 μὴ
2218 2501 2319 2543 τε-

386 2578 715 2665 θεαμένος
768 2582 892 2664 τὴν
945 2581 1156 2665 φύσιν
1210 2592 1346 2646 τῶν
1399 2582 1565 2647 κατὰ
1627 2581 1751 2665 τὴν
1808 2585 2158 2665 Αἴγυπτον
2209 2585 2319 2648 τό-

386 2707 562 2768 πων,
627 2684 795 2751 ἀλλὰ
850 2682 1017 2770 μηδὲ
1069 2688 1247 2773 παρὰ
1304 2697 1440 2752 τῶν
1501 2687 1780 2752 εἰδότων
1835 2688 1915 2751 τὰ
1976 2689 2142 2752 κατὰ
2194 2690 2320 2774 τὴν

195 2874 210 2889 ,
319 2813 352 2864 9
388 2793 613 2878 χώραν
664 2792 916 2877 ταύτην
970 2791 1291 2877 ἐπιμελῶς
1342 2789 1782 2877 πεπυσμένος.
1874 2804 2139 2880 πρῶτον
2198 2793 2321 2879 μὲν

390 2900 540 2985 γάρ,
588 2903 768 2983 εἴπερ
806 2897 874 2977 ἐξ
912 2899 1114 2981 αὐτῆς
1149 2907 1266 2982 τῆς
1293 2900 1652 2982 Αἰγύπτου
1698 2898 1734 2964 ὁ
1768 2901 2015 2977 Νεῐλ-ος
2051 2901 2175 2985 τὴν
2203 2902 2321 2966 αὕ-
2349 2922 2403 2963 25

391 3006 582 3092 ξησιν
628 3004 1016 3090 ἐλάμβανεν,
1063 3005 1188 3070 οὐκ
1233 3003 1319 3070 ἂν
1372 3004 1448 3069 ἐν
1501 3016 1644 3083 τοῖς
1690 3003 1998 3094 ἀνωτέρω
2044 3005 2318 3093 μέρεσιν

392 3112 792 3200 ἐπληροῦτο,
862 3113 972 3177 διὰ
1032 3135 1104 3177 τε
1167 3112 1550 3197 πετρώδους
1608 3110 1719 3177 καὶ
1783 3120 2051 3199 στερεᾶς
2104 3113 2324 3199 χώρας

542 3310 607 3359 10
647 3301 935 3391 ἐνεργείας
972 3304 1214 3374 οοᾶίοθε,
1252 3321 1389 3360 corr.
1419 3304 1596 3360 Wess.
1715 3311 1780 3361 13
1819 3325 2119 3361 απασαντ
2087 3303 2191 3376 τὴν
2228 3308 2321 3362 Αἴ-

394 3393 610 3441 γυπτον
673 3373 1110 3446 ποταμόχωστον
1166 3365 1348 3431 οὖσαν
1399 3376 1452 3431 11
1634 3382 1703 3432 23
1761 3376 2022 3450 εἰδότων]
2077 3377 2323 3434 ἰδόντων

398 3442 856 3513 Theophylactos
896 3447 1001 3501 VII
1042 3453 1124 3514 17,
1164 3451 1249 3504 22.
