2569 4061
371 286 507 354 360
1039 283 1350 342 monom
1386 282 1619 341 summ

367 452 678 536 κύμβαλα
722 443 834 513 καὶ
879 447 1220 533 τύμπανα,
1266 449 1432 534 πρὸς
1479 443 1555 514 δὲ
1599 448 1865 525 τούτοις
1908 451 2318 533 καθαρμοὺς

373 570 507 624 τῶν
554 556 942 622 νοσούντων
977 565 1240 639 κτηνῶν
1275 577 1346 620 τε
1383 552 1495 620 καὶ
1531 558 1792 638 νηπίων
1827 555 2089 621 παίδων
2127 556 2312 638 εἰση-

299 687 333 735 3
376 666 740 746 γήσασθαι·
787 662 896 727 διὸ
941 658 1053 727 καὶ
1097 670 1232 727 τῶν
1277 663 1553 746 βρεφῶν
1597 671 1742 737 ταῖς
1778 659 2067 749 ἐπῳδαῖς
2105 664 2313 740 σωζο-

372 767 593 854 μένων
645 767 757 834 καὶ
811 779 947 834 τῶν
1000 769 1329 833 πλείστων
1384 763 1497 832 ὑπ’
1552 767 1756 852 αὐτῆς
1810 764 2315 853 ἐναγκαλιζομέ-

371 899 536 959 νων,
596 876 707 941 διὰ
751 875 875 959 τὴν
919 875 1015 952 εἰς
1059 882 1267 939 ταῦτα
1314 874 1620 958 σπουδὴν
1664 872 1778 940 καὶ
1824 878 2315 961 φιλοστοργίαν
2344 895 2377 936 5

373 981 505 1047 ὑπὸ
549 981 822 1047 πάντων
858 979 1069 1063 αὐτὴν
1105 979 1335 1065 ὀρείαν
1371 977 1619 1065 μητέρα
1653 987 2305 1067 προσαγορευθῆναι.

377 1084 1047 1172 συναναστρέφεσθαι
1121 1080 1184 1151 δ’
1251 1085 1419 1171 αὐτῇ
1483 1083 1593 1151 καὶ
1658 1089 1893 1171 φιλίαν
1956 1090 2131 1172 ἔχειν
2201 1087 2313 1154 ἐπὶ

378 1191 585 1260 πλέον
647 1189 814 1276 φασὶ
877 1192 1216 1277 Μαρσύαν
1279 1193 1401 1258 τὸν
1465 1193 1732 1279 Φρύγα,
1795 1197 2312 1280 θαυμαζόμενον

380 1297 488 1365 ἐπὶ
535 1295 802 1363 συνέσει
846 1296 957 1363 καὶ
1002 1299 1442 1385 σωφροσύνῃ·
1495 1297 1607 1364 καὶ
1650 1307 1766 1384 τῆς
1810 1295 1933 1384 μὲν
1979 1299 2310 1378 συνέσεως

383 1406 740 1488 τεκμήριον
792 1404 1213 1488 λαμβάνουσι
1265 1407 1342 1470 τὸ
1399 1408 1817 1490 μιμήσασθαι
1873 1409 2032 1484 τοὺς
2090 1410 2310 1492 φθόγ-
2341 1429 2401 1469 10

381 1533 544 1594 γους
588 1519 705 1594 τῆς
741 1511 1218 1596 πολυκαλάμου
1254 1512 1574 1598 σύριγγος
1607 1511 1718 1577 καὶ
1753 1524 2166 1597 μετενεγκεῖν
2202 1513 2309 1579 ἐπὶ

377 1619 536 1695 τοὺς
590 1616 838 1695 αὐλοὺς
881 1618 1007 1701 τὴν
1053 1617 1220 1701 ὅλην
1267 1616 1620 1702 ἁρμονίαν,
1674 1626 1789 1702 τῆς
1836 1614 1910 1684 δὲ
1957 1621 2310 1706 σωφροσύ-

381 1747 506 1806 νης
550 1734 828 1808 σημεῖον
875 1718 1055 1788 εἷναί
1092 1739 1261 1807 φασι
1294 1724 1370 1788 τὸ
1409 1722 1600 1810 μέχρι
1634 1731 1752 1807 τῆς
1785 1729 2092 1809 τελευτῆς
2128 1725 2310 1791 ἀπεί-

304 1851 337 1900 4
377 1852 583 1916 ρατον
627 1827 947 1913 γενέσθαι
990 1839 1125 1894 τῶν
1162 1828 1601 1914 ἀφροδισίων.
1672 1831 1798 1914 τὴν
1834 1825 1960 1896 οὖν
1993 1829 2310 1915 Κυβέλην

378 1938 475 2014 εἰς
514 1935 732 2020 ἀκμὴν
767 1935 1027 2019 ἡλικίας
1063 1933 1404 2001 ἐλθοῦσαν
1439 1935 1773 2020 ἀγαπῆσαι
1808 1947 1944 2003 τῶν
1969 1935 2306 2022 ἐγχωρίων
2337 1960 2399 2001 15

376 2045 529 2108 τινὰ
585 2045 944 2110 νεανίσκον
996 2043 1116 2107 τὸν
1167 2045 1841 2129 προσαγορευόμενον
1894 2040 2015 2129 μὲν
2059 2043 2309 2130 Ἄττιν,

377 2149 664 2235 ὕστερον
704 2147 764 2215 δ’
810 2147 1248 2233 ἐπικληθέντα
1289 2149 1565 2216 Πάπαν·
1601 2154 2075 2216 συνελθοῦσαν
2113 2148 2173 2216 δ’
2219 2155 2311 2230 εἰς

377 2254 647 2341 ὁμιλίαν
692 2254 870 2344 αὐτῷ
918 2255 1142 2342 λάθρᾳ
1185 2252 1299 2321 καὶ
1342 2254 1712 2342 γενομένην
1749 2258 1992 2341 ἔγκυον
2028 2256 2307 2341 ἐπιγνω-

376 2368 628 2447 σθῆναι
680 2364 845 2428 κατὰ
897 2371 1141 2428 τοῦτον
1194 2364 1316 2427 τὸν
1369 2364 1606 2449 καιρὸν
1660 2362 1791 2428 ὑπὸ
1846 2374 1982 2429 τῶν
2029 2364 2308 2447 γονέων.

267 2469 353 2536 59
377 2469 608 2554 διόπερ
654 2467 1062 2552 ἀναχθείσης
1116 2467 1322 2551 αὐτῆς
1365 2470 1461 2546 εἰς
1505 2471 1586 2535 τὰ
1639 2472 1971 2554 βασίλεια,
2029 2468 2142 2536 καὶ
2186 2481 2309 2537 τοῦ
2337 2493 2393 2533 20

373 2576 621 2656 πατρὸς
665 2574 740 2638 τὸ
776 2569 914 2657 μὲν7
935 2584 1201 2659 πρῶτον
1238 2575 1329 2652 ὡς
1361 2574 1709 2662 παρθένον
1744 2574 2309 2664 προσδεξαμένου,

375 2680 537 2764 μετὰ
598 2674 673 2743 δὲ
729 2687 939 2743 ταῦτα
996 2681 1277 2762 γνόντος
1334 2682 1459 2765 τὴν
1518 2683 1825 2769 φθοράν,
1889 2680 2002 2748 καὶ
2064 2683 2181 2761 τάς
2236 2707 2308 2750 τε

373 2786 671 2871 τροφοὺς
725 2782 838 2850 καὶ
892 2786 1012 2850 τὸν
1049 2784 1274 2852 ’Ἀττιν
1328 2787 1683 2866 ἀνελόντος
1735 2787 1849 2854 καὶ
1901 2791 1982 2854 τὰ
2039 2791 2309 2874 σώματα

375 2890 773 2978 ἐκρίψαντος
818 2893 1062 2977 ἄταφα,
1109 2892 1277 2978 φασὶ
1321 2896 1446 2979 τὴν
1481 2893 1795 2979 Κυβέλην
1833 2896 1946 2961 διὰ
1981 2898 2106 2980 τὴν
2140 2897 2308 2982 πρὸς

373 3000 450 3065 τὸ
490 3000 834 3086 μειράκιον
872 3002 1355 3086 φιλοστοργίαν
1391 2999 1504 3066 καὶ
1539 3001 1665 3084 τὴν
1701 2999 1809 3067 ἐπὶ
1851 3012 1997 3079 ταῖς
2027 3013 2307 3088 τροφοῖς
2333 3023 2387 3064 25

265 3119 268 3122 ’
375 3107 595 3190 λύπην
632 3104 887 3191 ἐμμανῆ
924 3105 1296 3191 γενομένην
1343 3107 1438 3183 εἰς
1481 3107 1606 3190 τὴν
1650 3108 1876 3194 χώραν
1922 3105 2306 3192 ἐκπηδῆσαι.

374 3211 487 3277 καὶ
553 3212 802 3295 ταύτην
866 3207 990 3296 μὲν
1061 3212 1512 3291 ὀλολύζουσαν
1584 3211 1696 3279 καὶ
1767 3217 2306 3297 τυμπανίζουσαν

556 3476 589 3523 2
643 3468 1093 3540 καθηγήσασθαι
1142 3473 1192 3528 D
1385 3478 1451 3527 15
1501 3468 1747 3547 ἡλικίας]
1797 3470 2151 3545 ἀφροδισίων
2205 3475 2311 3531 GF'

382 3539 448 3586 17
479 3536 557 3589 ,δὲ
597 3539 884 3606 κληθέντα
923 3541 1030 3597 OF
1173 3549 1238 3597 19
1278 3540 1424 3597 κατὰ
1461 3543 1688 3614 τοῦτον]
1726 3542 1856 3600 κατ’
1898 3541 2078 3601 αὐτὸν
2117 3546 2184 3602 D.
