2569 4061
1068 322 1148 378 ΙΙΙ
1186 328 1269 377 53.
1304 329 1389 380 54.
2059 325 2186 390 351

266 487 496 563 ὅπλοις
551 481 625 551 δὲ
677 491 971 571 χρῆσθαι
1030 489 1535 571 σκεπαστηρίοις
1591 489 1815 571 ὄφεων
1878 488 2184 573 μεγάλων
2222 509 2260 557 3

268 593 529 677 δοραῖς,
593 589 871 676 ἐχούσης
932 599 1050 674 τῆς
1110 592 1372 675 Λιβύης
1432 600 1639 657 ταῦτα
1704 595 1784 659 τὰ
1849 597 1977 681 ζῷα
2039 603 2179 669 τοῖς

267 697 621 784 μεγέθεσιν
666 700 929 781 ἄπιστα,
976 697 1408 784 ἀμυντηρίοις
1455 694 1529 762 δὲ
1571 699 1762 779 [τοῖς]
1811 699 2027 783 ξίφεσι
2073 697 2185 765 καὶ

271 809 465 887 [ταῖς]
505 807 794 889 λόγχαις,
840 807 935 869 ἔτι
982 800 1056 870 δὲ
1092 804 1329 887 τόξοις,
1379 795 1480 880 οἶς
1515 804 1604 887 μὴ
1642 806 1853 888 μόνον
1892 804 1957 882 ἐξ
1996 805 2185 872 ἐναν-

215 928 241 969 6
267 916 409 988 τίας
461 912 765 996 βάλλειν,
822 910 989 977 ἀλλὰ
1042 909 1153 976 καὶ
1198 911 1364 976 κατὰ
1421 911 1539 987 τὰς
1584 911 1804 994 φυγὰς
1848 913 2007 987 τοὺς
2052 911 2188 976 ἐπι-

267 1019 630 1096 διώκοντας
668 1019 762 1095 εἰς
797 1016 1091 1082 τούπίσω
1128 1016 1425 1097 τοξεύειν
1461 1016 1804 1101 εὐστόχως.
1863 1016 2185 1101 ἐμβαλού-
2223 1038 2260 1086 4

265 1141 386 1203 σας
432 1124 492 1190 δ’
548 1125 753 1200 αὐτὰς
806 1125 901 1200 εἰς
944 1125 1066 1206 τὴν
1119 1132 1255 1187 τῶν
1296 1119 1691 1188 Ἀτλαντίων
1743 1124 1969 1210 χώραν
2018 1126 2176 1200 τοὺς

265 1229 387 1318 μὲν
442 1233 563 1314 τὴν
617 1228 886 1315 Κέρνην
939 1228 1360 1313 καλουμένην
1415 1230 1764 1327 οζκοῦντας
1827 1230 2183 1315 παρατάξει

265 1347 564 1422 νικῆσαι,
611 1335 721 1402 καὶ
775 1335 1341 1412 συνεισπεσούσας
1385 1347 1526 1413 τοῖς
1579 1337 1954 1420 φεύγουσιν
2001 1334 2188 1413 ἐντὸς

186 1460 240 1501 1⁰
264 1456 415 1510 τῶν·
454 1454 692 1527 τειχῶν
745 1450 1094 1528 κυριεῦσαι
1148 1450 1263 1525 τῆς
1317 1444 1591 1519 πόλεως·
1647 1444 2059 1528 βουλομένας
2114 1440 2189 1508 δὲ

263 1559 356 1638 τῷ
435 1551 627 1637 φόβῳ
700 1545 1240 1631 καταπλήξασθαι
1313 1550 1472 1622 τοὺς
1543 1553 1923 1635 περιοίκους
1998 1550 2189 1633 ὠμῶς

266 1660 798 1739 προσενεχθῆναι
850 1664 989 1730 τοῖς
1043 1652 1310 1736 ἁλοῦσι,
1374 1652 1486 1719 καὶ
1550 1656 1708 1730 τοὺς
1759 1650 1882 1738 μὲν
1938 1655 2186 1740 ἄνδρας

264 1759 523 1844 ἡβηδὸν
557 1760 956 1843 ἀποσφάξαι,
1002 1758 1200 1825 τέκνα
1242 1756 1317 1825 δὲ
1363 1757 1473 1824 καὶ
1509 1769 1828 1842 γυναῖκας
1875 1759 2187 1845 ἐξανδρα-

263 1864 713 1950 ποδισαμένας
774 1866 1187 1946 κατασκάψαι
1245 1868 1371 1949 τὴν
1425 1868 1640 1931 πόλιν.
1732 1875 1848 1950 τῆς
1907 1863 1979 1931 δὲ
2035 1865 2186 1952 περὶ
2225 1889 2260 1940 5

184 1990 236 2032 ιε
264 1976 421 2051 τοὺς
448 1976 823 2060 Κερναίους
861 1982 1210 2060 συμφορᾶς
1248 1973 1680 2058 διαδοθείσης
1708 1975 1802 2052 εἰς
1837 1976 1994 2051 τοὺς
2031 1973 2188 2058 ὁμο-

267 2087 508 2164 εθνεῖς,
551 2080 809 2164 λέγεται
852 2084 1010 2158 τοὺς
1046 2077 1169 2165 μὲν
1199 2078 1621 2158 Ἀτλαντίους
1656 2079 2188 2164 καταπλαγέντας

269 2182 357 2253 δι’
409 2188 762 2272 ὁμολογίας
823 2190 1246 2274 παραδοῦναι
1309 2190 1426 2265 τὰς
1479 2191 1702 2266 πόλεις
1754 2187 1866 2254 καὶ
1920 2198 2055 2254 πᾶν
2110 2190 2185 2254 τὸ

264 2291 687 2381 προσταχθὲν
741 2298 1045 2378 ποιήσειν
1100 2293 1655 2378 ἐπαγγείλασθαι,
1702 2295 1825 2378 τὴν
1881 2291 1955 2359 δὲ
2001 2297 2188 2378 βασί-

267 2406 506 2467 λισσαν
568 2400 890 2486 Μύριναν
962 2400 1261 2478 ἐπιεικῶς
1330 2401 1559 2478 αὐτοῖς
1620 2405 2186 2485 προσενεχθεῖσαν

187 2523 242 2562 20
269 2508 502 2590 φιλίαν
546 2529 616 2571 τε
673 2505 1052 2572 συνθέσθαι
1097 2505 1207 2572 καὶ
1267 2508 1466 2571 πόλιν
1512 2502 1663 2571 ἀντὶ
1706 2513 1821 2589 τῆς
1864 2522 2187 2573 κατασκα-

270 2614 504 2698 φείσης
559 2614 917 2699 ὁμώνυμον
964 2613 1198 2697 ἑαυτῆς
1249 2616 1492 2679 κτίσαι·
1551 2617 1922 2679 κατοικίσαι
1980 2607 2038 2678 δ’
2094 2617 2188 2692 εἰς

267 2720 478 2804 αὐτὴν
523 2722 680 2797 τούς
723 2744 793 2786 τε
839 2721 1295 2805 αἰχμαλώτους
1348 2720 1460 2786 καὶ
1505 2730 1640 2785 τῶν
1686 2719 2023 2806 ἐγχωρίων
2066 2723 2186 2787 τὸν

266 2829 698 2912 βουλόμενον.
790 2829 951 2912 μετὰ
1006 2824 1080 2892 δὲ
1123 2836 1330 2893 ταῦτα
1384 2838 1520 2893 τῶν
1560 2826 1955 2893 Ἀτλαντίων
2002 2827 2185 2914 δῶρά
2222 2850 2255 2897 6

265 2957 335 2999 τε
381 2940 842 3020 μεγαλοπρεπῆ
891 2936 1151 2999 δόντων
1192 2933 1358 3019 αὐτῇ
1405 2932 1516 3000 καὶ
1561 2935 1751 3018 τιμὰς
1797 2933 2183 3017 ἀξιολόγους

186 3052 238 3094 ²5
264 3050 457 3127 κοινῇ
493 3039 1000 3126 ψηφισαμένων,
1044 3039 1505 3118 ἀποδέξασθαί
1531 3063 1601 3105 τε
1638 3041 1762 3124 τὴν
1797 3044 2185 3123 φιλανθρω-

266 3149 427 3213 πίαν
473 3148 697 3213 αὐτῶν
740 3145 853 3213 καὶ
897 3149 1591 3233 προσεπαγγείλασθαι
1634 3148 1710 3211 τὸ
1757 3147 1960 3220 ἔθνος
2004 3143 2186 3230 εὐερ-

265 3256 586 3338 γετήσειν.
651 3264 787 3319 τῶν
825 3248 885 3319 δ’
912 3253 1249 3339 ἐγχωρίων
1284 3250 1839 3337 πεπολεμημένων
1871 3250 2190 3327 πολλάκις
2225 3270 2256 3321 7

411 3452 443 3499 3
481 3453 598 3510 τοῖς
635 3450 695 3503 et
731 3454 854 3511 ταῖς
890 3465 998 3503 om.
1036 3444 1087 3499 A
1198 3451 1227 3500 ‘1
1268 3446 1622 3500 Ατλαντίδων
1661 3441 1882 3498 codices
1982 3449 2015 3498 8
2054 3462 2186 3497 κατ-

268 3518 568 3645 ἓέκοέντέἓ
613 3520 765 3645 νὸὓς.
914 3523 983 3574 15
1039 3518 1336 3589 χερναίους
1381 3516 1429 3571 D
1558 3521 1652 3635 ‘21
1712 3509 1884 3585 ἑαυτῇ
1934 3531 1980 3569 ο.
2020 3518 2114 3583 65,
2153 3521 2186 3568 6
