2569 4061
398 196 554 251 XLII
1129 191 1563 250 PRAEFATIO.

390 369 460 426 et
507 367 564 442 3,
614 367 716 442 36,
766 367 822 441 1,
868 362 972 423 ubi
1023 360 1550 439 ὑποληφθείησαν,
1600 364 1658 439 8,
1700 363 1803 440 25,
1852 364 1910 439 4,
1960 362 2064 422 ubi
2101 361 2327 440 εἴησαν.

392 463 554 522 Nam
616 459 882 539 ἀξιοῖμεν
948 464 1041 521 est
1108 462 1217 539 10,
1267 462 1380 535 21,
1429 461 1498 535 2,
1576 464 1858 538 κληθεῖεν
1926 462 2038 538 13,
2086 463 2201 539 21,
2252 465 2325 537 7,

392 562 934 637 καταπολεμηθεῖεν
974 561 1078 638 14,
1107 560 1209 635 39,
1240 559 1308 633 3,
1356 548 1475 617 εἷεν
1524 560 1627 632 14,
1659 559 1762 635 21,
1792 560 1884 618 3.

573 657 845 718 Secunda
891 655 1217 736 singularis
1273 654 1585 716 indicativi
1629 655 1968 732 praesentis
2024 658 2087 716 et
2132 655 2326 715 futuri

391 755 578 816 medii
640 756 736 816 vel
798 755 1028 831 passivi
1082 754 1197 814 etsi
1253 755 1602 813 constanter
1656 753 1941 813 scribitur
1984 775 2051 837 ῃ,
2108 753 2323 812 nihilo·

391 853 590 913 minus
637 852 900 914 Diodoro
945 852 1111 912 haud
1157 851 1337 911 dubie
1382 850 1827 911 restituendum
1873 852 1966 911 est
2010 870 2077 910 ει.

571 950 892 1027 Perseotis,
955 949 1259 1010 interdum
1327 950 1512 1009 etiam
1575 948 1842 1025 aoristis,
1914 948 2070 1008 male
2135 948 2321 1008 inter·

391 1030 658 1124 positurn
694 1063 747 1125 σ,
782 1049 854 1105 ut
888 1066 1009 1107 non
1044 1049 1282 1107 tantum
1322 1049 1666 1107 constanter
1698 1045 1827 1105 fere
1868 1045 1934 1105 in
1968 1041 2323 1123 κέκλεισμαι,

390 1145 582 1205 semel
628 1146 756 1204 sine
803 1159 839 1204 σ
884 1145 1107 1221 scripto
1151 1145 1218 1204 in
1259 1144 1565 1203 nonnullis
1607 1146 1709 1217 19,
1748 1145 1851 1218 61,
1892 1146 1949 1222 6,
1997 1147 2059 1205 et
2104 1145 2166 1203 in
2203 1163 2321 1204 uno

396 1245 498 1317 14,
548 1244 649 1317 66,
696 1244 756 1319 4,
811 1245 874 1302 et-
925 1238 1229 1322 κέχρισμαι
1275 1243 1336 1320 4,
1385 1243 1486 1319 38,
1537 1244 1602 1318 2,
1655 1234 2140 1322 17,103,4,*)
2198 1240 2320 1308 sed,

391 1342 462 1398 ut
505 1340 773 1415 videtur,
820 1341 1005 1400 etiam
1048 1341 1110 1400 in
1156 1337 1477 1417 ἀλήλεσμαι
1524 1340 1735 1418 3,14,
1786 1341 1842 1417 1,
1899 1339 2018 1398 etsi
2070 1339 2182 1397 hoc
2228 1340 2322 1398 est

393 1437 576 1497 etiam
622 1437 781 1513 apud
818 1436 1332 1531 Agatharchidem
1368 1437 1572 1498 Photii
1613 1437 1742 1501 cod.
1781 1438 1930 1516 250,
1976 1456 2032 1512 p.
2073 1436 2220 1513 448,
2262 1437 2321 1511 3,

392 1538 455 1593 et
507 1531 895 1614 περιέζωσμαι
945 1539 1007 1611 1,
1059 1540 1168 1615 72,
1220 1539 1294 1613 2,
1355 1538 1423 1613 5,
1472 1538 1582 1609 29,
1632 1538 1698 1613 2,
1754 1529 2201 1614 παρεζωσμένος
2244 1533 2317 1594 fr.

388 1631 593 1693 Escor.
638 1654 696 1710 p.
737 1635 820 1694 26
871 1635 960 1694 ed.
1017 1635 1279 1711 Muller„
1338 1633 1456 1693 nisi
1513 1634 1660 1693 haec
1713 1633 1956 1709 quidem
2012 1632 2320 1693 veteribus

388 1729 619 1790 fuerint
671 1731 1025 1807 peculiaria,
1084 1732 1198 1790 etsi
1253 1728 1552 1807 περίζωμα
1598 1731 1693 1788 est
1738 1731 1796 1802 3,
1846 1730 1905 1806 8,
1952 1730 2010 1806 5,
2056 1728 2320 1789 Diodoro

388 1830 593 1887 autem
637 1823 941 1906 κέρχισμαι
986 1826 1463 1903 relinquendum,
1521 1828 1591 1885 ut
1629 1828 1687 1898 2,
1718 1827 1776 1903 9,
1812 1827 1848 1883 2
1889 1824 2120 1903 χρίσμα,
2158 1826 2321 1901 quod

389 1923 541 1982 mihi
586 1925 649 1981 et
691 1923 891 1998 ipsum
938 1923 1320 1983 scribendum
1364 1923 1604 1983 videtur
1650 1926 1845 2000 χρῖμα,
1892 1925 1963 1982 ut
2002 1920 2318 2000 περίζωμα.

384 2019 507 2080 Sed
561 2015 926 2081 ἕλασθεισῶν
984 2022 1097 2100 20,
1145 2022 1258 2100 51,
1310 2023 1348 2082 3
1413 2020 1727 2098 redarguit
1789 2015 2190 2098 ἐξελαθέντες,
2254 2023 2321 2082 in

274 2113 289 2124 “
384 2118 788 2180 deterioribus
826 2123 1130 2181 servatum
1169 2122 1228 2197 4,
1270 2123 1371 2198 67,
1416 2124 1470 2195 1,
1515 2118 1580 2177 in
1614 2119 1923 2196 plerisque
1974 2122 2075 2197 11,
2116 2121 2215 2194 23,
2257 2121 2313 2181 3.

563 2217 913 2293 Imperativi
941 2220 1262 2294 utramque
1299 2218 1555 2278 formam
1599 2217 1690 2276 ita
1735 2220 1807 2277 ut
1839 2219 1938 2295 13,
1979 2220 2080 2292 29,
2110 2219 2147 2278 5
2182 2220 2244 2277 et
2274 2220 2310 2277 6

380 2314 454 2374 fit
492 2315 891 2392 coniunctam,
946 2315 1054 2373 ubi
1096 2317 1510 2391 praecesserat
1564 2310 1987 2393 ’ὑπομενόντων
2045 2318 2107 2375 et
2152 2311 2317 2393 ἐχόν-

383 2432 522 2487 των,
569 2413 631 2470 et
677 2411 951 2487 sequitur
995 2411 1439 2490 παραιτείσθων
1476 2440 1561 2453 --
1598 2408 2191 2490 καταμεμφέσθωσαν
2231 2443 2307 2453 -

384 2504 916 2583 ἕπικαλείσθωσαν,
963 2526 1148 2582 quum
1194 2508 1378 2567 etiam
1414 2508 1556 2568 libri
1600 2510 2031 2587 Xenophontis,
2078 2510 2312 2586 Thucy-

384 2604 557 2682 didis,
603 2603 876 2664 Platonis
914 2622 1092 2681 saepe
1130 2605 1215 2664 sic
1258 2606 1419 2665 inter
1456 2625 1521 2668 se
1556 2609 1937 2669 coniunctam
1976 2607 2312 2684 exhibeant,

381 2720 558 2763 nemo
615 2701 852 2780 dubitet
897 2701 1158 2762 Diodoro
1212 2703 1492 2764 librarios
1539 2705 1867 2781 affluxisse,
1928 2708 2001 2765 ut
2042 2705 2314 2766 tollenda

378 2801 465 2861 sit
508 2800 700 2859 altera
737 2800 1057 2874 etiam.18,
1100 2802 1202 2878 56,
1241 2803 1278 2862 5
1322 2803 1384 2862 et
1432 2803 1488 2881 6,
1536 2804 1640 2863 ubi
1684 2799 2212 2882 καταδεχέσθωσαν
2250 2806 2313 2864 et

378 2893 944 2978 παραγενέσθωσαν.

560 2995 811 3053 Praeter
853 2995 1001 3054 haec
1047 2995 1111 3053 in
1157 2995 1367 3057 formis
1413 2996 1630 3057 vitiosa
1686 2997 1749 3055 et
1794 2996 1871 3056 ab
1920 2996 2184 3056 librariis
2231 2996 2311 3056 ad

342 3169 348 3175 ι
378 3112 555 3154 suam
594 3091 1086 3153 consuetudinem
1124 3092 1364 3154 detorta
1398 3093 1593 3152 multa
1630 3096 1772 3153 sunt
1806 3093 2096 3153 vocabula
2132 3094 2308 3153 modo

380 3192 544 3251 recte
571 3190 748 3250 modo
789 3208 958 3252 secus
998 3190 1240 3268 scripta,
1279 3191 1353 3250 de
1379 3190 1598 3274 quibus
1638 3192 1708 3249 ut
1737 3189 2309 3266 compendifacerem

377 3307 629 3363 operam
665 3288 742 3348 ad
778 3289 939 3348 locos
979 3288 1249 3364 singulos
1289 3288 1639 3364 singulatim
1676 3287 1925 3362 dicendi,
1971 3293 2310 3349 memoratu

526 3489 578 3557 ³¹⁸)
617 3494 669 3557 4,
700 3495 785 3561 54,
816 3498 847 3547 ὅ
885 3489 1163 3563 κέχρημαι
1198 3509 1368 3547 manu
1404 3492 1587 3564 prima
1614 3491 1680 3549 D.
