2569 4061
395 192 485 257 48
1083 190 1393 248 monom
1430 161 1668 247 smU'LI

395 356 657 421 σάντων
721 351 875 438 παρ’
940 354 1166 430 αὐτοῖς
1228 351 1339 418 καὶ
1405 354 1514 419 διὰ
1577 354 1700 437 τὴν
1762 353 2143 438 ὑπερβολὴν
2205 363 2320 437 τῆς

325 483 359 532 6
397 463 989 547 πολυανθρωπίας·
1052 456 1220 546 ὑπὲρ
1287 455 1382 526 ὧν
1436 461 1596 544 μήτε
1661 459 2057 539 ἀποδείξεως
2120 483 2320 545 φερο-

395 566 598 652 μένης
660 568 982 652 μηδεμιᾶς
1045 566 1361 653 ἀκριβοῦς
1424 569 1584 650 μήτε
1648 564 2086 652 συγγραφέως
2145 566 2321 645 ἀξιο-

395 676 635 739 πίστου
688 682 1221 759 μαρτυροῦντος,
1279 673 1404 739 οὐκ
1459 672 1810 759 ἐκρίναμεν
1864 673 2188 760 ὑπάρχειν
2240 676 2321 740 τὰ

395 781 717 865 λεγόμενα
769 789 1034 866 γραφῆς
1089 780 1252 859 ἄξια.
1345 777 1456 845 καὶ
1509 777 1663 865 περὶ
1716 775 1839 864 μὲν
1892 791 2028 845 τῶν
2082 785 2321 846 θεολο-
2347 800 2374 841 5

371 886 746 978 νγουμένων
799 880 955 972 παρ’
1007 887 1403 970 Αἰγυπτίοις
1455 884 1739 952 τοσαῦθ’
1791 886 1952 972 ἡμῖν
1999 889 2317 973 εἰρήσθω,
2359 892 2427 942 35

395 990 903 1077 στοχαζομένοις
956 1001 1071 1075 τῆς
1126 993 1553 1078 συμμετρίας·
1608 989 1760 1078 περὶ
1807 988 1881 1057 δὲ
1934 1001 2052 1076 τῆς
2104 992 2322 1079 χώρας

394 1097 506 1164 καὶ
549 1106 671 1163 τοῦ
709 1100 966 1164 Νείλου
1000 1096 1112 1163 καὶ
1146 1109 1282 1163 τῶν
1329 1099 1551 1164 ἄλλων
1586 1109 1723 1163 τῶν
1769 1098 1971 1183 ἀκοῆς
2008 1097 2210 1177 ἀξίων
2248 1098 2321 1165 ἐν

397 1206 785 1288 κεφαλαίοις
828 1203 1069 1270 ἕκαστα
1116 1203 1429 1283 διεξιέναι
1473 1208 1946 1293 πειρασόμεθα.

290 1310 379 1376 30
567 1306 660 1375 ‘H
692 1312 821 1397 γὰρ
857 1316 1199 1394 Αἴγυπτος
1241 1323 1450 1378 κεῖται
1487 1309 1610 1397 μὲν
1655 1313 1940 1397 μάλιστά
1974 1334 2114 1390 πως
2156 1314 2320 1377 κατὰ
2350 1333 2401 1372 10

397 1419 833 1503 μεσημβρίαν,
880 1417 1232 1504 ὀχυρότητι
1278 1415 1353 1485 δὲ
1389 1427 1642 1505 φυσικῇ
1687 1416 1798 1484 καὶ
1842 1420 2067 1484 κάλλει
2103 1418 2320 1503 χώρας

398 1524 522 1590 οὐκ
566 1524 769 1613 ὀλίγῳ
829 1527 1013 1591 δοκεῖ
1055 1523 1364 1612 προέχειν
1419 1537 1555 1592 τῶν
1601 1527 1697 1602 εἰς
1748 1526 2094 1609 βασιλείαν
2140 1525 2320 1609 ἀφω-

326 1652 358 1699 2
398 1629 732 1718 ρισμένων
787 1635 1028 1698 τόπων.
1120 1632 1248 1698 ἀπὸ
1306 1629 1428 1716 μὲν
1486 1633 1612 1719 γὰρ
1665 1640 1782 1716 τῆς
1837 1633 2092 1710 δύσεως
2154 1633 2322 1717 ὠχύ-

399 1762 613 1825 ρωκεν
666 1738 880 1822 αὐτὴν
931 1738 973 1822 ἡ
1030 1740 1272 1824 ἔρημος
1326 1736 1438 1804 καὶ
1482 1738 1828 1823 θηριώδης
1880 1748 1996 1821 τῆς
2040 1740 2319 1822 Λιβύης,

398 1843 503 1911 ἐπὶ
548 1847 722 1911 πολὺ
776 1841 899 1930 μὲν
944 1846 1496 1931 παρεκτείνουσα,
1545 1845 1656 1909 διὰ
1702 1839 1776 1909 δὲ
1820 1844 1946 1927 τὴν
1992 1843 2321 1929 ἀνυδρίαν
2350 1863 2400 1904 15

396 1949 507 2016 καὶ
579 1953 703 2036 τὴν
768 1952 1013 2018 σπάνιν
1074 1960 1189 2035 τῆς
1253 1949 1512 2035 ἁπάσης
1572 1958 1829 2037 τροφῆς
1892 1952 2135 2037 ἔχουσα
2199 1953 2322 2035 τὴν

399 2057 704 2140 διέξοδον
768 2060 850 2126 ού
913 2062 1124 2144 μόνον
1179 2057 1528 2142 ἐπίπονον,
1594 2057 1762 2123 ἀλλὰ
1814 2055 1925 2124 καὶ
1987 2063 2322 2136 παντελῶς

397 2165 853 2233 ἐπικίνδυνον·
921 2167 992 2232 ἐκ
1048 2161 1122 2231 δὲ
1174 2176 1311 2232 τῶν
1371 2165 1538 2252 πρὸς
1591 2168 1793 2231 νότον
1846 2176 2068 2252 μερῶν
2123 2166 2195 2231 οἵ
2252 2189 2321 2232 τε

396 2274 797 2358 καταράκται
822 2281 945 2338 τοῦ
973 2274 1229 2338 Νείλου
1265 2270 1376 2337 καὶ
1404 2282 1541 2337 τῶν
1569 2271 1750 2358 ὀρῶν
1775 2273 1857 2337 τὰ
1884 2274 2321 2359 συνορίζοντα

329 2396 361 2444 3
400 2378 686 2454 τούτοις·
736 2378 863 2444 ἀπὸ
899 2380 1027 2465 γὰρ
1072 2387 1188 2461 τῆς
1233 2379 1779 2463 Τρωγλοδυτικῆς
1814 2376 1924 2444 καὶ
1961 2389 2096 2444 τῶν
2134 2379 2322 2464 ἐσχά-
2350 2398 2402 2437 20

396 2507 532 2549 των
595 2492 711 2568 τῆς
773 2486 1137 2561 Αἰθιοπίας
1200 2496 1424 2571 μερῶν
1488 2484 1674 2563 ἐντὸς
1737 2488 2026 2552 σταδίων
2088 2508 2321 2552 πεντα-

397 2593 742 2676 κισχιλίων
794 2589 906 2657 καὶ
963 2593 1419 2657 πεντακοσίων
1474 2592 1626 2657 οὔτε
1690 2597 1970 2659 πλεῦσαι
2027 2594 2138 2658 διὰ
2200 2602 2323 2658 τοῦ

400 2707 702 2784 ποταμοῦ
749 2694 991 2787 ῥᾴδιον
1037 2698 1190 2764 οὔτε
1234 2703 1392 2785 πεζῇ
1439 2707 1858 2787 πορευθῆναι
1903 2702 1991 2785 μὴ
2038 2702 2321 2786 τυχόντα

328 2819 365 2870 4
400 2806 745 2887 βασιλικῆς
780 2802 822 2888 ἢ
869 2808 1206 2882 παντελῶς
1241 2807 1530 2891 μεγάλης
1573 2809 1754 2885 τινὸς
1790 2809 2118 2893 χορηγίας.
2188 2817 2323 2871 τῶν

401 2907 476 2976 δὲ
529 2911 696 2997 πρὸς
748 2911 874 2994 τὴν
928 2911 1261 2996 ἀνατολὴν
1316 2916 1655 2979 νευόντων
1708 2925 1928 3000 μερῶν
1980 2913 2062 2976 τὰ
2115 2908 2237 2996 μὲν
2285 2911 2321 2977 ὁ
2351 2930 2404 2971 25

398 3019 689 3104 ποταμὸς
735 3017 1067 3105 ὠχύρωκε,
1113 3020 1195 3084 τὰ
1242 3017 1304 3085 δ’
1358 3022 1598 3137 ἔρημος
1642 3018 1926 3106 περιέχει
1970 3016 2082 3083 καὶ
2125 3019 2322 3084 πεδία

541 3181 574 3230 3
623 3176 903 3263 μηδεμιᾶς
939 3171 1240 3246 ἀξιολόγου
1290 3174 1427 3246 μήτε
1467 3175 1841 3264 συγγραφέων
1888 3176 2139 3246 νομίμων
2179 3196 2320 3263 μαρ-

397 3266 606 3371 15:²23&
610 3266 847 3387 ἓῖἔρῖεἷῗ
868 3243 1172 3406 ἐΐέζῗῗςῗ
1192 3247 1431 3375 ἕῗῗιΜ
1471 3324 1501 3372 ⁷
1530 3243 2067 3387 ἶξῖαξέμῖζῖῗ”ίῧ“
2087 3265 2319 3375 ὀἕῖιῖι

315 3437 324 3445 ,
397 3383 599 3469 ἄλλων..ν
619 3405 727 3443 om.
769 3389 816 3442 D
966 3395 1034 3443 14
1071 3384 1107 3458 ἦ
1144 3408 1204 3445 τε
1244 3387 1448 3457 ἕρημος
1485 3389 1580 3443 καὶ
1619 3386 1653 3458 ἡ
1692 3393 1755 3445 θ.
1796 3388 1883 3443 CF
2007 3395 2078 3444 20
2116 3409 2320 3458 τρωγο-

400 3456 527 3508 δυτι
475 3457 631 3524 τικῆς
668 3457 715 3510 D
862 3465 928 3514 21
968 3479 1203 3515 πεντακι
1186 3478 1298 3529 ιισχ
1278 3461 1433 3514 ιλίων
1472 3458 1568 3515 καὶ
1607 3476 1714 3519 om.
1755 3460 1821 3516 D.
