2569 4061
1030 325 1107 381 IV
1149 331 1232 382 19.
1261 331 1347 381 20.
1377 332 1461 380 21.
2069 325 2203 389 427

282 489 620 575 ἐγχωρίων
665 498 809 565 ταῖς
854 486 1193 573 ἐργασίαις
1245 485 1355 554 καὶ
1402 498 1547 565 ταῖς
1591 497 1709 572 τῆς
1753 494 2206 565 κακοπαθειας

279 595 680 681 ὑπερβολαῖς
725 591 914 681 φέρει
960 597 1255 681 καρποὺς
1304 595 1472 679 πρὸς
1515 597 1672 679 βίαν
1719 595 2003 679 ὀλίγους.
2096 594 2203 660 διὸ

278 699 391 766 καὶ
450 711 593 778 τοῖς
655 702 881 784 ὄγκοις
945 698 1073 765 εἰσὶ
1147 698 1668 784 συνεσταλμένοι
1730 699 1841 766 καὶ
1906 703 2019 766 διὰ
2081 700 2206 783 τὴν

279 816 523 891 συνεχῆ
570 807 949 892 γυμνασίαν
993 806 1256 871 εὔτονοι
1269 825 1284 842 ·
1339 814 1456 889 τῆς
1498 807 1626 893 γὰρ
1672 807 1837 871 κατὰ
1882 807 2006 890 τὴν
2049 829 2205 892 τρυ-

224 930 253 971 5
281 912 421 997 φὴν
467 913 811 999 ῥᾳστώνης
845 915 1019 978 πολὺ
1064 910 1539 998 κεχωρισμένοι
1577 910 1856 999 ἐλαφροὶ
1904 909 2026 997 μὲν
2061 923 2205 989 ταῖς

279 1019 687 1104 εὐκινησίαις
731 1021 924 1103 εἰσίν,
972 1018 1046 1084 ἐν
1085 1016 1159 1085 δὲ
1202 1029 1360 1095 τοῖς,
1380 1023 1761 1102 πολεμικοῖς
1806 1018 2014 1102 ἀγῶσι
2060 1028 2205 1095 ταῖς

280 1125 510 1202 ἀλκαῖς
557 1126 890 1211 διάφοροι.
955 1129 1258 1191 καθόλου
1307 1121 1381 1190 δὲ
1428 1136 1563 1191 τῶν
1608 1126 2089 1210 πλησιοχώρων
2125 1126 2200 1190 τὸ
2239 1144 2270 1192 2

277 1242 513 1298 πονεῖν
564 1241 859 1315 συνεχῶς
903 1231 1318 1316 ἠσκηκότων,
1366 1229 1478 1296 καὶ
1521 1240 1639 1316 τῆς
1691 1232 1909 1319 χώρας
1952 1235 2202 1313 πολλῆς

279 1338 590 1425 ἐργασίας
633 1334 1151 1422 προσδεομένης,
1200 1339 1496 1402 εἰθίκασι
1541 1340 1656 1414 τὰς
1700 1346 2021 1420 γυναῖκας
2066 1348 2201 1402 τῶν

195 1462 250 1502 1⁰
276 1449 745 1511 κακοπαθειῶν
788 1451 924 1507 τῶν
969 1441 1044 1507 ἐν
1079 1452 1224 1518 ταῖς
1269 1441 1607 1528 ἐργασίαις
1642 1447 2011 1521 κοινωνοὺς
2055 1465 2201 1510 ποι-

277 1556 519 1615 εῖσθαι.
593 1553 847 1631 μισθοῦ
894 1543 969 1612 δὲ
1013 1541 1169 1633 παρ’
1209 1546 1521 1630 ἀλλήλοις
1564 1546 2021 1632 ἐργαζομένων
2063 1561 2200 1616 τῶν

274 1679 346 1721 τε
393 1654 662 1739 ἀνδρῶν
696 1649 805 1718 καὶ
853 1663 990 1718 τῶν
1024 1663 1384 1736 γυναικῶν,
1434 1653 1612 1717 ἴδιόν
1646 1675 1711 1716 τι
1757 1651 1867 1718 καὶ
1903 1656 2199 1739 παράδο-

275 1760 393 1839 ξον
437 1757 593 1826 καθ’
636 1759 807 1844 ἡμᾶς
852 1756 1101 1843 συνέβη
1140 1756 1293 1844 περὶ
1339 1761 1499 1842 μίαν
1534 1768 1817 1841 γυναῖκα
1862 1758 2199 1841 γενέσθαι.

274 1869 511 1951 ἔγκυος
555 1867 684 1952 γὰρ
727 1860 898 1932 οὖσα
942 1863 1052 1931 καὶ
1099 1866 1261 1950 μετὰ
1299 1874 1435 1930 τῶν
1481 1863 1751 1950 ἀνδρῶν
1798 1862 2195 1951 ἐργαζομένη
2235 1886 2267 1933 3

193 1989 246 2032 15
274 1980 550 2060 μισθοῦ,
589 1970 831 2059 μεταξὺ
860 1970 1268 2058 συνεχομένη
1308 1982 1453 2050 ταῖς
1490 1971 1728 2038 ὠδῖσιν
1764 1970 2067 2055 ἀπῆλθεν
2104 1977 2199 2050 εἴς

273 2103 458 2157 τινας
512 2080 819 2164 θάμνους
873 2079 1257 2165 ἀθορύβως·
1316 2077 1390 2145 ἐν
1446 2070 1548 2156 οἷς
1599 2087 1913 2162 τεκοῦσα,
1964 2076 2074 2143 καὶ
2119 2080 2195 2143 τὸ

272 2188 545 2251 παιδίον
591 2186 875 2271 φύλλοις
920 2184 1336 2269 ἐνειλήσασα,
1382 2193 1581 2251 τοῦτο
1619 2181 1744 2269 μὲν
1789 2183 2193 2270 ἀπέκρυψεν,

166 2312 271 2362 266
291 2292 454 2375 αὐτὴ
519 2288 593 2358 δὲ
657 2291 1033 2376 συμμίξασα
1092 2302 1233 2368 τοῖς
1293 2289 1752 2377 ἐργαζομένοις
1805 2291 1930 2374 τὴν
1986 2291 2197 2374 αὐτὴν

273 2396 552 2474 ἐκείνοις
619 2396 931 2482 ὑπέμεινε
1002 2398 1461 2463 κακοπάθειαν
1478 2446 1497 2481 ,
1570 2393 1774 2462 οὐδὲν
1838 2397 2196 2480 δηλώσασα

193 2520 249 2560 20
274 2501 425 2588 περὶ
469 2512 592 2567 τοῦ
638 2505 1148 2588 συμβεβηκότος.
1221 2511 1342 2568 τοῦ
1388 2500 1684 2588 βρέφους
1731 2498 1805 2567 δὲ
1849 2506 2195 2587 κλαυθμυ-

274 2606 653 2694 ριζομένου,
699 2606 811 2674 καὶ
855 2617 970 2693 τῆς
1022 2608 1320 2696 πράξεως
1373 2616 1669 2694 φανερᾶς
1717 2606 2109 2694 γενομένης,
2158 2608 2194 2674 ὁ

273 2711 395 2799 μὲν
432 2713 807 2800 ἐφεστηκὼς
853 2714 1163 2799 οὐδαμῶς
1197 2714 1492 2797 ἠδύνατο
1537 2723 1759 2780 πεῖσαι
1804 2716 2195 2782 παύσασθαι

269 2832 407 2886 τῶν
452 2823 691 2907 ἔργων·
745 2820 787 2904 ἡ
836 2815 898 2885 δ’
952 2820 1034 2885 οὐ
1078 2823 1407 2906 πρότερον
1454 2820 1700 2906 ἀπέστη
1748 2830 1864 2906 τῆς
1907 2843 2195 2888 κακοπα-

270 2929 483 3010 θείας,
530 2925 655 3003 ἕως
692 2926 728 2992 ὁ
775 2927 1287 3011 μισθωσάμενος
1324 2925 1595 3011 ἐλεήσας
1631 2924 1739 2993 καὶ
1784 2928 1904 2993 τὸν
1939 2927 2194 3011 μισθὸν

189 3049 243 3090 25
272 3032 567 3111 ἀποδοὺς
612 3032 896 3099 ἀπέλυσε
942 3043 1076 3098 τῶν
1121 3035 1356 3119 ἔργων.

438 3134 771 3224 εΗρακλῆς
816 3135 891 3205 δὲ
947 3139 1240 3204 διελθὼν
1284 3141 1410 3221 τήν
1462 3161 1532 3203 τε
1578 3148 1714 3203 τῶν
1757 3136 2037 3219 Λιγύων
2080 3133 2192 3201 καὶ
2210 3135 2295 3200 21

267 3243 393 3326 τὴν
448 3255 582 3310 τῶν
646 3248 1015 3330 Τυρρηνῶν
1068 3244 1325 3329 χώραν,
1389 3245 1798 3325 καταντήσας
1850 3242 2018 3324 πρὸς
2069 3243 2191 3306 τὸν

410 3443 441 3490 2
536 3438 627 3492 lov
665 3437 713 3492 G
861 3441 925 3490 11
984 3431 1125 3505 παρ’
1167 3452 1276 3489 om.
1315 3434 1370 3487 II
1518 3439 1584 3489 16
1637 3428 1699 3488 ἐν
1746 3430 1830 3494 οἷς
1905 3429 1986 3495 εἰς
2022 3425 2093 3493 ἃς
2137 3430 2191 3484 II

268 3514 333 3561 17
353 3505 479 3631 ἐιὲν
546 3509 628 3570 εἴς
663 3527 823 3570 τινας
859 3506 1126 3577 θάμνους
1162 3505 1292 3560 add.
1332 3504 1567 3572 οοᾶὶοθε,
1607 3504 1715 3558 del.
1753 3502 1831 3557 Be
1873 3502 1977 3556 ker
2122 3506 2189 3556 19

265 3572 348 3632 ὑπ
381 3597 516 3647 μενε
557 3578 665 3634 OF
769 3583 840 3633 20
877 3577 942 3634 δὲ
981 3575 1231 3650 βρέφους
1265 3576 1419 3647 vulg.
1531 3581 1600 3630 26
1638 3573 1739 3630 καὶ
1764 3570 1894 3645 τὴν]
1933 3575 2031 3628 καὶ
2072 3572 2190 3628 OF.
