2569 4061
927 420 952 473 1
991 426 1078 474 42.
1116 426 1203 475 43.
1241 425 1326 474 44.
1496 480 1503 485 ,
2023 420 2102 484 77

185 584 415 668 λάμων
458 585 665 669 ἔχειν,
718 583 1192 668 δοκιμάζοντας
1238 581 1588 668 ἀρκεῖσθαι
1633 586 1856 671 ταύτῃ.
1950 588 2109 649 πολ·
2147 587 2178 636 5

183 693 344 767 λοὺς
399 687 472 755 δὲ
527 692 814 778 χρόνους
866 689 1081 779 τούτῳ
1136 697 1228 777 τῷ
1290 690 1416 777 βίω
1474 690 1981 773 διεξαγαγόντας
2033 692 2108 756 τὸ

183 802 567 863 τελευταῖον
613 795 720 862 ἐπὶ
764 800 924 875 τοὺς
967 795 1340 880 ἐδωδίμους
1385 798 1749 880 μεταβῆναι
1792 800 2107 884 καρπούς,

66 914 144 964 53
184 898 282 969 ὧν
336 897 507 968 εἶναι
561 901 674 969 καὶ
726 905 847 969 τὸν
902 902 973 970 ἐκ
1026 912 1148 969 τοῦ
1204 908 1422 968 λωτοῦ
1477 903 1835 986 γινόμενον
1887 906 2109 988 ἄρτον.

126 1036 154 1077 5
182 1007 297 1075 καὶ
339 1012 598 1077 τούτων
650 1011 776 1094 τὴν
821 1010 1086 1097 εὕρεσιν
1142 1010 1214 1100 οἱ
1263 1005 1387 1093 μὲν
1434 1009 1528 1086 εἰς
1570 1009 1696 1091 τὴν
1739 999 1904 1073 Ἶσιν
1955 1008 2111 1074 ἀνα-

188 1114 537 1203 φέρουσιν,
585 1118 659 1182 οἱ
699 1110 761 1182 δ’
804 1122 902 1194 εἷς
933 1139 1085 1181 τινα
1120 1126 1258 1181 τῶν
1292 1120 1596 1182 παλαιῶν
1631 1112 1960 1199 βασιλέων
1995 1116 2112 1181 τὸν

187 1223 679 1310 ὀνομαζόμενον
713 1227 981 1308 Μηνᾶν.
1058 1222 1129 1288 oc
1161 1220 1222 1286 δ’
1248 1222 1468 1308 ”ίερεῖς
1503 1222 1783 1308 εὑρετὴν
1818 1232 1953 1287 τῶν
1990 1218 2113 1305 μὲν
2150 1226 2182 1275 6

187 1331 509 1396 παιδειῶν
553 1328 666 1397 καὶ
710 1341 845 1396 τῶν
888 1339 1140 1414 τεχνῶν
1184 1333 1646 1413 μυθολογοῦσι
1698 1330 1819 1395 τὸν
1861 1326 2114 1414 Ἑρμῆν

187 1432 567 1520 γεγονέναι,
630 1445 768 1501 τῶν
833 1430 893 1500 δ’
961 1436 1059 1511 εἰς
1120 1434 1241 1499 τὸν
1303 1436 1456 1516 βίον
1514 1435 1893 1519 ἀναγκαίων
1955 1437 2115 1512 τοὺς

102 1568 163 1608 10
190 1544 513 1624 βασιλεῖς·
561 1543 669 1607 διὸ
705 1539 818 1606 καὶ
862 1541 938 1606 τὸ
975 1541 1262 1606 παλαιὸν
1307 1542 1806 1626 παραδίδοσθαι
1845 1543 1961 1620 τὰς
1996 1545 2114 1626 βα-

188 1650 441 1724 σιλείας
485 1648 574 1730 μὴ
621 1656 761 1723 τοῖς
807 1645 1107 1728 ἐκγόνοις
1150 1652 1287 1710 τῶν
1333 1645 1704 1730 ἀρξάντων,
1756 1648 1921 1714 ἀλλὰ
1973 1658 2114 1726 τοῖς

187 1757 472 1818 πλεῖστα
514 1750 627 1816 καὶ
673 1749 944 1834 μέγιστα
998 1751 1074 1816 τὸ
1120 1756 1381 1833 πλῆθος
1430 1751 1926 1837 εὐεργετοῦσιν,
1986 1758 2114 1818 εἴτε

190 1853 758 1941 προκαλουμένων
819 1867 957 1922 τῶν
1020 1855 1405 1943 ἀνθρώπων
1466 1860 1624 1934 τοὺς
1686 1856 1792 1943 ἐφ’
1864 1856 2160 1923 ἑαυτῶν,

187 1964 487 2046 βασιλεῖς
526 1961 638 2029 ἐπὶ
693 1964 816 2048 τὴν
868 1963 1106 2048 κοινὴν
1151 1963 1571 2049 εὐεργεσίαν,
1632 1969 1761 2029 εἴτε
1815 1961 1927 2029 καὶ
1970 1957 2112 2028 κατ’

103 2098 159 2140 15
189 2068 520 2153 ἀλήθειαν
564 2069 639 2135 ἐν
683 2081 825 2148 ταῖς
871 2071 1079 2158 ἱεραῖς
1124 2070 1546 2156 ἀναγραφαῖς
1584 2069 1759 2137 οὕτω
1805 2074 2118 2157 παρειληψ

191 2177 437 2259 φότων.

364 2285 859 2365 Μυθολογοῦσι
915 2281 975 2347 δ’
1032 2283 1253 2349 αὐτῶν
1311 2305 1489 2359 τινες
1541 2284 1617 2348 τὸ
1675 2279 1799 2367 μὲν
1852 2293 2118 2367 πρῶτον
2136 2289 2225 2352 44

190 2379 381 2471 ἄρξαι
432 2395 549 2470 τῆς
602 2388 967 2471 Αἰγύπτου
1004 2391 1213 2464 θεοὺς
1275 2386 1388 2454 καὶ
1450 2388 1672 2474 ἥρωας
1737 2388 1848 2471 ἔτη
1903 2389 2119 2472 βραχὺ

190 2493 504 2558 λείποντα
548 2503 686 2560 τῶν
729 2497 991 2580 μυρίων
1034 2492 1146 2559 καὶ
1195 2494 1728 2579 ὀκτακισχιλίων,
1780 2491 1890 2560 καὶ
1935 2500 2118 2560 θεῶν

106 2628 164 2670 20
191 2599 470 2679 ἔσχατον
512 2601 904 2683 βασιλεῦσαι
946 2601 1067 2665 τὸν
1103 2599 1358 2679 Ἴσιδος
1401 2593 1631 2688 Ὦρον·
1687 2599 1797 2666 ὑπ’
1854 2601 2115 2683 ἀνθρώ-

191 2721 337 2768 πων
374 2701 447 2769 δὲ
492 2706 617 2790 τὴν
660 2706 887 2792 χώραν
933 2709 1464 2790 βεβασιλεῦσθαί
1501 2724 1712 2793 φασιν
1751 2707 1905 2789 [ἀπὸ
1942 2711 2115 2774 Μοί-

190 2811 403 2894 ριδος]
452 2812 563 2896 ἔτη
610 2816 825 2899 βραχὺ
872 2817 1183 2881 λείποντα
1229 2824 1368 2880 τῶν
1412 2819 1961 2900 πεντακισχιλίων
2008 2814 2118 2899 με’-

187 2939 298 3003 χρι
324 2926 441 3002 τῆς
469 2916 820 3004 ἑκατοστῆς
854 2918 966 2986 καὶ
1003 2921 1456 3005 ὀγδοηκοστῆς
1482 2922 1912 3008 ὀλυμπιάδος,
1951 2919 2111 2988 καθ’

186 3021 275 3105 ’ἣν
319 3022 508 3109 ἡμεῖς
550 3023 674 3111 μὲν
717 3028 1179 3114 παρεβάλομεν
1224 3030 1322 3105 εἰς
1359 3034 1727 3113 Αἴγυπτον,
1775 3028 2117 3112 ἐβασίλευε

109 3159 162 3202 25
191 3125 267 3193 δὲ
312 3134 728 3216 Πτολεμαῖος
774 3132 810 3198 ὁ
855 3132 1007 3211 νέος
1050 3136 1392 3210 Διόνυσος
1440 3139 1870 3220 χρηματίζων.
1962 3134 2122 3199 τού·
2157 3157 2187 3204 2

189 3258 324 3300 των
366 3233 441 3301 δὲ
486 3238 569 3301 τὰ
613 3233 737 3322 μὲν
780 3244 1055 3305 πλεῖστα
1099 3251 1457 3325 κατασχεῖν
1500 3242 1624 3325 τὴν
1673 3242 1884 3326 ἀρχὴν
1921 3237 2120 3320 ἐγχω-

190 3343 381 3426 ρίους
425 3345 742 3428 βασιλεῖς,
787 3345 980 3429 ὀλίγα
1027 3343 1101 3411 δὲ
1149 3348 1489 3424 Αὐθίοπας
1533 3346 1644 3413 καὶ
1693 3345 1966 3430 Πέρσας
2010 3340 2120 3407 καὶ

337 3539 369 3589 2
410 3532 778 3606 διεξάγοντας
811 3536 969 3606 libri,
1022 3554 1164 3593 corr·
1201 3537 1446 3592 Dindorf
1587 3545 1616 3593 '¹1
1655 3535 1762 3606 μὲν
1799 3532 1913 3586 τῶν
1967 3531 2120 3599 libri,

194 3621 333 3660 corr.
373 3605 541 3663 Dind.
686 3613 719 3663 8
755 3605 855 3663 τὸν
895 3625 1002 3663 om.
1042 3608 1083 3663 C
1232 3612 1298 3662 18
1337 3607 1460 3677 καὶ]
1499 3626 1558 3660 τε
1606 3607 1703 3660 καὶ
1743 3602 1895 3672 vulg.
2053 3609 2120 3656 21

194 3677 431 3745 μυρίὸος
465 3679 534 3748 D,
589 3677 866 3751 μυριάδας
901 3679 983 3747 F?
1040 3679 1149 3734 del.
1188 3677 1356 3732 Dind.
1548 3680 1619 3728 24
1659 3672 2015 3744 ἐβασίλευσεν
2053 3671 2122 3722 D.
