2569 4061
373 306 508 371 424
1041 304 1347 362 DIODORI
1383 304 1616 363 SICULI

308 491 343 540 2
379 470 727 545 τεύσαντες
771 465 872 533 ἐπ’
908 467 1119 551 αὐτὴν
1162 468 1387 553 κύριοι
1431 466 1856 551 κατέστησαν.
1923 469 1959 534 ὁ
2008 468 2071 533 δ’
2096 467 2300 554 Ἡρα-

375 581 536 658 κλῆς
599 574 858 658 πολλὴν
918 583 1037 658 τῆς
1089 575 1351 659 Λιβύης
1413 573 1719 640 ἐπελθὼν
1778 580 2127 661 παρῆλθεν
2190 574 2300 640 ἐπὶ

375 682 495 746 τὸν
529 680 699 766 πρὸς
739 682 1089 767 Γαδείροις
1121 681 1438 760 ὠκεανόν,
1475 680 1586 746 καὶ
1624 684 1866 766 στήλας
1900 684 2095 747 ἔθετο
2131 679 2292 747 καθ’

378 785 695 874 ἑκατέραν
748 799 884 853 τῶν
941 787 1252 873 ήπείρων.
1345 785 1976 871 συμπαραπλέοντος
2040 784 2114 853 δὲ
2177 796 2301 852 τοῦ

381 896 626 960 στόλου
664 894 899 978 διαβὰς
935 895 1029 970 εἰς
1063 895 1188 977 τὴν
1216 892 1529 980 Ἰβηρίαν,
1568 891 1679 959 καὶ
1713 894 2105 977 καταλαβὼν
2141 897 2414 969 vobs-264

382 1002 778 1087 Χρυσάορος
803 1000 995 1076 υἱοὺς
1029 998 1206 1083 τρισὶ
1239 1000 1564 1084 δυνάμεσι
1598 1002 1915 1084 μεγάλαις
1948 1015 2301 1084 κατεστρα-
2328 1035 2357 1074 6

381 1109 857 1182 τοπεδευκότας
895 1106 965 1171 ἐκ
1004 1107 1466 1189 διαστήματος,
1502 1108 1754 1183 πάντας
1788 1109 1948 1182 τοὺς
1971 1105 2302 1190 ἡγεμόνας

382 1211 455 1278 ἐκ
507 1214 932 1298 προκλήσεως
999 1210 1255 1276 ἀνελὼν
1309 1210 1420 1276 καὶ
1473 1212 1597 1295 τὴν
1643 1207 1936 1298 Ἰβηρίαν
1988 1213 2305 1298 χειρωσά-

381 1340 580 1401 μενος
607 1316 897 1401 ἀπήλασε
933 1317 1050 1393 τὰς
1088 1316 1632 1402 διωνομασμένας
1666 1329 1803 1383 τῶν
1829 1321 2013 1401 βοῶν
2048 1315 2301 1400 ἀγέλας.

312 1443 347 1491 3
387 1420 649 1499 διεξιὼν
677 1417 752 1487 δὲ
788 1422 911 1505 τὴν
937 1434 1074 1488 τῶν
1103 1417 1382 1508 Ἰβήρων
1408 1425 1653 1509 χώραν,
1689 1422 1798 1489 καὶ
1830 1421 2136 1509 τιμηθεὶς
2171 1423 2303 1489 ὑπό
2333 1442 2390 1481 10

382 1551 568 1605 τινος
612 1539 748 1594 τῶν
789 1528 1128 1615 ἐγχωρίων
1172 1529 1517 1614 βασιλέως,
1564 1530 1811 1614 ἀνδρὸς
1847 1531 2149 1618 εὐσεβείᾳ
2192 1527 2305 1595 καὶ

387 1636 781 1722 δικαιοσύνῃ
829 1635 1297 1722 διαφέροντος,
1343 1633 1648 1701 κατέλιπε
1693 1635 1891 1721 μέρος
1944 1648 2079 1702 τῶν
2123 1640 2306 1720 βοῶν

386 1741 459 1807 ἐν
518 1743 798 1827 δωρεαῖς
850 1750 942 1831 τῷ
998 1745 1273 1826 βασιλεῖ.
1365 1741 1402 1806 ὁ
1451 1738 1525 1807 δὲ
1569 1744 1795 1826 λαβὼν
1841 1742 2099 1820 ἁπάσας
2140 1749 2308 1808 καθ-

393 1847 668 1935 ιέρωσεν
687 1844 1022 1931 Ἡρακλεῖ,
1050 1845 1160 1912 καὶ
1195 1845 1337 1913 κατ’
1365 1845 1676 1912 ἐνιαυτὸν
1712 1848 1783 1913 ἐκ
1818 1849 2075 1914 τούτων
2102 1851 2310 1913 ἔθυεν

390 1955 568 2043 αὐτῷ
613 1957 732 2020 τὸν
776 1953 1293 2017 καλλιστεύοντα
1336 1963 1471 2017 τῶν
1515 1953 1808 2039 ταύρων·
1863 1955 1980 2030 τὰς
2027 1949 2098 2018 δὲ
2142 1954 2309 2036 βοῦς
2339 1972 2396 2012 15

270 2099 281 2122 .
387 2061 800 2147 τηρουμένας
837 2058 1084 2144 συνέβη
1117 2061 1296 2146 ἱερὰς
1324 2060 1847 2144 διαμεῖναικατά
1880 2058 2312 2146 τὴνἸβηρίαν

388 2166 577 2253 μέχρι
621 2179 757 2234 τῶν
800 2166 955 2234 καθ’
1006 2167 1177 2251 ἡμᾶς
1220 2177 1488 2264 καιρῶν.

318 2294 353 2341 4
558 2269 787 2361 Ἡμεῖς
816 2268 877 2338 δ’
904 2272 1043 2340 ἐπεὶ
1071 2272 1220 2360 περὶ
1247 2270 1798 2359 τῶν““Ηρακλέους
1826 2277 2086 2356 στηλῶν
2116 2272 2313 2355 ἐμνή-
2407 2349 2416 2356 ἢ

392 2390 674 2467 σθημεν,
706 2384 955 2447 οἰκεῖον
983 2375 1155 2446 εἶναι
1184 2382 1536 2465 νομίζομεν
1562 2377 1713 2464 περὶ
1742 2378 1964 2444 αὐτῶν
1993 2379 2311 2444 διελθεῖν.

382 2485 713 2572 εΗρακλῆς
750 2490 875 2573 γὰρ
903 2488 1311 2571 παραβαλὼν
1348 2488 1441 2563 εἰς
1468 2486 1583 2562 τὰς
1618 2487 1823 2571 ἄκρας
1848 2496 1983 2550 τῶν
2020 2485 2316 2570 ἠπείρων
2343 2504 2402 2544 20

392 2595 509 2669 τὰς
534 2595 715 2673 παρὰ
741 2595 861 2658 τὸν
894 2594 1192 2658 ὠκεανὸν
1217 2590 1522 2676 κειμένας
1548 2600 1665 2675 τῆς
1693 2616 1764 2658 τε
1783 2592 2044 2675 Λιβύης
2071 2589 2182 2656 καὶ
2198 2599 2317 2673 τῆς

393 2699 723 2784 Εὐρώπης
761 2701 931 2780 ἔγνω
969 2707 1085 2781 τῆς
1113 2699 1457 2782 στρατείας
1493 2697 1748 2763 θέσθαι
1785 2700 2025 2781 στήλας
2055 2697 2316 2773 ταύτας.

393 2807 802 2890 βουλόμενος
831 2798 894 2868 δ’
920 2803 1319 2888 ἀείμνηστον
1347 2806 1547 2890 ἔργον
1575 2801 1676 2869 ἐπ’
1698 2804 1877 2893 αὐτῷ
1907 2802 2318 2888 συντελέσαι,

323 2929 356 2977 5
395 2909 562 2998 φασὶ
606 2912 722 2987 τὰς
766 2911 973 2994 ἄκρας
1010 2907 1387 2996 ἀμφοτέρας
1433 2909 1540 2976 ἐπὶ
1575 2914 1748 2976 πολὺ
1792 2921 2159 2996 προχῶσαι·
2208 2911 2316 2975 διὸ

393 3017 505 3086 καὶ
558 3021 885 3107 πρότερον
952 3018 1369 3100 διεστηκυίας
1425 3011 1536 3082 ἀπ’
1580 3016 1885 3099 ἀλλήλων
1946 3019 2120 3081 πολὺ
2176 3016 2320 3081 διά-
2348 3033 2406 3074 25

395 3143 632 3209 στημα,
681 3135 1084 3208 συναγαγεῖν
1120 3125 1239 3188 τὸν
1276 3124 1489 3208 πόρον
1534 3125 1630 3198 εἰς
1666 3124 1925 3205 στενόν,
1964 3123 2141 3199 ὅπως
2177 3121 2320 3187 ἁλι-

394 3240 629 3307 τενοῦς
672 3229 783 3295 καὶ
839 3239 1078 3295 στενοῦ
1124 3227 1492 3313 γενομένου
1546 3229 1880 3312 κωλύηται
1933 3229 2015 3293 τὰ
2069 3228 2321 3313 μεγάλα

539 3424 572 3470 6
604 3416 846 3486 μεγάλαι
848 3437 876 3480 ς
904 3435 1013 3474 om.
1045 3418 1133 3471 GE
1265 3426 1330 3473 13
1371 3420 1554 3489 δωρεᾷ
1593 3418 1645 3470 ΙΙ
1775 3424 1842 3471 16
1889 3415 2061 3489 κατὰ]
2099 3419 2231 3488 περὶ
2267 3420 2321 3472 D

394 3490 532 3536 21τ
501 3487 670 3549 τῆςτ
637 3505 740 3540 τ.ε
819 3483 1144 3555 ,Εὐρωπης
1182 3506 1289 3543 om.
1329 3488 1435 3541 ΕΜ
1507 3494 1577 3541 24
1612 3489 1935 3573 προσχῶσαι
1974 3489 2023 3544 G
2090 3489 2183 3543 διὸ
2222 3489 2321 3543 καὶ.

393 3566 501 3613 pos
474 3555 525 3601 st
554 3554 836 3623 διάστημα
865 3561 1228 3625 transponere
1258 3557 1455 3611 malim
1529 3563 1597 3611 26
1627 3553 1921 3620 ἁλιτενοῦς
1948 3559 2046 3613 καὶ
2076 3577 2181 3615 om.
2214 3558 2321 3615 ΟΕ.
