2569 4061
1051 326 1129 381 IV
1165 333 1252 381 44.
1282 330 1368 382 45.
2022 326 2154 391 465

227 490 448 574 ἀπλῆν
508 486 666 555 οὐδὲ
723 486 1347 574 συμπεφωνημένην
1402 488 1703 574 ἱστορίαν
1762 492 1938 573 ἔχειν
1997 505 2160 574 συμ-

226 596 494 680 βέβηκε·
568 596 798 681 διόπερ
860 594 942 660 οὐ
1000 595 1126 680 χρὴ
1172 595 1578 678 θαυμάζειν,
1639 593 1757 659 ἐάν
1815 618 1964 660 τινα
2023 605 2160 660 τῶν
2196 615 2227 664 6

231 700 900 787 ἀρχαιολογουμένων
955 702 1042 785 μὴ
1103 702 1483 786 συμφώνως
1532 700 1735 764 ἅπασι
1784 711 1923 778 τοῖς
1969 722 2159 785 ποιη-

229 819 376 886 ταῖς
419 806 527 874 καὶ
575 816 1038 893 συγγραφεῦσι
1093 809 1574 894 συγκρίνωμεν.
1667 806 1749 872 οὐ
1806 808 1938 891 μὴν
1993 808 2159 873 ἀλλὰ

172 936 200 977 5
229 913 341 981 καὶ
386 918 544 994 τοὺς
602 916 917 991 Φινείδας
963 912 1221 995 λέγεται
1266 913 1390 996 τὴν
1435 915 1781 997 βασιλείαν
1825 915 2158 998 παραδόν-

227 1044 345 1099 τας
382 1030 462 1107 τῇ
501 1019 700 1106 μητρὶ
728 1020 1125 1107 Κλεοπάτρα
1159 1029 1646 1105 συστρατεῦσαι
1683 1030 1821 1097 τοῖς
1860 1019 2157 1105 ἀριστεῦ-

230 1145 358 1193 σιν.
441 1125 854 1212 ἀναχθέντας
903 1123 963 1190 δ’
1018 1126 1262 1203 αὐτοὺς
1308 1126 1381 1192 ἐκ
1424 1135 1541 1210 τῆς
1584 1124 1847 1215 Θρᾴκης
1890 1125 2003 1192 καὶ
2049 1150 2155 1192 κο-
2195 1144 2225 1194 7

228 1233 592 1319 μισθέντας
655 1234 751 1310 εἰς
807 1234 926 1298 τὸν
988 1234 1256 1300 Πόντον
1315 1245 1633 1319 προσχεῖν
1689 1243 1771 1321 τῇ
1839 1238 2156 1321 Ταυρικῇ,

227 1343 352 1425 τὴν
399 1340 756 1425 ἀγριότητα
810 1350 946 1404 τῶν
997 1339 1337 1425 ἐγχωρίων
1383 1340 1816 1423 ἀγνοοῦντας·
1871 1344 2157 1426 νόμιμον

145 1468 201 1507 10
227 1449 354 1532 γὰρ
404 1442 578 1511 εἶναι
618 1456 758 1522 τοῖς
792 1446 915 1529 τὴν
950 1446 1177 1531 χώραν
1211 1446 1461 1531 ταύτην
1499 1448 1758 1513 οἰκοῦσι
1794 1449 2157 1535 βαρβάροις

227 1554 428 1617 θύειν
467 1546 794 1636 Ἀρτέμιδι
848 1554 1257 1641 Ταυροπόλφ
1312 1556 1470 1630 τοὺς
1524 1552 2007 1630 καταπλέοντας
2057 1552 2156 1632 ξέ-

227 1678 416 1735 νους·
454 1656 613 1745 παρ’
658 1651 760 1736 οἷς
797 1675 964 1742 φασι
1000 1659 1125 1743 τὴν
1154 1657 1551 1744 Ἰφιγένειαν
1589 1658 1662 1724 ἐν
1698 1669 1839 1735 τοῖς
1872 1658 2155 1744 ὕστερον

226 1767 496 1851 χρόνοις
553 1763 801 1849 ἱέρειαν
850 1774 966 1849 τῆς
1011 1763 1364 1852 εἰρημένης
1407 1772 1578 1831 θεοῦ
1621 1771 2155 1831 κατασταθεῖσαν

225 1874 428 1938 θύειν
470 1875 629 1949 τοὺς
674 1870 1167 1957 ἁλισκομένους.
1216 1865 1221 1870 “

150 1996 202 2038 15
399 1975 867 2066 Ἐπιζητούσης
914 1975 987 2045 δὲ
1032 1987 1149 2065 τῆς
1195 1980 1488 2069 ἱστορίας
1531 1980 1648 2058 τὰς
1691 1987 1808 2063 τῆς
1855 1978 2152 2059 ξενοκτο-
2171 1986 2259 2056 45

228 2087 376 2161 νίας
421 2086 663 2171 α’ἰτίας,
711 2086 1076 2171 ἀναγκαῖον
1131 2087 1379 2175 βραχέα
1437 2090 1766 2171 διελθεῖν,
1814 2088 2028 2162 ἄλλως
2080 2107 2151 2150 τε

231 2186 341 2252 καὶ
405 2200 519 2275 τῆς
581 2195 1045 2280 παρεκβάσεως
1112 2196 1357 2272 οἰκείας
1422 2193 1740 2279 ἐσομένης
1813 2205 1957 2270 ταῖς
2019 2203 2155 2258 τῶν

226 2287 685 2382 Ἀργοναυτῶν
711 2299 1006 2385 πράξεσι.
1054 2300 1221 2386 φασὶ
1249 2303 1376 2387 γάρ
1397 2299 1635 2367 Ἡλίου
1673 2302 1797 2367 δύο
1834 2299 2151 2384 γενέσθαι

228 2403 492 2487 παῖδας,
529 2407 789 2490 Αἰήτην
833 2430 904 2472 τε
949 2405 1060 2473 καὶ
1100 2407 1400 2495 Πέρσην·
1445 2409 1724 2495 τούτων,
1749 2403 1822 2472 δὲ
1863 2408 1982 2472 τὸν
2028 2403 2151 2490 μὲν

150 2529 203 2568 20
229 2509 489 2593 Αἰήτην
534 2512 923 2593 βασιλεῦσαι
963 2523 1078 2597 τῆς
1116 2515 1470 2598 Κολχίδος,
1506 2514 1627 2579 τὸν
1664 2511 1725 2577 δ’
1770 2510 1998 2599 ἕτερον
2033 2520 2151 2595 τῆς

237 2618 596 2702 Ταυρικῆς,
646 2617 1062 2706 ἀμφοτέρους
1108 2617 1183 2686 δὲ
1230 2621 1594 2704 διενεγκεῖν
1644 2620 1947 2704 ὠμότητι.
2039 2616 2149 2684 καὶ
2186 2627 2219 2678 2

229 2720 502 2809 Πέρσου
548 2719 672 2808 μὲν
701 2722 981 2810 Ἑκάτην
1026 2725 1346 2809 γενέσθαι
1386 2726 1752 2815 θυγατέρα,
1787 2729 1995 2811 τόλμῃ
2040 2724 2151 2791 καὶ

226 2833 609 2917 παρανομία
666 2830 1088 2918 προέχουσαν
1140 2842 1263 2899 τοῦ
1325 2838 1601 2920 πατρός·
1694 2834 2150 2918 φιλοκύνηγον

229 2932 288 2998 δ’
343 2929 555 3000 οὖσαν
601 2935 676 3001 ἐν
720 2948 864 3014 ταῖς
912 2938 1298 3024 ἀποτυχίαις
1352 2938 1757 3026 ἀνθρώπους
1812 2936 1960 3003 ἀντὶ
2014 2948 2149 3002 τῶν

149 3057 200 3099 25
225 3042 492 3123 θηρίων
536 3044 1014 3123 κατατοξεύειν.
1079 3047 1477 3130 φιλότεχνον
1523 3040 1584 3110 δ’
1637 3047 1731 3121 εἰς
1778 3044 2147 3127 φαρμάκων

225 3148 623 3230 θανασίμων
704 3148 1059 3227 συνθέσεις
1138 3151 1508 3237 γενομένην
1577 3152 1653 3216 τὸ
1730 3149 2145 3232 καλούμενον

226 3249 537 3317 ἀκόνιτον
574 3251 886 3341 ἐξευρεῖν,
915 3254 1026 3321 καὶ
1061 3266 1176 3341 τῆς
1214 3255 1495 3323 ἑκάστου
1532 3255 1876 3341 δυνάμεως
1908 3264 2147 3340 πεῖραν

224 3358 588 3441 λαμβάνειν
643 3362 1019 3445 μίσγουσαν
1076 3373 1223 3442 ταῖς
1287 3362 1667 3448 διδομέναις
1728 3371 1870 3439 τοῖς
1934 3358 2147 3439 ξένοις

364 3520 398 3570 8
434 3516 747 3586 προσέχειν
776 3519 869 3588 D»,
907 3526 1207 3591 προσσχεῖν
1245 3520 1403 3576 Eich.
1480 3525 1542 3574 11
1583 3515 1931 3574 θύειν-13
1970 3537 2144 3573 κατα-

223 3589 531 3642 σταθεῖσαν
571 3606 678 3644 om.
715 3588 765 3642 D
876 3594 944 3645 26
980 3586 1070 3662 τὸ]
1109 3587 1208 3646 τὸν
1245 3592 1310 3647 D.
1393 3634 1398 3637 -

324 3692 579 3737 D1ononus
607 3697 646 3737 Ι.
1719 3683 1788 3732 3⁰
