2569 4061
900 399 926 451 1
966 402 1047 452 72.
1090 402 1172 451 73.
1878 395 2006 459 125

80 570 197 646 τῆς
250 560 687 645 ἀστρολογίας
738 557 850 624 καὶ
903 567 1019 642 τῆς
1074 558 1490 644 ἱεροσκοπίας
1544 560 1625 624 τὰ
1681 555 2007 643 μέλλοντα

84 669 681 753 προσημαίνοντες,
738 665 809 731 ἐκ
863 662 937 730 δὲ
991 676 1126 730 τῶν
1181 663 1256 729 έν
1301 673 1443 740 ταῖς
1499 665 1704 749 ἱεραῖς
1748 668 2007 749 βίβλοις

88 771 692 857 ἀναγεγραμμένων
736 771 1039 858 πράξεων
1083 774 1200 848 τὰς
1244 771 1587 853 ὠφελῆσαι
1632 770 2005 854 δυναμένας

90 880 808 963 παραναγινώσκοντες.
895 877 976 943 οὐ
1022 879 1171 964 γάρ,
1220 878 1443 961 ὥσπερ
1481 876 1658 958 παρὰ
1693 886 1830 950 τοῖς
1859 875 2004 941 Ἕλ-
2043 899 2073 946 5

34 1003 63 1043 5
91 988 314 1067 λησιν,
376 977 469 1061 εἷς
516 984 684 1070 ἀνὴρ
729 985 772 1068 ἢ
820 987 936 1069 μία
981 984 1154 1067 γυνὴ
1200 984 1324 1065 τὴν
1372 980 1744 1067 ἱερωσύνην
1789 985 2005 1065 παρεί-

86 1094 319 1174 ληφεν,
367 1090 535 1156 ἀλλὰ
579 1089 816 1156 πολλοὶ
860 1088 1012 1175 περὶ
1056 1091 1171 1165 τὰς
1216 1099 1352 1154 τῶν
1395 1093 1582 1153 θεῶν
1618 1088 1866 1162 θυσίας
1901 1084 2009 1150 καὶ

84 1198 275 1280 τιμὰς
335 1199 781 1282 διατρίβουσι,
846 1195 958 1260 καὶ
1019 1206 1160 1272 τοῖς
1224 1195 1523 1277 ἐκγόνοις
1586 1194 1711 1276 τὴν
1771 1192 2010 1277 ὁμοίαν

84 1311 205 1367 τοῦ
261 1304 418 1385 βίου
472 1305 862 1388 προαίρεσιν
907 1302 1412 1387 παραδιδόασιν.
1504 1299 1634 1365 εἰσὶ
1690 1297 1766 1365 δὲ
1823 1294 2009 1365 οὗτοι

85 1408 356 1473 πάντων
400 1430 470 1472 τε
517 1407 766 1485 ἀτελεῖς
810 1406 922 1472 καὶ
977 1407 1476 1492 δευτερεύοντες
1520 1408 1682 1491 μετὰ
1724 1408 1845 1472 τὸν
1891 1409 2001 1490 βα-

6 1540 59 1579 10
87 1511 273 1579 σιλέα
328 1524 472 1589 ταῖς
532 1537 603 1578 τε
665 1512 888 1590 δόξαις
945 1511 1054 1575 καὶ
1118 1522 1260 1589 ταῖς
1324 1512 1664 1591 ἐξουσίαις.
1753 1515 1879 1597 τὴν
1932 1510 2007 1579 δὲ
2046 1534 2075 1581 6

88 1618 411 1703 δευτέραν
449 1629 693 1702 μοῖραν
724 1619 793 1682 οἱ
824 1620 1117 1700 βασιλεῖς
1152 1621 1639 1703 παρειλήφασιν
1677 1622 1770 1696 εἰς
1804 1635 2006 1705 προσ-

91 1724 315 1804 όδους,
363 1721 476 1807 ἀφ’
524 1718 621 1788 ὧν
666 1730 760 1800 εἴς
804 1746 874 1788 τε
920 1727 1076 1801 τοὺς
1119 1723 1450 1807 πολέμους
1494 1733 1856 1808 χορηγοῦσι
1899 1725 2008 1789 καὶ

91 1829 218 1909 τὴν
281 1826 431 1914 περὶ
494 1829 736 1907 αὐτοὺς
801 1832 1224 1916 λαμπρότητα
1284 1829 1838 1913 διαφυλάττουσι,
1900 1829 2011 1894 καὶ

0 1969 51 2019 35
90 1938 247 2011 τοὺς
282 1932 406 2018 μὲν
443 1936 1085 2022 ἀνδραγαθήσαντας
1121 1939 1406 2024 δωρεαῖς
1432 1938 1613 2025 κκατα
1657 1937 1781 2019 τὴν
1822 1935 2011 2014 ἀξίαν

7 2071 59 2113 15
86 2053 349 2126 τιμῶσι,
386 2047 543 2121 τοὺς
581 2041 641 2108 δ’
678 2045 946 2122 ἰδιώτας
982 2046 1094 2109 διὰ
1129 2046 1254 2128 τὴν
1291 2043 1363 2110 ἐκ
1398 2045 1656 2109 τούτων
1694 2043 2013 2129 εὐπορίαν

88 2149 171 2214 οὐ
217 2151 605 2233 βαπτίζουσι
658 2162 804 2228 ταῖς
862 2153 1223 2235 εἰσφοραῖς.
1316 2152 1440 2234 τὴν
1487 2148 1561 2216 δὲ
1607 2152 1845 2237 μερίδα
1888 2150 2012 2232 τὴν
2051 2169 2079 2216 7

87 2258 470 2321 τελευταίαν
509 2258 777 2341 ἔχουσιν
815 2259 887 2322 οἱ
926 2259 1198 2341 μάχιμοι
1242 2259 1646 2340 καλούμενοι
1691 2255 1802 2323 καὶ
1846 2258 2013 2342 πρὸς

89 2361 205 2437 τὰς
240 2365 656 2447 λειτουργίας
700 2364 817 2439 τὰς
856 2363 951 2438 εἰς
995 2364 1119 2446 τὴν
1156 2364 1504 2448 στρατείαν
1539 2362 2009 2446 ὑπακούοντες,

91 2465 179 2530 ’ἵν’
236 2469 306 2531 oc
344 2469 853 2545 κινδυνεύοντες
898 2468 1334 2535 εὐνούστατοι
1379 2478 1459 2553 τῇ
1505 2470 1688 2556 χώρᾳ
1734 2469 1844 2534 διὰ
1889 2470 2012 2553 τὴν

14 2602 69 2641 20
94 2577 496 2656 κληρουχίαν
560 2577 747 2651 ὄντες
810 2575 1177 2660 προθύμως
1231 2573 1662 2658 ἐπιδέχωνται
1714 2577 1794 2640 τὰ
1848 2592 2009 2660 συμ-

94 2680 414 2760 βαίνοντα
464 2683 630 2746 κατὰ
683 2684 840 2758 τοὺς
894 2679 1226 2764 πολέμους
1280 2682 1486 2747 δεινά.
1577 2683 1825 2748 ἄτοπον
1879 2685 2007 2769 γὰρ
2047 2704 2077 2750 8

90 2780 178 2868 ἦν
223 2785 345 2868 τὴν
390 2783 513 2870 μὲν
556 2797 690 2852 τῶν
726 2787 1037 2853 ἁπάντων
1079 2791 1413 2872 σωτηρίαν
1457 2789 1719 2866 τούτοις
1763 2788 2009 2874 ἐπιτρέ-

90 2912 261 2974 πειν,
322 2889 489 2979 ὑπὲρ
536 2888 619 2958 οὗ
667 2890 740 2957 δὲ
786 2893 1232 2975 ἀγωνιοῦνται
1278 2892 1488 2978 μηδὲν
1534 2895 1759 2972 αὐτοῖς
1803 2897 2010 2980 ὑπάρ-

90 3020 234 3080 χειν
288 3001 454 3062 κατά
508 3001 630 3082 τὴν
685 3000 909 3084 χώραν
956 3001 1251 3084 σπουδῆς
1305 3001 1517 3080 ἄξιον·
1572 3004 1647 3067 τὸ
1704 2999 1778 3067 δὲ
1833 2999 2011 3085 μέγι-

11 3131 63 3172 25
90 3119 284 3186 στον,
331 3103 868 3189 εὐπορουμένους
912 3105 1157 3183 αὐτοὺς
1202 3106 1448 3192 ῥαδίως
1492 3110 2010 3191 τεκνοποιήσειν,

88 3207 200 3273 καὶ
257 3210 369 3273 διὰ
424 3217 622 3274 τοῦτο
676 3210 799 3292 τὴν
853 3214 1424 3297 πολυανθρωπίαν
1477 3211 2010 3287 κατασκευάσειν,

90 3313 258 3378 ὥστε
304 3315 392 3398 μὴ
440 3316 885 3400 προσδεῖσθαι
932 3315 1186 3399 ξενικῆς
1224 3316 1569 3401 δυνάμεως
1608 3319 1732 3398 τὴν
1768 3314 2010 3396 χώραν.

93 3418 336 3502 ὁμοίως
374 3417 436 3486 δ’
474 3415 661 3486 οὗτοι
696 3423 821 3505 τὴν
857 3421 1043 3500 τάξιν
1087 3423 1337 3504 ταύτην
1375 3422 1446 3486 ἐκ
1481 3422 1833 3507 προγόνων
1872 3417 2011 3478 δια-
2038 3434 2089 3518 3

238 3581 270 3630 5
310 3574 411 3648 εἷς]
452 3577 551 3631 καὶ
590 3575 671 3640 εἷς
707 3578 755 3630 D
869 3584 937 3633 26
968 3573 1410 3639 κατασκευάζειν
1439 3575 1675 3640 codices,
1715 3587 1851 3625 corr.
1887 3568 2014 3622 Ste-

92 3645 310 3715 phanus
455 3654 525 3703 28
565 3643 715 3718 ὅμως
755 3648 820 3703 ΙΙ.
