2569 4061
1 514 19 562 ι,

1 730 13 767 ἒ

0 943 6 977 Ι

1010 329 1089 384 1V
1128 335 1212 386 60.
1244 335 1329 385 61.
1617 361 1628 370 -
2001 327 2133 392 493

208 488 466 580 μήποθ’
510 495 546 560 6
584 496 824 570 Μίνως
866 475 1216 576 βοηθήσας
1258 500 1400 568 τοῖς
1445 492 1619 569 υἰοῖς
1663 500 1785 558 τοῦ
1825 492 2139 557 Πάλλαν-

206 625 326 679 τος
363 599 684 686 ἀφέληται
719 600 845 684 τὴν
872 599 1124 685 ἀρχήν,
1145 597 1584 681 ἐπεβούλευσε
1623 605 1713 685 τῷ
1745 592 2133 686 Ἀνδρόγεῳ.

205 708 600 791 βαδίζοντος
646 701 771 772 οὖν
818 705 1024 771 αὐτοῦ
1074 707 1168 781 εἰς
1202 705 1320 781 τὰς
1359 705 1584 787 Θήβας
1620 700 1733 768 ἐπί
1770 725 1921 767 τινα
1965 709 2138 768 θεω-

209 816 391 900 ρίαν,
436 813 938 898 ἐδολοφόνησεν
973 811 1181 877 αὐτὸν
1220 811 1334 876 διά
1368 833 1574 876 τινων
1609 808 1950 895 ἐγχωρίων
1985 808 2136 895 περὶ

148 936 180 978 6
216 922 471 1004 Οἰνόην
535 929 650 1005 τῆς
707 916 1014 1002 Ἀττικῆς.
1123 918 1365 994 Μίνως
1431 911 1505 980 δὲ
1569 916 1952 999 πυθόμενος
2014 915 2138 998 τὴν
2158 920 2238 985 61

207 1029 374 1093 κατὰ
436 1029 556 1092 τὸν
620 1027 775 1091 υίὸν
840 1023 1231 1110 συμφοράν,
1294 1017 1455 1106 ἧκεν
1520 1025 1615 1099 εἰς
1676 1022 1793 1100 τὰς
1850 1019 2140 1105 Ἀθήνας

212 1135 401 1211 δίκας
439 1135 645 1198 αἰτῶν
675 1139 799 1197 τοῦ
829 1128 1200 1216 Ἀνδρόγεω
1241 1131 1479 1214 φόνου.
1549 1129 1825 1206 οὐδενὸς
1862 1122 1925 1193 δ’
1960 1126 2138 1215 αὐτῷ

210 1237 692 1326 προσέχοντος,
759 1238 924 1323 πρὸς
970 1232 1092 1321 μὲν
1143 1234 1546 1320 Ἀθηναίους
1599 1238 1891 1322 πόλεμον
1947 1251 2139 1300 συνε-

211 1350 522 1430 στήσατο,
579 1344 741 1430 ἀρὰς
786 1340 861 1408 δὲ
907 1342 1261 1427 ἐποιήσατο
1308 1351 1400 1432 τῷ
1446 1341 1568 1408 Διὶ
1612 1340 1929 1426 γενέσθαι
1975 1342 2139 1408 κατὰ

125 1470 184 1510 10
213 1453 338 1535 τὴν
381 1453 580 1516 πόλιν
625 1461 761 1515 τῶν
798 1446 1178 1533 Ἀθηναίων
1225 1448 1484 1533 αὐχμὸν
1528 1447 1640 1514 καὶ
1685 1453 1898 1535 λιμόν.
1971 1451 2137 1534 ταχὺ

216 1553 290 1623 δὲ
344 1555 496 1642 περὶ
555 1558 675 1640 τὴν
724 1553 1024 1639 Ἀττικὴν
1078 1553 1189 1620 καὶ
1241 1555 1367 1639 τὴν
1412 1552 1697 1620 Ἑλλάδα
1760 1555 2139 1639 γενομένων

100 1684 214 1735 305
238 1662 511 1748 αὐχμῶν
555 1661 668 1729 καὶ
713 1659 1118 1748 φθαρέντων
1140 1671 1299 1726 τῶν
1344 1671 1640 1747 καρπῶν,
1697 1663 2139 1737 συνελθόντες

214 1770 288 1834 οἰ
325 1781 460 1835 τῶν
507 1771 769 1834 πόλεων
815 1767 1133 1853 ἡγεμόνες
1169 1767 1607 1853 ἐπηρώτησαν
1641 1768 1763 1832 τὸν
1797 1767 1966 1831 θεὸν
2001 1777 2140 1843 πῶς

214 1875 298 1942 ἂν
337 1876 660 1942 δύναιντο
696 1885 833 1940 τῶν
868 1885 1092 1940 κακῶν
1130 1874 1608 1958 ἀπαλλαγῆναι.
1684 1872 1720 1939 6
1760 1869 1821 1937 δ’
1862 1875 2141 1958 ἔχρησεν

132 1998 186 2040 15
216 1981 443 2049 ἐλθεῖν
499 1982 744 2060 αὐτοὺς
797 1984 965 2069 πρὸς
1010 1982 1268 2048 Αἰακὸν
1322 1981 1442 2048 τὸν
1487 1982 1657 2059 Διὸς
1700 1977 1813 2047 καὶ
1858 1980 2141 2064 Αἰγίνης

216 2098 330 2172 τῆς
375 2084 681 2156 Ἀσωποῦ
735 2092 1105 2175 θυγατρός,
1167 2086 1278 2154 καὶ
1337 2089 1635 2155 κελεύειν
1688 2084 1855 2173 ὑπὲρ
1916 2086 2139 2152 αὐτῶν

219 2192 414 2278 εὐχὰς
467 2199 897 2278 ποιήσασθαι.
990 2190 1087 2261 ὧν
1131 2193 1525 2281 πραξάντων
1569 2196 1645 2258 τὸ
1691 2191 2137 2281 προσταχθέν,

220 2298 256 2365 6
312 2295 435 2383 μὲν
491 2302 744 2378 Αἰακὸς
800 2298 1134 2367 ἐπετέλεσε
1198 2303 1315 2378 τὰς
1369 2300 1595 2385 εὐχάς,
1650 2297 1762 2365 καὶ
1808 2300 1844 2365 6
1891 2299 2142 2385 αὐχμὸς

220 2406 397 2490 παρὰ
443 2401 564 2488 μὲν
608 2417 749 2483 τοῖς
795 2409 1021 2484 ἄλλοις
1068 2405 1385 2491 “”Ἐλλησιν
1432 2406 1795 2489 ἐπαύσατο,
1842 2406 2021 2492 παρὰ
2067 2402 2143 2470 δὲ

141 2529 194 2570 20
218 2520 358 2585 τοῖς
424 2504 807 2594 Ἀθηναίοις
879 2516 1111 2597 μόνοις
1182 2511 1538 2599 διέμεινεν·
1629 2507 1713 2578 οὗ
1787 2514 1869 2598 δὴ
1943 2512 2141 2598 χάριν

220 2616 748 2702 ἠναγκάσθησαν
803 2619 875 2682 οἱ
923 2617 1273 2704 Ἀθηναῖοι
1328 2622 1447 2686 τὸν
1501 2620 1669 2685 θεὸν
1733 2619 2142 2706 ἐπερωτῆσαι

220 2721 367 2810 περὶ
414 2732 532 2807 τῆς
580 2734 716 2789 τῶν
759 2735 982 2790 κακῶν
1036 2725 1433 2809 ἀπαλλαγῆς.
1526 2719 1658 2792 εἷθ’
1713 2724 1749 2791 6
1804 2721 1927 2811 μὲν
1981 2727 2143 2803 θεὸς

221 2832 520 2917 ἔχρησεν,
568 2829 689 2895 ἐὰν
727 2840 851 2896 τοῦ
891 2825 1258 2918 Ἀνδρόγεω
1308 2835 1528 2917 φόνου
1573 2840 1664 2921 τῷ
1701 2834 1905 2920 Μίνςο
1955 2832 2141 2908 δίκας

223 2938 429 3002 δῶσιν
477 2936 554 3014 ἃς
603 2936 688 3002 ἂν
734 2937 983 3014 ἐκεῖνος
1031 2939 1297 3024 δικάσῃ·
1358 2937 1883 3003 ὑπακουσάντων
1930 2934 2003 3003 δὲ
2048 2945 2140 3024 τῷ

104 3084 124 3096 ,
146 3059 196 3103 25
220 3048 356 3131 θεῷ
415 3053 552 3108 τῶν
605 3040 1006 3127 Ἀθηναίων,
1065 3041 1468 3129 προσέταξεν
1527 3043 1753 3118 αὐτοῖς
1811 3041 1846 3106 6
1904 3044 2142 3119 Μίνως

224 3149 484 3214 διδόναι
538 3151 785 3235 κόρους
838 3147 997 3214 ἑπτὰ
1052 3146 1163 3215 καὶ
1217 3150 1333 3226 τὰς
1388 3155 1535 3226 ἴσας
1587 3150 1789 3233 κόρας
1834 3141 1924 3211 δι’
1976 3145 2142 3211 ἐτῶν

224 3252 412 3319 ἐννέα
458 3256 672 3340 βορὰν
716 3262 808 3343 τῷ
836 3254 1264 3344 Μινωταύρῳ
1313 3254 1477 3319 ὅσον
1522 3252 1609 3318 ἂν
1653 3254 1900 3336 χρόνον
1948 3254 2019 3337 ζῇ
2065 3253 2140 3317 τὸ

340 3451 386 3531 ’1
433 3441 632 3515 μήπως
660 3447 712 3500 II
825 3453 857 3502 3
900 3448 1252 3531 βαδίζοντος]
1290 3446 1387 3501 καὶ
1426 3447 1753 3519 βαδίζοντος
1782 3444 1831 3498 D
1951 3449 1983 3498 8
2013 3461 2140 3498 συν-

230 3535 320 3571 εστ
359 3532 495 3571 σατο
532 3515 781 3588 πόλεμον
809 3520 1003 3605 vulg„
1075 3525 1143 3573 14
1179 3538 1290 3572 των
1321 3534 1430 3572 om.
1458 3517 1555 3571 vul
1685 3522 1755 3571 20
1793 3512 2053 3586 διέμενεν
2091 3515 2140 3570 D

227 3592 293 3642 27
361 3583 525 3658 ννέα]
567 3583 708 3644 ἔπτὰ
752 3588 860 3645 OF
970 3590 1133 3661 οσον]
1171 3587 1252 3652 εἰς
1291 3582 1428 3645 ὅσον
1469 3534 1611 3642 6Ἰὲο

2176 2216 2208 2265 2

2178 2958 2210 3007 3
