2569 4061
1052 371 1105 424 Π
1145 376 1228 425 16.
1262 375 1344 425 17.
1738 439 1746 448 x
2028 372 2154 436 197

231 540 588 620 γινόμενον
643 530 809 620 μηδὲ
877 532 1156 618 διαπέσῃ
1222 535 1410 618 φήμη
1476 536 1640 619 πρὸς
1686 534 1943 611 Ἰνδοὺς
2005 532 2159 619 περὶ

232 643 502 707 τούτων.

405 744 582 813 Ἐπεὶ
637 744 700 812 δ’
755 748 831 811 αἴ
878 769 948 811 τε
1001 755 1156 830 νῆες
1213 745 1325 811 καὶ
1378 748 1460 811 τὰ
1506 748 1717 831 θηρία
1770 748 2157 814 κατεσκευά-
2181 752 2263 817 17

237 860 502 937 σθησαν
547 853 620 920 ἐν
664 864 806 930 τοῖς
853 851 1052 918 δυσὶν
1090 855 1282 937 ἔτεσι,
1331 861 1423 941 τῷ
1461 855 1661 941 τρίτῳ
1709 851 2157 937 μετεπέμψατο

152 980 181 1021 5
235 963 352 1038 τὰς
395 964 818 1047 πανταχόθεν
875 962 1192 1045 δυνάμεις
1236 961 1333 1037 εἰς
1386 961 1509 1043 τὴν
1555 943 1993 1047 Βακτριανήν.
2083 961 2158 1024 τὸ

233 1064 308 1134 δὲ
353 1074 615 1152 πλῆθος
658 1075 776 1151 τῆς
822 1067 1309 1155 ἀθροισθείσης
1353 1076 1662 1154 στρατιᾶς
1704 1061 1813 1150 ἦν,
1860 1066 1950 1142 ὡς
1984 1068 2161 1149 Κτη-

231 1177 376 1252 σίας
441 1176 478 1241 ὁ
543 1175 823 1251 Κνίδιος
889 1172 1252 1258 ἀνέγραψε,
1325 1176 1538 1251 πεζῶν
1601 1169 1725 1258 μὲν
1787 1174 2162 1259 τριακόσιαι

229 1282 580 1369 μυριάδες,
630 1279 881 1346 ἱππέων
938 1277 1012 1345 δὲ
1059 1285 1270 1344 εἴκοσι
1326 1280 1671 1368 μυριάδες,
1727 1279 2038 1366 ἁρμάτων
2086 1274 2160 1343 δὲ

230 1386 390 1453 δέκα
437 1388 772 1474 μυριάδες.
864 1385 1168 1471 ὑπῆρχον
1215 1382 1290 1450 δὲ
1343 1385 1456 1451 καὶ
1500 1387 1741 1473 ἄνδρες
1801 1385 1906 1451 ἐπὶ
1952 1387 2158 1470 καμή-
2196 1411 2227 1459 2

145 1514 201 1553 ιο
229 1499 370 1559 λων
417 1494 804 1577 ὀχούμενοι,
856 1493 1179 1578 μαχαίρας
1233 1496 1655 1578 τετραπήχεις
1710 1496 1991 1577 ἔχοντες,
2038 1494 2158 1557 τὸν

233 1601 531 1685 ἀριθμὸν
579 1605 715 1663 ἴσοι
760 1607 902 1674 τοῖς
947 1599 1211 1682 ἅρμασι.
1304 1606 1470 1676 ναῦς
1516 1596 1590 1664 δὲ
1641 1603 1963 1683 ποταμίας
2006 1622 2158 1665 κατ-

233 1705 551 1769 εσκεύασε
616 1704 948 1789 διαιρετὰς
1021 1704 1378 1788 δισχιλίας,
1445 1696 1550 1781 αἷς
1621 1706 2156 1791 παρεσκευάσατο

232 1812 573 1894 καμήλους
606 1811 723 1887 τὰς
767 1813 925 1895 πεζῇ
963 1811 1539 1896 παρακομιζούσας
1584 1812 1665 1875 τὰ
1703 1811 1944 1894 σκάφη.
2005 1809 2160 1893 ἐφό-

232 1940 401 2002 ρουν
467 1913 542 1981 δὲ
598 1915 710 1983 καὶ
772 1917 854 1981 τὰ
911 1928 1047 1982 τῶν
1110 1916 1495 2002 ἐλεφάντων
1556 1919 1799 1983 εἴδωλα
1855 1918 2160 2000 κάμηλοι,

150 2043 204 2083 15
232 2025 474 2090 καθότι
527 2026 941 2111 προείρηται·
994 2025 1161 2111 πρὸς
1218 2018 1278 2089 δ’
1333 2024 1536 2103 αὐτὰς
1590 2027 1747 2102 τοὺς
1784 2024 2044 2100 ,ἵππους
2096 2022 2168 2088 οἰ

125 2153 224 2203 131
250 2141 643 2216 στρατιῶται
699 2132 1105 2214 συνάγοντες
1170 2133 1493 2215 συνήθεις
1551 2131 1826 2197 ἐποίουν
1885 2139 2007 2196 τοῦ
2072 2130 2160 2214 μὴ

231 2238 594 2318 φοβεῖσθαι
653 2238 776 2320 τὴν
832 2236 1190 2324 ἀγριότητα
1248 2247 1386 2301 τῶν
1440 2241 1724 2323 θηρίων.
1815 2239 1890 2302 τὸ
1951 2257 2160 2323 παρα·
2197 2259 2228 2306 3

230 2344 515 2424 πλήσιον
562 2338 637 2407 δὲ
673 2346 948 2418 πολλοῖς
993 2343 1210 2407 ἔτεσιν
1250 2341 1537 2428 ὕστερον
1583 2342 1818 2431 ἔπραξε
1859 2345 2159 2427 Περσεὺς

232 2447 269 2512 ὁ
328 2459 462 2514 τῶν
528 2450 950 2515 Μακεδόνων
1009 2450 1353 2532 βασιλεύς,
1421 2448 1527 2513 ὅτε
1591 2451 1757 2534 πρὸς
1802 2446 2159 2534 Ῥωμαίους

148 2573 205 2613 20
232 2555 458 2638 ἔμελλε
497 2557 1031 2622 διακινδυνεύειν
1068 2557 1341 2639 ἔχοντας
1378 2554 1451 2621 ἐκ
1476 2557 1737 2640 Λιβύης
1776 2554 2154 2641 ἐλέφαντας.

232 2657 377 2724 ἀλλ’
431 2656 569 2725 οὔτ’
621 2661 850 2749 ἐκείνῳ
910 2661 1129 2748 ῥοπὴν
1180 2660 1476 2743 ἐνεγκεῖν
1532 2664 1627 2738 εἰς
1681 2664 1801 2727 τὸν
1863 2666 2159 2748 πόλεμον

231 2764 478 2850 συνέβη
543 2768 666 2850 τὴν
727 2766 882 2853 περὶ
943 2768 1024 2831 τὰ
1088 2775 1362 2833 τοιαῦτα
1427 2768 1732 2851 σπουδὴν
1790 2767 1901 2834 καὶ
1965 2774 2157 2854 φιλο-

118 2924 129 2933 .
226 2875 496 2957 τεχνίαν
552 2875 704 2939 οὔτε
760 2874 1193 2959 Σεμιράμιδι·
1247 2871 1401 2961 περὶ
1453 2869 1547 2940 ὧν
1605 2874 2074 2963 ἀκριβέστερον
2121 2874 2156 2940 ὁ

227 2980 484 3065 προῖὼν
528 2982 726 3064 λόγος
773 2981 1077 3064 δηλώσει.

142 3103 199 3145 ’25
397 3083 470 3150 Ὁ
517 3083 591 3151 δὲ
644 3098 781 3152 τῶν
819 3080 1055 3152 Ἰνδῶν
1109 3088 1426 3170 βασιλεὺς
1469 3089 1947 3174 Σταβροβάτης
1991 3109 2156 3151 πυν-
2193 3106 2228 3152 4

224 3193 607 3276 θανόμενος
650 3192 731 3257 τά
782 3214 853 3257 τε
900 3190 1151 3277 μεγέθη
1207 3204 1344 3258 τῶν
1399 3190 1906 3277 ὀνομαζομένων
1953 3190 2157 3255 δυνά-

225 3321 406 3382 μεων
440 3297 553 3365 καὶ
589 3300 714 3382 τὴν
749 3297 1128 3382 ὑπερβολὴν
1165 3307 1282 3383 τῆς
1328 3301 1424 3375 εἰς
1459 3300 1578 3363 τὸν
1619 3300 1911 3381 πόλεμον
1948 3317 2156 3378 παρα-

227 3413 488 3489 σκευῆς,
537 3404 859 3470 ἔσπευδεν
906 3402 979 3469 έν
1025 3405 1273 3470 άπασιν
1318 3403 1742 3489 ὑπερθέσθαι
1787 3402 1909 3484 τὴν
1952 3402 2156 3484 Σεμί-
2260 3454 2266 3459 .

371 3567 404 3616 8
462 3562 666 3633 εἴκοσι]
705 3580 842 3688 {avt
884 3581 1058 3616 κοντα
1107 3561 1156 3617 0
1297 3565 1362 3613 15
1419 3556 1558 3621 πρὸς
1594 3554 1681 3628 δ’]
1732 3552 2008 3623 καὶπρὸς
2058 3555 2162 3611 OF

226 3626 441 3696 αύτους
478 3631 570 3687 OD
767 3582 915 3687 12n
872 3650 1139 3700 πιενεγκε
1119 3637 1174 3685 ἴν
1215 3630 1322 3685 OF
1472 3634 1539 3681 26
1596 3625 2043 3697 ἕτοιμαζομένων
2081 3627 2155 3680 F.
