<?xml version="1.0" encoding="UTF-8"?>
<!DOCTYPE html PUBLIC "-//W3C//DTD XHTML 1.0 Transitional//EN"
    "http://www.w3.org/TR/xhtml1/DTD/xhtml1-transitional.dtd">
<html xmlns="http://www.w3.org/1999/xhtml" xml:lang="en" lang="en">
 <head>
  <title>
</title>
<meta http-equiv="Content-Type" content="text/html;charset=utf-8" />
  <meta name='ocr-system' content='tesseract 3.04.00' />
  <meta name='ocr-capabilities' content='ocr_page ocr_carea ocr_par ocr_line ocrx_word'/>
</head>
<body>
  <div class='ocr_page' id='page_1' title='image "./diodoribiblioth02dindgoog/diodoribiblioth02dindgoog_0557.png"; bbox 0 0 2569 4061; ppageno 0'>
   <div class='ocr_carea' id='block_1_1' title="bbox 949 320 2174 390">
    <p class='ocr_par' dir='ltr' id='par_1_1' title="bbox 949 320 2174 390">
     <span class='ocr_line' id='line_1_1' title="bbox 949 320 2174 390; baseline 0.01 -14"><span class='ocrx_word' id='word_1_1' title='bbox 949 320 1030 376; x_wconf 86' lang='lat' dir='ltr'><strong><em>lv</em></strong></span> <span class='ocrx_word' id='word_1_2' title='bbox 1068 325 1153 376; x_wconf 82' lang='lat'><strong><em>37.</em></strong></span> <span class='ocrx_word' id='word_1_3' title='bbox 1185 325 1270 377; x_wconf 82' lang='lat'><strong><em>38.</em></strong></span> <span class='ocrx_word' id='word_1_4' title='bbox 1301 328 1389 377; x_wconf 83' lang='lat'><strong><em>39.</em></strong></span> <span class='ocrx_word' id='word_1_5' title='bbox 2043 324 2174 390; x_wconf 80' lang='lat'><strong><em>457</em></strong></span> 
     </span>
    </p>
   </div>
   <div class='ocr_carea' id='block_1_2' title="bbox 156 478 2288 3438">
    <p class='ocr_par' dir='ltr' id='par_1_2' title="bbox 156 478 2288 3438">
     <span class='ocr_line' id='line_1_2' title="bbox 248 478 2172 572; baseline 0.001 -22"><span class='ocrx_word' id='word_1_6' title='bbox 248 482 361 550; x_wconf 87' lang='grc' dir='ltr'><strong><em>καὶ</em></strong></span> <span class='ocrx_word' id='word_1_7' title='bbox 410 478 667 549; x_wconf 86' lang='grc' dir='ltr'><strong><em>Ἰόλαον</em></strong></span> <span class='ocrx_word' id='word_1_8' title='bbox 721 482 1257 568; x_wconf 79' lang='grc' dir='ltr'><strong><em>ἐπερωτήσοντας</em></strong></span> <span class='ocrx_word' id='word_1_9' title='bbox 1320 485 1439 549; x_wconf 88' lang='grc' dir='ltr'><strong><em>τὸν</em></strong></span> <span class='ocrx_word' id='word_1_10' title='bbox 1487 478 1868 551; x_wconf 86' lang='grc' dir='ltr'><strong><em>Ἀπόλλωνα</em></strong></span> <span class='ocrx_word' id='word_1_11' title='bbox 1923 488 1996 551; x_wconf 95' lang='grc' dir='ltr'><strong><em>τί</em></strong></span> <span class='ocrx_word' id='word_1_12' title='bbox 2046 486 2172 572; x_wconf 84' lang='grc' dir='ltr'><strong><em>χρὴ</em></strong></span> 
     </span>
     <span class='ocr_line' id='line_1_3' title="bbox 248 587 2176 677; baseline 0.002 -22"><span class='ocrx_word' id='word_1_13' title='bbox 248 589 402 677; x_wconf 86' lang='grc' dir='ltr'><strong><em>περὶ</em></strong></span> <span class='ocrx_word' id='word_1_14' title='bbox 445 599 561 675; x_wconf 81' lang='grc' dir='ltr'><strong><em>τῆς</em></strong></span> <span class='ocrx_word' id='word_1_15' title='bbox 604 593 816 657; x_wconf 81' lang='grc' dir='ltr'><strong><em>νόσου</em></strong></span> <span class='ocrx_word' id='word_1_16' title='bbox 855 590 1191 676; x_wconf 89' lang='grc' dir='ltr'><strong><em>πράττειν,</em></strong></span> <span class='ocrx_word' id='word_1_17' title='bbox 1241 590 1611 675; x_wconf 77' lang='grc' dir='ltr'><strong><em>Δηιάνειρα</em></strong></span> <span class='ocrx_word' id='word_1_18' title='bbox 1658 587 1733 656; x_wconf 71' lang='grc' dir='ltr'><strong><em>δὲ</em></strong></span> <span class='ocrx_word' id='word_1_19' title='bbox 1767 593 1842 657; x_wconf 94' lang='grc' dir='ltr'><strong><em>τὸ</em></strong></span> <span class='ocrx_word' id='word_1_20' title='bbox 1891 590 2176 677; x_wconf 85' lang='grc' dir='ltr'><strong><em>μέγεθος</em></strong></span> 
     </span>
     <span class='ocr_line' id='line_1_4' title="bbox 249 693 2175 784; baseline 0.002 -23"><span class='ocrx_word' id='word_1_21' title='bbox 249 705 366 781; x_wconf 79' lang='grc' dir='ltr'><strong><em>τῆς</em></strong></span> <span class='ocrx_word' id='word_1_22' title='bbox 393 693 795 784; x_wconf 57' lang='grc' dir='ltr'><strong><em>εΗροικλεόυς</em></strong></span> <span class='ocrx_word' id='word_1_23' title='bbox 833 705 1184 782; x_wconf 81' lang='grc' dir='ltr'><strong><em>συμφορᾶς</em></strong></span> <span class='ocrx_word' id='word_1_24' title='bbox 1219 694 1833 780; x_wconf 79' lang='grc' dir='ltr'><strong><em>καταπεπληγμένη,</em></strong></span> <span class='ocrx_word' id='word_1_25' title='bbox 1869 697 1981 763; x_wconf 86' lang='grc' dir='ltr'><strong><em>καὶ</em></strong></span> <span class='ocrx_word' id='word_1_26' title='bbox 2017 716 2175 765; x_wconf 86' lang='grc' dir='ltr'><strong><em>συν-</em></strong></span> 
     </span>
     <span class='ocr_line' id='line_1_5' title="bbox 251 801 2179 889; baseline 0.002 -23"><span class='ocrx_word' id='word_1_27' title='bbox 251 802 470 868; x_wconf 85' lang='grc' dir='ltr'><strong><em>ειδυῖα</em></strong></span> <span class='ocrx_word' id='word_1_28' title='bbox 524 801 725 889; x_wconf 76' lang='grc' dir='ltr'><strong><em>ἑαυτῇ</em></strong></span> <span class='ocrx_word' id='word_1_29' title='bbox 778 804 902 887; x_wconf 82' lang='grc' dir='ltr'><strong><em>τὴν</em></strong></span> <span class='ocrx_word' id='word_1_30' title='bbox 948 802 1308 888; x_wconf 81' lang='grc' dir='ltr'><strong><em>ἁμαρτίαν,</em></strong></span> <span class='ocrx_word' id='word_1_31' title='bbox 1355 801 1605 887; x_wconf 77' lang='grc' dir='ltr'><strong><em>ἀγχόνῃ</em></strong></span> <span class='ocrx_word' id='word_1_32' title='bbox 1651 802 1770 866; x_wconf 90' lang='grc' dir='ltr'><strong><em>τὸν</em></strong></span> <span class='ocrx_word' id='word_1_33' title='bbox 1831 804 1983 885; x_wconf 87' lang='grc' dir='ltr'><strong><em>βίον</em></strong></span> <span class='ocrx_word' id='word_1_34' title='bbox 2028 827 2179 869; x_wconf 86' lang='grc' dir='ltr'><strong><em>κατ-</em></strong></span> 
     </span>
     <span class='ocr_line' id='line_1_6' title="bbox 196 905 2179 996; baseline 0.002 -25"><span class='ocrx_word' id='word_1_35' title='bbox 196 929 223 970; x_wconf 81' lang='lat'><strong>5</strong></span> <span class='ocrx_word' id='word_1_36' title='bbox 251 907 583 996; x_wconf 81' lang='grc' dir='ltr'><strong><em>έστρεψεν.</em></strong></span> <span class='ocrx_word' id='word_1_37' title='bbox 677 909 714 975; x_wconf 86' lang='grc' dir='ltr'>ὁ</span> <span class='ocrx_word' id='word_1_38' title='bbox 763 906 837 975; x_wconf 70' lang='grc' dir='ltr'><strong><em>δὲ</em></strong></span> <span class='ocrx_word' id='word_1_39' title='bbox 880 911 1042 986; x_wconf 88' lang='grc' dir='ltr'><strong><em>θεὸς</em></strong></span> <span class='ocrx_word' id='word_1_40' title='bbox 1087 911 1324 994; x_wconf 79' lang='grc' dir='ltr'><strong><em>ἔχρησε</em></strong></span> <span class='ocrx_word' id='word_1_41' title='bbox 1369 914 1776 993; x_wconf 69' lang='grc' dir='ltr'><strong><em>κομισθῆναι</em></strong></span> <span class='ocrx_word' id='word_1_42' title='bbox 1822 909 1942 973; x_wconf 89' lang='grc' dir='ltr'><strong><em>τὸν</em></strong></span> <span class='ocrx_word' id='word_1_43' title='bbox 1979 905 2179 995; x_wconf 86' lang='grc' dir='ltr'><strong><em>Ἡρα-</em></strong></span> 
     </span>
     <span class='ocr_line' id='line_1_7' title="bbox 249 1013 2177 1100; baseline -0.001 -19"><span class='ocrx_word' id='word_1_44' title='bbox 249 1013 407 1081; x_wconf 88' lang='grc' dir='ltr'><strong><em>κλέα</em></strong></span> <span class='ocrx_word' id='word_1_45' title='bbox 451 1016 614 1100; x_wconf 79' lang='grc' dir='ltr'><strong><em>μετὰ</em></strong></span> <span class='ocrx_word' id='word_1_46' title='bbox 657 1023 775 1099; x_wconf 80' lang='grc' dir='ltr'><strong><em>τῆς</em></strong></span> <span class='ocrx_word' id='word_1_47' title='bbox 818 1019 1175 1100; x_wconf 78' lang='grc' dir='ltr'><strong><em>πολεμικῆς</em></strong></span> <span class='ocrx_word' id='word_1_48' title='bbox 1222 1015 1576 1099; x_wconf 77' lang='grc' dir='ltr'><strong><em>διασκευῆς</em></strong></span> <span class='ocrx_word' id='word_1_49' title='bbox 1635 1015 1730 1092; x_wconf 86' lang='grc' dir='ltr'><strong><em>είς</em></strong></span> <span class='ocrx_word' id='word_1_50' title='bbox 1774 1014 1898 1097; x_wconf 82' lang='grc' dir='ltr'><strong><em>τὴν</em></strong></span> <span class='ocrx_word' id='word_1_51' title='bbox 1947 1018 2177 1099; x_wconf 78' lang='grc' dir='ltr'><strong><em>Οἴτην,</em></strong></span> 
     </span>
     <span class='ocr_line' id='line_1_8' title="bbox 250 1118 2178 1209; baseline -0.001 -22"><span class='ocrx_word' id='word_1_52' title='bbox 250 1122 735 1187; x_wconf 89' lang='grc' dir='ltr'><strong><em>κατασκευάσαι</em></strong></span> <span class='ocrx_word' id='word_1_53' title='bbox 791 1118 867 1186; x_wconf 71' lang='grc' dir='ltr'><strong><em>δὲ</em></strong></span> <span class='ocrx_word' id='word_1_54' title='bbox 930 1124 1217 1205; x_wconf 87' lang='grc' dir='ltr'><strong><em>πλησίον</em></strong></span> <span class='ocrx_word' id='word_1_55' title='bbox 1275 1121 1485 1187; x_wconf 86' lang='grc' dir='ltr'><strong><em>αὐτοῦ</em></strong></span> <span class='ocrx_word' id='word_1_56' title='bbox 1544 1123 1767 1209; x_wconf 82' lang='grc' dir='ltr'><strong><em>πυρὰν</em></strong></span> <span class='ocrx_word' id='word_1_57' title='bbox 1821 1119 2150 1205; x_wconf 83' lang='grc' dir='ltr'><strong><em>εὐμεγέθη</em></strong></span> <span class='ocrx_word' id='word_1_58' title='bbox 2165 1141 2178 1155; x_wconf 89' lang='grc'><em>·</em></span> 
     </span>
     <span class='ocr_line' id='line_1_9' title="bbox 251 1223 2253 1313; baseline 0.001 -22"><span class='ocrx_word' id='word_1_59' title='bbox 251 1226 405 1313; x_wconf 86' lang='grc' dir='ltr'><strong><em>περὶ</em></strong></span> <span class='ocrx_word' id='word_1_60' title='bbox 452 1225 526 1292; x_wconf 74' lang='grc' dir='ltr'><strong><em>δὲ</em></strong></span> <span class='ocrx_word' id='word_1_61' title='bbox 579 1238 716 1293; x_wconf 80' lang='grc' dir='ltr'><strong><em>τῶν</em></strong></span> <span class='ocrx_word' id='word_1_62' title='bbox 762 1232 1016 1293; x_wconf 81' lang='grc' dir='ltr'><strong><em>λοιπῶν</em></strong></span> <span class='ocrx_word' id='word_1_63' title='bbox 1070 1229 1278 1311; x_wconf 79' lang='grc' dir='ltr'><strong><em>ἔφησε</em></strong></span> <span class='ocrx_word' id='word_1_64' title='bbox 1325 1226 1448 1293; x_wconf 83' lang='grc' dir='ltr'><strong><em>Διὶ</em></strong></span> <span class='ocrx_word' id='word_1_65' title='bbox 1502 1231 1829 1313; x_wconf 83' lang='grc' dir='ltr'><strong><em>μελήσειν.</em></strong></span> <span class='ocrx_word' id='word_1_66' title='bbox 1922 1238 2059 1293; x_wconf 82' lang='grc' dir='ltr'><strong><em>τῶν</em></strong></span> <span class='ocrx_word' id='word_1_67' title='bbox 2106 1223 2179 1294; x_wconf 76' lang='grc' dir='ltr'><strong><em>δὲ</em></strong></span> <span class='ocrx_word' id='word_1_68' title='bbox 2218 1251 2253 1300; x_wconf 76' lang='lat'>4</span> 
     </span>
     <span class='ocr_line' id='line_1_10' title="bbox 251 1328 2178 1421; baseline 0.002 -23"><span class='ocrx_word' id='word_1_69' title='bbox 251 1332 405 1419; x_wconf 89' lang='grc' dir='ltr'><strong><em>περὶ</em></strong></span> <span class='ocrx_word' id='word_1_70' title='bbox 448 1335 568 1398; x_wconf 90' lang='grc' dir='ltr'><strong><em>τὸν</em></strong></span> <span class='ocrx_word' id='word_1_71' title='bbox 598 1328 853 1399; x_wconf 89' lang='grc' dir='ltr'><strong><em>Ἰόλαον</em></strong></span> <span class='ocrx_word' id='word_1_72' title='bbox 896 1335 1322 1418; x_wconf 79' lang='grc' dir='ltr'><strong><em>ποιησάντων</em></strong></span> <span class='ocrx_word' id='word_1_73' title='bbox 1358 1336 1441 1399; x_wconf 76' lang='grc' dir='ltr'><strong><em>τὰ</em></strong></span> <span class='ocrx_word' id='word_1_74' title='bbox 1485 1334 2022 1421; x_wconf 74' lang='grc' dir='ltr'><strong><em>προστεταγμένα</em></strong></span> <span class='ocrx_word' id='word_1_75' title='bbox 2066 1333 2178 1401; x_wconf 86' lang='grc' dir='ltr'><strong><em>καὶ</em></strong></span> 
     </span>
     <span class='ocr_line' id='line_1_11' title="bbox 174 1438 2177 1529; baseline 0.004 -28"><span class='ocrx_word' id='word_1_76' title='bbox 174 1462 228 1501; x_wconf 89' lang='lat'><strong><em>10</em></strong></span> <span class='ocrx_word' id='word_1_77' title='bbox 255 1438 328 1506; x_wconf 80' lang='grc' dir='ltr'><strong><em>ἐκ</em></strong></span> <span class='ocrx_word' id='word_1_78' title='bbox 371 1440 811 1524; x_wconf 85' lang='grc' dir='ltr'><strong><em>διαστήματος</em></strong></span> <span class='ocrx_word' id='word_1_79' title='bbox 846 1439 1425 1526; x_wconf 80' lang='grc' dir='ltr'><strong><em>ἀποθεωρούντων</em></strong></span> <span class='ocrx_word' id='word_1_80' title='bbox 1461 1443 1536 1507; x_wconf 88' lang='grc' dir='ltr'><strong><em>τὸ</em></strong></span> <span class='ocrx_word' id='word_1_81' title='bbox 1576 1441 2110 1529; x_wconf 72' lang='grc' dir='ltr'><strong><em>ἀποβησόμενον,</em></strong></span> <span class='ocrx_word' id='word_1_82' title='bbox 2141 1442 2177 1509; x_wconf 88' lang='grc' dir='ltr'>ὁ</span> 
     </span>
     <span class='ocr_line' id='line_1_12' title="bbox 255 1540 2180 1634; baseline 0.003 -25"><span class='ocrx_word' id='word_1_83' title='bbox 255 1541 377 1630; x_wconf 72' lang='grc' dir='ltr'><strong><em>μὲν</em></strong></span> <span class='ocrx_word' id='word_1_84' title='bbox 404 1542 734 1629; x_wconf 65' lang='grc' dir='ltr'><strong><em>“Ηρακλῆς</em></strong></span> <span class='ocrx_word' id='word_1_85' title='bbox 780 1545 1117 1628; x_wconf 87' lang='grc' dir='ltr'><strong><em>ἀπογνοὺς</em></strong></span> <span class='ocrx_word' id='word_1_86' title='bbox 1160 1546 1242 1611; x_wconf 82' lang='grc' dir='ltr'><strong><em>τὰ</em></strong></span> <span class='ocrx_word' id='word_1_87' title='bbox 1286 1540 1446 1611; x_wconf 85' lang='grc' dir='ltr'><strong><em>καθ’</em></strong></span> <span class='ocrx_word' id='word_1_88' title='bbox 1481 1544 1739 1630; x_wconf 81' lang='grc' dir='ltr'><strong><em>ἑαυτόν,</em></strong></span> <span class='ocrx_word' id='word_1_89' title='bbox 1785 1546 1897 1612; x_wconf 86' lang='grc' dir='ltr'><strong><em>καὶ</em></strong></span> <span class='ocrx_word' id='word_1_90' title='bbox 1940 1554 2180 1634; x_wconf 60' lang='grc' dir='ltr'><strong><em>παρεπλ-</em></strong></span> 
     </span>
     <span class='ocr_line' id='line_1_13' title="bbox 255 1650 2181 1739; baseline 0.002 -24"><span class='ocrx_word' id='word_1_91' title='bbox 255 1651 407 1716; x_wconf 82' lang='grc' dir='ltr'><strong><em>θὼν</em></strong></span> <span class='ocrx_word' id='word_1_92' title='bbox 460 1653 554 1728; x_wconf 84' lang='grc' dir='ltr'><strong><em>εἰς</em></strong></span> <span class='ocrx_word' id='word_1_93' title='bbox 607 1652 732 1736; x_wconf 83' lang='grc' dir='ltr'><strong><em>τὴν</em></strong></span> <span class='ocrx_word' id='word_1_94' title='bbox 784 1652 1037 1737; x_wconf 91' lang='grc' dir='ltr'><strong><em>πυράν,</em></strong></span> <span class='ocrx_word' id='word_1_95' title='bbox 1085 1652 1442 1739; x_wconf 81' lang='grc' dir='ltr'><strong><em>παρεκάλει</em></strong></span> <span class='ocrx_word' id='word_1_96' title='bbox 1494 1653 1614 1717; x_wconf 92' lang='grc' dir='ltr'><strong><em>τὸν</em></strong></span> <span class='ocrx_word' id='word_1_97' title='bbox 1659 1650 1762 1717; x_wconf 89' lang='grc' dir='ltr'><strong><em>ἀεὶ</em></strong></span> <span class='ocrx_word' id='word_1_98' title='bbox 1817 1656 2181 1737; x_wconf 88' lang='grc' dir='ltr'><strong><em>προσιόντα</em></strong></span> 
     </span>
     <span class='ocr_line' id='line_1_14' title="bbox 254 1755 2184 1845; baseline 0.001 -22"><span class='ocrx_word' id='word_1_99' title='bbox 254 1757 521 1841; x_wconf 80' lang='grc' dir='ltr'><strong><em>ὑφάψαι</em></strong></span> <span class='ocrx_word' id='word_1_100' title='bbox 547 1758 671 1841; x_wconf 83' lang='grc' dir='ltr'><strong><em>τὴν</em></strong></span> <span class='ocrx_word' id='word_1_101' title='bbox 696 1759 936 1845; x_wconf 90' lang='grc' dir='ltr'><strong><em>πυράν.</em></strong></span> <span class='ocrx_word' id='word_1_102' title='bbox 984 1758 1267 1836; x_wconf 84' lang='grc' dir='ltr'><strong><em>οὐδενὸς</em></strong></span> <span class='ocrx_word' id='word_1_103' title='bbox 1296 1755 1371 1824; x_wconf 71' lang='grc' dir='ltr'><strong><em>δὲ</em></strong></span> <span class='ocrx_word' id='word_1_104' title='bbox 1403 1764 1783 1843; x_wconf 80' lang='grc' dir='ltr'><strong><em>τολμῶντος</em></strong></span> <span class='ocrx_word' id='word_1_105' title='bbox 1810 1758 2184 1825; x_wconf 88' lang='grc' dir='ltr'><strong><em>ὑπακοῦσαι</em></strong></span> 
     </span>
     <span class='ocr_line' id='line_1_15' title="bbox 255 1860 2184 1950; baseline 0.001 -21"><span class='ocrx_word' id='word_1_106' title='bbox 255 1867 463 1949; x_wconf 90' lang='grc' dir='ltr'><strong><em>μόνος</em></strong></span> <span class='ocrx_word' id='word_1_107' title='bbox 495 1866 902 1948; x_wconf 82' lang='grc' dir='ltr'><strong><em>Φιλοκτήτης</em></strong></span> <span class='ocrx_word' id='word_1_108' title='bbox 939 1863 1248 1948; x_wconf 79' lang='grc' dir='ltr'><strong><em>ἐπείσθη·</em></strong></span> <span class='ocrx_word' id='word_1_109' title='bbox 1287 1866 1513 1948; x_wconf 84' lang='grc' dir='ltr'><strong><em>λαβὼν</em></strong></span> <span class='ocrx_word' id='word_1_110' title='bbox 1551 1860 1626 1929; x_wconf 75' lang='grc' dir='ltr'><strong><em>δὲ</em></strong></span> <span class='ocrx_word' id='word_1_111' title='bbox 1661 1872 1780 1948; x_wconf 81' lang='grc' dir='ltr'><strong><em>τῆς</em></strong></span> <span class='ocrx_word' id='word_1_112' title='bbox 1814 1863 2184 1950; x_wconf 83' lang='grc' dir='ltr'><strong><em>ὑπουργίας</em></strong></span> 
     </span>
     <span class='ocr_line' id='line_1_16' title="bbox 178 1966 2183 2058; baseline 0.003 -26"><span class='ocrx_word' id='word_1_113' title='bbox 178 1990 230 2033; x_wconf 79' lang='lat'><strong><em>15</em></strong></span> <span class='ocrx_word' id='word_1_114' title='bbox 257 1972 452 2057; x_wconf 83' lang='grc' dir='ltr'><strong><em>χάριν</em></strong></span> <span class='ocrx_word' id='word_1_115' title='bbox 488 1971 613 2055; x_wconf 83' lang='grc' dir='ltr'><strong><em>τὴν</em></strong></span> <span class='ocrx_word' id='word_1_116' title='bbox 639 1979 775 2037; x_wconf 82' lang='grc' dir='ltr'><strong><em>τῶν</em></strong></span> <span class='ocrx_word' id='word_1_117' title='bbox 812 1972 1024 2053; x_wconf 83' lang='grc' dir='ltr'><strong><em>τόξων</em></strong></span> <span class='ocrx_word' id='word_1_118' title='bbox 1061 1973 1322 2058; x_wconf 84' lang='grc' dir='ltr'><strong><em>δωρεὰν</em></strong></span> <span class='ocrx_word' id='word_1_119' title='bbox 1358 1966 1487 2056; x_wconf 76' lang='grc' dir='ltr'><strong><em>ἧψε</em></strong></span> <span class='ocrx_word' id='word_1_120' title='bbox 1516 1972 1641 2056; x_wconf 85' lang='grc' dir='ltr'><strong><em>τὴν</em></strong></span> <span class='ocrx_word' id='word_1_121' title='bbox 1678 1972 1915 2057; x_wconf 90' lang='grc' dir='ltr'><strong><em>πυράν.</em></strong></span> <span class='ocrx_word' id='word_1_122' title='bbox 1973 1970 2183 2051; x_wconf 83' lang='grc' dir='ltr'><strong><em>εὐθὺς</em></strong></span> 
     </span>
     <span class='ocr_line' id='line_1_17' title="bbox 261 2074 2181 2164; baseline 0 -21"><span class='ocrx_word' id='word_1_123' title='bbox 261 2074 335 2143; x_wconf 68' lang='grc' dir='ltr'><strong><em>δὲ</em></strong></span> <span class='ocrx_word' id='word_1_124' title='bbox 377 2077 490 2144; x_wconf 86' lang='grc' dir='ltr'><strong><em>καὶ</em></strong></span> <span class='ocrx_word' id='word_1_125' title='bbox 541 2087 887 2164; x_wconf 81' lang='grc' dir='ltr'><strong><em>κεραυνῶν</em></strong></span> <span class='ocrx_word' id='word_1_126' title='bbox 946 2079 1019 2144; x_wconf 84' lang='grc' dir='ltr'><strong><em>ἐκ</em></strong></span> <span class='ocrx_word' id='word_1_127' title='bbox 1072 2087 1194 2144; x_wconf 83' lang='grc' dir='ltr'><strong><em>τοῦ</em></strong></span> <span class='ocrx_word' id='word_1_128' title='bbox 1246 2077 1669 2164; x_wconf 83' lang='grc' dir='ltr'><strong><em>περιέχοντος</em></strong></span> <span class='ocrx_word' id='word_1_129' title='bbox 1721 2081 2093 2161; x_wconf 89' lang='grc' dir='ltr'><strong><em>πεσόντων,</em></strong></span> <span class='ocrx_word' id='word_1_130' title='bbox 2138 2078 2181 2162; x_wconf 82' lang='grc' dir='ltr'><em>ἡ</em></span> 
     </span>
     <span class='ocr_line' id='line_1_18' title="bbox 261 2179 2253 2272; baseline 0.004 -25"><span class='ocrx_word' id='word_1_131' title='bbox 261 2184 440 2267; x_wconf 80' lang='grc' dir='ltr'><strong><em>πυρα</em></strong></span> <span class='ocrx_word' id='word_1_132' title='bbox 474 2192 651 2249; x_wconf 82' lang='grc' dir='ltr'><strong><em>πᾶσα</em></strong></span> <span class='ocrx_word' id='word_1_133' title='bbox 686 2183 1124 2268; x_wconf 82' lang='grc' dir='ltr'><strong><em>κατεφλέχθη.</em></strong></span> <span class='ocrx_word' id='word_1_134' title='bbox 1190 2186 1353 2269; x_wconf 80' lang='grc' dir='ltr'><strong><em>μετὰ</em></strong></span> <span class='ocrx_word' id='word_1_135' title='bbox 1390 2180 1464 2249; x_wconf 75' lang='grc' dir='ltr'><strong><em>δὲ</em></strong></span> <span class='ocrx_word' id='word_1_136' title='bbox 1508 2192 1716 2249; x_wconf 86' lang='grc' dir='ltr'><strong><em>ταῦτα</em></strong></span> <span class='ocrx_word' id='word_1_137' title='bbox 1753 2183 1825 2250; x_wconf 85' lang='lat' dir='ltr'><strong><em>oc</em></strong></span> <span class='ocrx_word' id='word_1_138' title='bbox 1864 2179 1987 2267; x_wconf 71' lang='grc' dir='ltr'><strong><em>μὲν</em></strong></span> <span class='ocrx_word' id='word_1_139' title='bbox 2030 2183 2182 2272; x_wconf 82' lang='grc' dir='ltr'><strong><em>περὶ</em></strong></span> <span class='ocrx_word' id='word_1_140' title='bbox 2218 2205 2253 2255; x_wconf 76' lang='lat'>5</span> 
     </span>
     <span class='ocr_line' id='line_1_19' title="bbox 260 2283 2184 2375; baseline 0.002 -22"><span class='ocrx_word' id='word_1_141' title='bbox 260 2290 381 2354; x_wconf 92' lang='grc' dir='ltr'><strong><em>τὸν</em></strong></span> <span class='ocrx_word' id='word_1_142' title='bbox 412 2283 664 2355; x_wconf 88' lang='grc' dir='ltr'><strong><em>Ἰόλαον</em></strong></span> <span class='ocrx_word' id='word_1_143' title='bbox 700 2290 1023 2367; x_wconf 82' lang='grc' dir='ltr'><strong><em>ἐλθόντες</em></strong></span> <span class='ocrx_word' id='word_1_144' title='bbox 1051 2289 1160 2357; x_wconf 79' lang='grc' dir='ltr'><strong><em>ἐπὶ</em></strong></span> <span class='ocrx_word' id='word_1_145' title='bbox 1199 2292 1325 2373; x_wconf 80' lang='grc' dir='ltr'><strong><em>τὴν</em></strong></span> <span class='ocrx_word' id='word_1_146' title='bbox 1361 2290 1781 2374; x_wconf 90' lang='grc' dir='ltr'><strong><em>ὀστολογίαν,</em></strong></span> <span class='ocrx_word' id='word_1_147' title='bbox 1828 2287 1937 2356; x_wconf 88' lang='grc' dir='ltr'><strong><em>καὶ</em></strong></span> <span class='ocrx_word' id='word_1_148' title='bbox 1974 2289 2184 2375; x_wconf 74' lang='grc' dir='ltr'><strong><em>μηδὲν</em></strong></span> 
     </span>
     <span class='ocr_line' id='line_1_20' title="bbox 262 2395 2185 2483; baseline 0.001 -22"><span class='ocrx_word' id='word_1_149' title='bbox 262 2396 433 2473; x_wconf 80' lang='grc' dir='ltr'><strong><em>ὅλως</em></strong></span> <span class='ocrx_word' id='word_1_150' title='bbox 478 2395 723 2463; x_wconf 86' lang='grc' dir='ltr'><strong><em>ὀστοῦν</em></strong></span> <span class='ocrx_word' id='word_1_151' title='bbox 767 2397 1097 2483; x_wconf 82' lang='grc' dir='ltr'><strong><em>εὑρόντες,</em></strong></span> <span class='ocrx_word' id='word_1_152' title='bbox 1142 2396 1480 2481; x_wconf 82' lang='grc' dir='ltr'><strong><em>ὑπέλαβον</em></strong></span> <span class='ocrx_word' id='word_1_153' title='bbox 1525 2399 1643 2463; x_wconf 88' lang='grc' dir='ltr'><strong><em>τὸν</em></strong></span> <span class='ocrx_word' id='word_1_154' title='bbox 1672 2395 2000 2482; x_wconf 66' lang='grc' dir='ltr'><strong><em>“Ηρακλέα</em></strong></span> <span class='ocrx_word' id='word_1_155' title='bbox 2044 2408 2185 2476; x_wconf 74' lang='grc' dir='ltr'><strong><em>τοῖς</em></strong></span> 
     </span>
     <span class='ocr_line' id='line_1_21' title="bbox 181 2501 2185 2589; baseline 0.002 -24"><span class='ocrx_word' id='word_1_156' title='bbox 181 2524 236 2565; x_wconf 78' lang='lat'><strong><em>20</em></strong></span> <span class='ocrx_word' id='word_1_157' title='bbox 261 2512 582 2588; x_wconf 76' lang='grc' dir='ltr'><strong><em>χρησμοῖς</em></strong></span> <span class='ocrx_word' id='word_1_158' title='bbox 628 2501 1020 2581; x_wconf 84' lang='grc' dir='ltr'><strong><em>ἀκολούθως</em></strong></span> <span class='ocrx_word' id='word_1_159' title='bbox 1040 2519 1045 2522; x_wconf 83' lang='grc'><strong>’</strong></span> <span class='ocrx_word' id='word_1_160' title='bbox 1065 2503 1135 2584; x_wconf 79' lang='grc' dir='ltr'><strong><em>ἐξ</em></strong></span> <span class='ocrx_word' id='word_1_161' title='bbox 1172 2503 1554 2589; x_wconf 81' lang='grc' dir='ltr'><strong><em>ἀνθρώπων</em></strong></span> <span class='ocrx_word' id='word_1_162' title='bbox 1599 2505 1693 2580; x_wconf 84' lang='grc' dir='ltr'><strong><em>εἰς</em></strong></span> <span class='ocrx_word' id='word_1_163' title='bbox 1737 2505 1943 2580; x_wconf 86' lang='grc' dir='ltr'><strong><em>θεοὺς</em></strong></span> <span class='ocrx_word' id='word_1_164' title='bbox 1989 2510 2185 2588; x_wconf 84' lang='grc' dir='ltr'><strong><em>μεθε-</em></strong></span> 
     </span>
     <span class='ocr_line' id='line_1_22' title="bbox 156 2609 2288 2697; baseline 0.001 -22"><span class='ocrx_word' id='word_1_165' title='bbox 156 2626 259 2677; x_wconf 83' lang='lat'><strong><em>284</em></strong></span> <span class='ocrx_word' id='word_1_166' title='bbox 280 2610 598 2675; x_wconf 88' lang='grc' dir='ltr'><strong><em>στάσθαι·</em></strong></span> <span class='ocrx_word' id='word_1_167' title='bbox 646 2610 878 2697; x_wconf 79' lang='grc' dir='ltr'><strong><em>διόπερ</em></strong></span> <span class='ocrx_word' id='word_1_168' title='bbox 916 2611 1006 2687; x_wconf 81' lang='grc' dir='ltr'><strong><em>ὡς</em></strong></span> <span class='ocrx_word' id='word_1_169' title='bbox 1048 2611 1217 2695; x_wconf 94' lang='grc' dir='ltr'><strong><em>ἥρωι</em></strong></span> <span class='ocrx_word' id='word_1_170' title='bbox 1262 2613 1658 2694; x_wconf 88' lang='grc' dir='ltr'><strong><em>ποιήσαντες</em></strong></span> <span class='ocrx_word' id='word_1_171' title='bbox 1703 2609 2027 2695; x_wconf 84' lang='grc' dir='ltr'><strong><em>ἁγισμοὺς</em></strong></span> <span class='ocrx_word' id='word_1_172' title='bbox 2071 2609 2182 2677; x_wconf 89' lang='grc' dir='ltr'><strong><em>καὶ</em></strong></span> <span class='ocrx_word' id='word_1_173' title='bbox 2203 2611 2288 2678; x_wconf 87' lang='grc'><strong><em>39</em></strong></span> 
     </span>
     <span class='ocr_line' id='line_1_23' title="bbox 259 2717 2183 2804; baseline 0.001 -22"><span class='ocrx_word' id='word_1_174' title='bbox 259 2718 528 2802; x_wconf 81' lang='grc' dir='ltr'><strong><em>χώματα</em></strong></span> <span class='ocrx_word' id='word_1_175' title='bbox 564 2717 1174 2794; x_wconf 87' lang='grc' dir='ltr'><strong><em>κατασκευάσαντες</em></strong></span> <span class='ocrx_word' id='word_1_176' title='bbox 1209 2717 1685 2801; x_wconf 85' lang='grc' dir='ltr'><strong><em>ἀπηλλάγησαν</em></strong></span> <span class='ocrx_word' id='word_1_177' title='bbox 1732 2718 1827 2794; x_wconf 85' lang='grc' dir='ltr'><strong><em>εἰς</em></strong></span> <span class='ocrx_word' id='word_1_178' title='bbox 1873 2722 2183 2804; x_wconf 75' lang='grc' dir='ltr'><strong><em>Τραχῖνα.</em></strong></span> 
     </span>
     <span class='ocr_line' id='line_1_24' title="bbox 260 2819 2184 2909; baseline 0.001 -21"><span class='ocrx_word' id='word_1_179' title='bbox 260 2824 423 2908; x_wconf 77' lang='grc' dir='ltr'><strong><em>μετὰ</em></strong></span> <span class='ocrx_word' id='word_1_180' title='bbox 478 2819 553 2888; x_wconf 71' lang='grc' dir='ltr'><strong><em>δὲ</em></strong></span> <span class='ocrx_word' id='word_1_181' title='bbox 602 2823 883 2900; x_wconf 86' lang='grc' dir='ltr'><strong><em>τούτους</em></strong></span> <span class='ocrx_word' id='word_1_182' title='bbox 927 2826 1290 2901; x_wconf 91' lang='grc' dir='ltr'><strong><em>Μενοίτιος</em></strong></span> <span class='ocrx_word' id='word_1_183' title='bbox 1336 2823 1373 2889; x_wconf 86' lang='grc' dir='ltr'>ὁ</span> <span class='ocrx_word' id='word_1_184' title='bbox 1402 2822 1718 2909; x_wconf 72' lang='grc' dir='ltr'><strong><em>’Ἀκτορος</em></strong></span> <span class='ocrx_word' id='word_1_185' title='bbox 1762 2824 1940 2907; x_wconf 73' lang='grc' dir='ltr'><strong><em>υἱός,</em></strong></span> <span class='ocrx_word' id='word_1_186' title='bbox 1988 2828 2184 2909; x_wconf 82' lang='grc' dir='ltr'><strong><em>φίλος</em></strong></span> 
     </span>
     <span class='ocr_line' id='line_1_25' title="bbox 262 2921 2185 3017; baseline -0.001 -21"><span class='ocrx_word' id='word_1_187' title='bbox 262 2930 358 2996; x_wconf 77' lang='grc' dir='ltr'><strong><em>ὢν</em></strong></span> <span class='ocrx_word' id='word_1_188' title='bbox 395 2927 739 3015; x_wconf 82' lang='grc' dir='ltr'><strong><em>Ἡρακλεῖ,</em></strong></span> <span class='ocrx_word' id='word_1_189' title='bbox 794 2931 1054 3017; x_wconf 86' lang='grc' dir='ltr'><strong><em>κάπρον</em></strong></span> <span class='ocrx_word' id='word_1_190' title='bbox 1097 2927 1210 2996; x_wconf 87' lang='grc' dir='ltr'><strong><em>καὶ</em></strong></span> <span class='ocrx_word' id='word_1_191' title='bbox 1262 2938 1517 3013; x_wconf 86' lang='grc' dir='ltr'><strong><em>ταῦρον</em></strong></span> <span class='ocrx_word' id='word_1_192' title='bbox 1564 2928 1675 2995; x_wconf 82' lang='grc' dir='ltr'><strong><em>καὶ</em></strong></span> <span class='ocrx_word' id='word_1_193' title='bbox 1727 2931 1921 3012; x_wconf 91' lang='grc' dir='ltr'><strong><em>κριὸν</em></strong></span> <span class='ocrx_word' id='word_1_194' title='bbox 1963 2921 2185 3007; x_wconf 77' lang='grc' dir='ltr'><strong><em>θύσας</em></strong></span> 
     </span>
     <span class='ocr_line' id='line_1_26' title="bbox 184 3031 2185 3119; baseline 0.001 -22"><span class='ocrx_word' id='word_1_195' title='bbox 184 3055 235 3097; x_wconf 74' lang='lat'><strong><em>2⁵</em></strong></span> <span class='ocrx_word' id='word_1_196' title='bbox 263 3034 354 3111; x_wconf 79' lang='grc' dir='ltr'><strong><em>ὡς</em></strong></span> <span class='ocrx_word' id='word_1_197' title='bbox 397 3035 570 3119; x_wconf 91' lang='grc' dir='ltr'><strong><em>ἥρωι</em></strong></span> <span class='ocrx_word' id='word_1_198' title='bbox 614 3035 948 3115; x_wconf 80' lang='grc' dir='ltr'><strong><em>κατέδειξε</em></strong></span> <span class='ocrx_word' id='word_1_199' title='bbox 987 3031 1129 3101; x_wconf 85' lang='grc' dir='ltr'><strong><em>κατ’</em></strong></span> <span class='ocrx_word' id='word_1_200' title='bbox 1164 3033 1474 3101; x_wconf 80' lang='grc' dir='ltr'><strong><em>ἐνιαυτὸν</em></strong></span> <span class='ocrx_word' id='word_1_201' title='bbox 1520 3034 1594 3100; x_wconf 81' lang='grc' dir='ltr'><strong><em>ἐν</em></strong></span> <span class='ocrx_word' id='word_1_202' title='bbox 1634 3034 1940 3100; x_wconf 85' lang='grc' dir='ltr'><strong><em>Ὀποῦντι</em></strong></span> <span class='ocrx_word' id='word_1_203' title='bbox 1983 3035 2185 3099; x_wconf 85' lang='grc' dir='ltr'><strong><em>θύειν</em></strong></span> 
     </span>
     <span class='ocr_line' id='line_1_27' title="bbox 263 3136 2185 3228; baseline -0.002 -22"><span class='ocrx_word' id='word_1_204' title='bbox 263 3136 375 3206; x_wconf 87' lang='grc' dir='ltr'><strong><em>καὶ</em></strong></span> <span class='ocrx_word' id='word_1_205' title='bbox 420 3149 619 3224; x_wconf 86' lang='grc' dir='ltr'><strong><em>τιμᾶν</em></strong></span> <span class='ocrx_word' id='word_1_206' title='bbox 665 3142 756 3219; x_wconf 80' lang='grc' dir='ltr'><strong><em>ὡς</em></strong></span> <span class='ocrx_word' id='word_1_207' title='bbox 798 3143 985 3228; x_wconf 90' lang='grc' dir='ltr'><strong><em>ἥρωα</em></strong></span> <span class='ocrx_word' id='word_1_208' title='bbox 1030 3143 1149 3208; x_wconf 91' lang='grc' dir='ltr'><strong><em>τὸν</em></strong></span> <span class='ocrx_word' id='word_1_209' title='bbox 1186 3139 1535 3224; x_wconf 87' lang='grc' dir='ltr'><strong><em>Ἡρακλέα.</em></strong></span> <span class='ocrx_word' id='word_1_210' title='bbox 1598 3142 1674 3206; x_wconf 88' lang='grc' dir='ltr'><strong><em>τὸ</em></strong></span> <span class='ocrx_word' id='word_1_211' title='bbox 1720 3142 2185 3224; x_wconf 87' lang='grc' dir='ltr'><strong><em>παραπλήσιον</em></strong></span> 
     </span>
     <span class='ocr_line' id='line_1_28' title="bbox 266 3241 2185 3332; baseline 0 -21"><span class='ocrx_word' id='word_1_212' title='bbox 266 3242 341 3311; x_wconf 74' lang='grc' dir='ltr'><strong><em>δὲ</em></strong></span> <span class='ocrx_word' id='word_1_213' title='bbox 376 3243 488 3312; x_wconf 83' lang='grc' dir='ltr'><strong><em>καὶ</em></strong></span> <span class='ocrx_word' id='word_1_214' title='bbox 532 3257 669 3312; x_wconf 77' lang='grc' dir='ltr'><strong><em>τῶν</em></strong></span> <span class='ocrx_word' id='word_1_215' title='bbox 706 3251 1019 3332; x_wconf 82' lang='grc' dir='ltr'><strong><em>Θηβαίων</em></strong></span> <span class='ocrx_word' id='word_1_216' title='bbox 1063 3249 1515 3332; x_wconf 87' lang='grc' dir='ltr'><strong><em>ποιησάντων,</em></strong></span> <span class='ocrx_word' id='word_1_217' title='bbox 1543 3241 1889 3329; x_wconf 77' lang='grc' dir='ltr'><strong><em>Ἀθηναῖοι</em></strong></span> <span class='ocrx_word' id='word_1_218' title='bbox 1934 3255 2185 3330; x_wconf 82' lang='grc' dir='ltr'><strong><em>πρῶτοι</em></strong></span> 
     </span>
     <span class='ocr_line' id='line_1_29' title="bbox 263 3348 2186 3438; baseline -0.003 -19"><span class='ocrx_word' id='word_1_219' title='bbox 263 3364 399 3419; x_wconf 81' lang='grc' dir='ltr'><strong><em>τῶν</em></strong></span> <span class='ocrx_word' id='word_1_220' title='bbox 437 3354 660 3419; x_wconf 77' lang='grc' dir='ltr'><strong><em>ἄλλων</em></strong></span> <span class='ocrx_word' id='word_1_221' title='bbox 697 3355 788 3431; x_wconf 81' lang='grc' dir='ltr'><strong><em>ὡς</em></strong></span> <span class='ocrx_word' id='word_1_222' title='bbox 823 3355 992 3419; x_wconf 87' lang='grc' dir='ltr'><strong><em>θεὸν</em></strong></span> <span class='ocrx_word' id='word_1_223' title='bbox 1029 3353 1347 3438; x_wconf 76' lang='grc' dir='ltr'><strong><em>ἐτίμησαν</em></strong></span> <span class='ocrx_word' id='word_1_224' title='bbox 1381 3355 1655 3428; x_wconf 86' lang='grc' dir='ltr'><strong><em>θυσίαις</em></strong></span> <span class='ocrx_word' id='word_1_225' title='bbox 1690 3351 1809 3415; x_wconf 88' lang='grc' dir='ltr'><strong><em>τὸν</em></strong></span> <span class='ocrx_word' id='word_1_226' title='bbox 1837 3348 2186 3435; x_wconf 84' lang='grc' dir='ltr'><strong><em>Ἡρακλέα,</em></strong></span> 
     </span>
    </p>
   </div>
   <div class='ocr_carea' id='block_1_3' title="bbox 266 3504 2185 3652">
    <p class='ocr_par' dir='ltr' id='par_1_3' title="bbox 266 3504 2185 3652">
     <span class='ocr_line' id='line_1_30' title="bbox 266 3504 2185 3637; baseline -0.003 -71"><span class='ocrx_word' id='word_1_227' title='bbox 266 3583 314 3637; x_wconf 74' lang='grc' dir='ltr'>Θ</span> <span class='ocrx_word' id='word_1_228' title='bbox 407 3517 514 3637; x_wconf 25' lang='grc' dir='ltr'><strong><em>ι’,124</em></strong></span> <span class='ocrx_word' id='word_1_229' title='bbox 572 3511 784 3582; x_wconf 77' lang='grc' dir='ltr'><strong><em>ταῦρον</em></strong></span> <span class='ocrx_word' id='word_1_230' title='bbox 838 3509 940 3565; x_wconf 75' lang='grc' dir='ltr'><strong><em>καὶ</em></strong></span> <span class='ocrx_word' id='word_1_231' title='bbox 994 3510 1216 3581; x_wconf 77' lang='grc' dir='ltr'><strong><em>κάπρον</em></strong></span> <span class='ocrx_word' id='word_1_232' title='bbox 1252 3509 1306 3562; x_wconf 92' lang='grc' dir='ltr'><strong><em>ΙΙ</em></strong></span> <span class='ocrx_word' id='word_1_233' title='bbox 1450 3514 1517 3564; x_wconf 82' lang='lat'><strong><em>27</em></strong></span> <span class='ocrx_word' id='word_1_234' title='bbox 1574 3504 1931 3576; x_wconf 87' lang='grc' dir='ltr'><strong><em>ποιησάντων</em></strong></span> <span class='ocrx_word' id='word_1_235' title='bbox 1986 3504 2087 3561; x_wconf 78' lang='grc' dir='ltr'><strong><em>καὶ</em></strong></span> <span class='ocrx_word' id='word_1_236' title='bbox 2139 3526 2185 3561; x_wconf 90' lang='grc' dir='ltr'><strong><em>τ.</em></strong></span> 
     </span>
     <span class='ocr_line' id='line_1_31' title="bbox 318 3600 522 3652; baseline 0.005 -14"><span class='ocrx_word' id='word_1_237' title='bbox 318 3624 330 3638; x_wconf 93' lang='grc'><strong><em>.</em></strong></span> <span class='ocrx_word' id='word_1_238' title='bbox 368 3601 405 3638; x_wconf 84' lang='lat' dir='ltr'>v</span> <span class='ocrx_word' id='word_1_239' title='bbox 468 3600 522 3652; x_wconf 81' lang='lat' dir='ltr'><strong><em>g.</em></strong></span> 
     </span>
    </p>
   </div>
  </div>
 </body>
</html>
