2569 4061
1155 370 1266 423 11.
2128 371 2168 434 3

175 550 211 597 4
249 534 485 611 λογίαν
523 537 853 596 συνθεῖσα
890 536 1124 595 κυκλεῖ
1157 541 1452 615 συνεχῶς
1489 532 1746 597 ἅπαντα
1783 534 1903 598 τὸν
1941 534 2173 615 αἰῶνα,

245 639 318 702 τὸ
389 635 747 721 ἐπιβάλλον
815 636 1114 715 ἑκάστοις
1179 636 1250 702 ἐκ
1314 645 1430 721 τῆς
1497 638 1926 725 πεπρωμένης
1990 642 2172 725 μερί-

247 747 469 827 ζουσα,
517 746 589 809 οἳ
629 767 698 809 τε
743 746 861 821 τάς
905 747 1133 824 κοινὰς
1170 752 1288 827 τῆς
1326 744 1720 828 οἰκουμένης
1753 746 2022 831 πράξεις
2058 770 2172 811 κα-

244 852 463 936 θάπερ
519 860 672 935 μιᾶς
725 853 979 928 πόλεως
1044 851 1548 936 ἀναγράψαντες
1612 849 1729 914 ἕνα
1795 854 1998 934 λόγον
2061 850 2172 917 καὶ

192 972 218 1012 5
246 959 474 1022 κοινὸν
535 960 1097 1044 χρηματιστήριον
1151 938 1290 1022 τῶν
1353 955 1965 1042 συντετελεσμένων
2020 958 2171 1022 ἀπέ-

247 1062 467 1141 δειξαν
513 1067 629 1141 τάς
675 1064 930 1130 ἑαυτῶν
976 1066 1444 1149 πραγματειάς.
1527 1065 1735 1129 καλὸν
1776 1065 1903 1149 γὰρ
1942 1063 2017 1128 τὸ
2055 1064 2170 1127 δύ-

241 1176 492 1235 νασθαι
538 1181 679 1247 τοῖς
724 1181 858 1236 τῶν
905 1172 1128 1235 ἄλλων
1166 1170 1537 1254 ἀγνοήμασι
1584 1172 1750 1257 πρὸς
1798 1171 2172 1255 διόρθωσιν

240 1282 535 1362 χρῆσθαι
589 1278 1106 1363 παραδείγμασι,
1171 1274 1282 1340 καὶ
1337 1279 1504 1362 πρὸς
1567 1278 1648 1341 τά
1703 1283 2173 1362 συγκυροῦντα

240 1387 555 1461 ποικίλως
599 1385 765 1448 κατὰ
799 1384 920 1447 τὸν
957 1385 1110 1466 βιόν
1148 1384 1322 1466 ἔχειν
1359 1383 1446 1465 μὴ
1493 1385 1760 1466 ζήτησιν
1796 1392 1931 1448 τῶν
1967 1404 2171 1468 πρατ·

160 1506 213 1545 10
240 1489 570 1573 τομένων,
637 1490 804 1554 ἀλλά
859 1491 1136 1574 μίμησιν
1201 1498 1336 1553 τῶν
1390 1487 1963 1574 ἐπιτετευγμένων.
2056 1488 2169 1553 καὶ

239 1597 368 1680 γὰρ
397 1599 574 1672 τοὺς
618 1595 1115 1679 πρεσβυτάτους
1167 1604 1312 1669 ταῖς
1365 1594 1649 1678 ἡλικίαις
1707 1596 1990 1672 ἅπαντες
2034 1606 2171 1660 τῶν

240 1699 1109 1786 νεωτέρωνπροκρίνουσιν
1138 1699 1210 1764 ἐν
1239 1710 1383 1777 ταῖς
1421 1704 1857 1785 συμβουλίαις
1893 1703 2007 1766 διά
2045 1703 2170 1786 τὴν

245 1805 319 1870 ἐκ
373 1813 496 1869 τοῦ
549 1807 799 1890 χρόνου
854 1803 1452 1891 περιγεγενημένην
1509 1805 1735 1882 αὐτοῖς
1798 1806 2167 1893 ἐμπειρίαν·

238 1906 321 1995 ἧς
366 1920 693 1976 τοσοῦτον
736 1910 1083 1998 ὑπερέχειν
1129 1910 1503 1996 συμβέβηκε
1549 1912 1672 1995 τὴν
1718 1912 1789 1977 ἐκ
1833 1921 1950 1995 τῆς
1994 1913 2171 1978 ίστο·

158 2035 211 2076 15
241 2021 389 2105 ρίας
434 2018 735 2104 μάθησιν
781 2018 946 2085 ὅσον
990 2016 1101 2084 καὶ
1147 2027 1236 2108 τῷ
1286 2021 1533 2103 πλήθει
1579 2030 1715 2084 τῶν
1757 2020 2169 2107 πραγμάτων

239 2134 698 2213 προτεροῦσαν
769 2126 980 2210 αὐτὴν
1054 2125 1530 2211 ἐπεγνώκαμεν.
1637 2129 1743 2191 διὸ
1817 2126 1929 2193 καὶ
2001 2129 2168 2214 πρὸς

241 2233 497 2310 ἁπάσας
540 2235 656 2310 τάς
699 2243 821 2301 τοῦ
868 2236 1023 2316 βίου
1068 2234 1487 2319 περιστάσεις
1527 2234 2034 2319 χρησιμωτάτην
2082 2236 2167 2299 ἄν

2208 1071 2243 1117 4

240 2361 340 2416 τις
383 2335 555 2404 εἶναι
599 2343 894 2424 νομίσειε
938 2341 1062 2423 τὴν
1108 2340 1354 2421 ταύτης
1414 2339 1766 2421 ἀνάληψιν.
1856 2349 1996 2415 τοῖς
2042 2335 2165 2423 μὲν
2202 2364 2235 2412 5

239 2448 365 2532 γὰρ
411 2444 759 2532 νεωτέροις
802 2446 928 2529 τὴν
964 2457 1099 2511 τῶν
1136 2447 1604 2531 γεγηρακότων
1639 2456 1973 2532 περιποιεῖ
2006 2447 2164 2511 σύν-

159 2567 214 2607 20
243 2569 407 2636 εσιν,
444 2563 583 2630 τοῖς
611 2550 685 2618 δὲ
712 2551 1185 2639 πρεσβυτέροις
1212 2554 1769 2632 πολλαπλασιάζει
1799 2554 1924 2637 τὴν
1949 2553 2162 2641 ὑπάρ-

240 2652 494 2743 χουσαν
530 2660 894 2746 ἐμπειρίαν,
942 2657 1051 2724 καὶ
1087 2663 1243 2736 τοὺς
1279 2655 1404 2742 μὲν
1447 2659 1712 2738 ἰδιώτας
1749 2658 1975 2738 ἀξίους
2009 2661 2160 2744 ἡγε-

239 2769 475 2851 μονιάς
519 2767 1003 2849 κατασκευάζει,
1050 2768 1207 2843 τοὺς
1254 2764 1315 2830 δ’
1369 2765 1702 2851 ἡγεμόνας
1747 2774 1839 2854 τῷ
1888 2769 2000 2832 διὰ
2044 2777 2161 2851 τῆς

238 2871 436 2956 δόξης
483 2872 915 2960 ἀθανατισμῷ
962 2871 1395 2959 προτρέπεται
1431 2884 1571 2951 τοῖς
1606 2876 1981 2949 καλλίστοις
2024 2884 2160 2937 τῶν

238 2981 454 3065 ἔργων
503 2979 875 3066 ἐπιχειρεῖν,
922 2977 1123 3065 χωρὶς
1168 2974 1243 3043 δὲ
1288 2979 1546 3045 τούτων
1590 2983 1748 3057 τοὺς
1793 2975 1915 3064 μὲν
1963 2996 2162 3065 στρα-

155 3100 208 3141 25
235 3087 471 3177 τιώτας
525 3096 665 3163 τοῖς
705 3082 879 3170 ’μετά
932 3086 1056 3168 τὴν
1109 3087 1422 3169 τελευτὴν
1477 3085 1772 3163 ἐπαίνοις
1837 3082 2161 3170 ἑτοιμοτέ-

238 3215 401 3276 ρους
428 3194 894 3271 κατασκευάζει
929 3193 1094 3278 πρὸς
1120 3195 1278 3268 τοὺς
1316 3188 1482 3278 ὑπὲρ
1520 3200 1635 3275 τῆς
1670 3192 1989 3277 πατρίδος
2020 3211 2160 3253 κιν-

201 3332 206 3337 -
240 3298 512 3381 δύνους,
542 3300 699 3375 τοὺς
727 3296 800 3365 δὲ
828 3302 1165 3385 πονηροὺς
1191 3307 1326 3362 τῶν
1355 3297 1736 3384 ἀνθρώπων
1762 3305 1906 3369 ταῖς
1934 3294 2159 3357 αἰωνί-

238 3427 339 3481 οις
385 3407 837 3490 βλασφημίαις
882 3403 1235 3491 ἀποτρέπει
1279 3412 1397 3486 τῆς
1443 3402 1550 3468 ἐπὶ
1596 3405 1719 3486 τὴν
1764 3398 2000 3465 κακίαν
2049 3396 2159 3478 ὁρ-

382 3566 412 3614 1
451 3564 656 3616 κυκλοῖ
675 3563 724 3617 D
833 3569 868 3617 4
898 3560 1001 3617 ἕνα
1028 3558 1198 3630 λόγον
1255 3556 1539 3626 ἀνάλογον
1566 3556 1772 3610 Reiske
1824 3528 1831 3535 ι
1894 3554 1958 3602 16
1986 3544 2158 3614 ὑπερ-

232 3632 513 3702 τεροῦσαν
550 3631 636 3687 OF
780 3639 847 3688 27
888 3631 1147 3693 αἰωνίαις
1230 3628 1306 3695 D3
1345 3644 1483 3681 corr.
1522 3625 1686 3678 Dind.
1764 3704 1835 3754 1*
