2569 4061
1035 363 1090 416 11
1127 368 1212 418 20.
1241 368 1327 417 21.
1357 370 1441 419 22.
2060 367 2190 431 205

263 537 503 613 χοῦσιν
532 525 801 612 ἑτοίμην
830 521 1042 592 οὖσαν
1069 527 1410 611 τιμωρίαν.
1465 527 1581 602 τὰς
1607 524 1681 593 δὲ
1709 526 1850 593 κατ’
1879 527 2191 593 ἐνιαυτὸν
2228 555 2259 601 6

264 635 554 719 ἀλλαγὰς
616 644 751 700 τῶν
815 642 1234 719 στρατιωτῶν
1300 631 1687 716 ἐπενόησεν,
1751 635 1863 701 ἵνα
1926 633 2089 721 πρὶν
2147 634 2187 718 ἢ

260 747 480 818 καλῶς
525 747 917 825 γνωσθῆναι
958 743 1117 817 τοὺς
1153 740 1565 824 στρατηγοὺς
1608 737 1719 803 καὶ
1753 745 1910 818 τοὺς
1945 744 2189 819 ἄλλους

263 848 560 925 ἅπαντας
610 842 724 913 ὑπ’
777 846 1113 932 ἀλλήλων,
1168 846 1443 922 ἕκαστος
1497 848 1592 923 εἰς
1637 846 1759 929 τὴν
1815 849 1994 913 ἰδίαν
2048 851 2189 914 δια-

212 974 243 1015 5
270 957 620 1040 χωρίζηται
663 954 980 1039 πατρίδα·
1038 952 1075 1018 ὁ
1121 953 1249 1038 γὰρ
1296 955 1507 1028 πολὺς
1550 954 1792 1038 χρόνος
1835 961 1952 1036 τῆς
1998 970 2190 1040 στρα-

263 1064 442 1138 τείας
514 1060 862 1147 ἐμπειρίαν
937 1083 1007 1124 τε
1080 1069 1217 1124 τῶν
1290 1060 1455 1124 κατὰ
1526 1060 1648 1128 τὸν
1719 1061 2011 1143 πόλεμον
2083 1059 2192 1124 καὶ

262 1171 582 1255 φρόνημα
625 1177 768 1244 τοῖς
820 1166 1098 1251 ἡγεμόσι
1143 1167 1556 1250 περιτίθησι,
1601 1163 1715 1231 καὶ
1756 1166 1833 1230 τὸ
1881 1170 2192 1231 πλεῖστον

260 1274 574 1359 ἀφορμὰς
641 1272 993 1359 παρέχεται
1058 1272 1347 1356 μεγάλας
1407 1274 1573 1357 πρὸς
1644 1272 2018 1339 ἀπόστασιν
2082 1271 2193 1338 καὶ

265 1384 699 1465 συνωμοσίαν
742 1382 908 1445 κατὰ
952 1390 1088 1444 τῶν
1133 1377 1543 1463 ἡγουμένων.
1622 1382 1699 1445 τὸ
1748 1378 1821 1446 δὲ
1867 1378 2021 1465 μηδ’
2066 1374 2186 1463 ὑφ’
2232 1405 2261 1453 7

180 1509 236 1548 10
266 1486 418 1564 ἑνὸς
472 1496 607 1552 τῶν
663 1487 917 1565 ἔξωθεν
975 1491 1388 1570 θεωρεῖσθαι
1439 1493 1556 1569 τῆς
1611 1482 1733 1569 μὲν
1777 1485 1930 1572 περὶ
1986 1487 2192 1552 αὐτὸν

263 1600 529 1676 τρυφῆς
574 1592 857 1675 ἄγνοιαν
900 1594 1245 1676 παρείχετο
1293 1601 1484 1675 πᾶσι,
1538 1594 1844 1676 καθάπερ
1894 1590 1967 1660 δὲ
2022 1595 2190 1660 θεὸν

267 1698 561 1780 ἀόρατον
617 1698 730 1761 διὰ
782 1698 901 1762 τὸν
956 1700 1174 1782 φόβον
1229 1698 1500 1776 ἕκαστος
1554 1695 1714 1765 οὐδὲ
1767 1702 1943 1789 λόγῳ
1990 1703 2189 1783 βλασ-

268 1812 521 1886 φημεῖν
575 1803 832 1888 ἐτόλμα.
924 1807 1334 1891 στρατηγοὺς
1389 1804 1463 1871 δὲ
1525 1804 1638 1872 καὶ
1692 1808 2027 1893 σατράπας
2079 1806 2191 1871 καὶ
2563 1829 2569 1894 1

265 1910 624 1994 διοικητάς,
671 1912 767 1975 ἔτι
806 1906 879 1976 δὲ
918 1913 1229 1989 δικαστὰς
1273 1908 1431 1979 καθ’
1472 1912 1752 1979 ἕκαστον
1790 1917 1993 1990 ἔθνος
2030 1912 2189 1977 ἄπο-
2563 1927 2566 2006 Q

183 2038 236 2079 15
265 2015 486 2094 δείξας
542 2014 653 2083 καὶ
706 2019 914 2083 τᾶλλα
964 2020 1185 2085 ’πάντα
1247 2018 1556 2100 διατάξας
1616 2021 1706 2098 ὥς
1762 2014 1910 2086 ποτ’
1963 2017 2191 2097 ἔδοξεν

265 2123 444 2211 αὐτῷ
490 2122 882 2210 συμφέρειν,
927 2127 1048 2190 τὸν
1082 2135 1205 2191 τοῦ
1254 2129 1370 2209 ζῆν
1404 2129 1654 2210 χρόνον
1697 2125 2079 2209 κατέμεινεν
2116 2124 2190 2189 ἐν
2565 2180 2569 2227 l

263 2238 343 2315 τῇ
408 2232 621 2320 Νίνῳ.
710 2234 1184 2335 παραπλησίως
1247 2229 1324 2296 δὲ
1385 2233 1600 2319 τούτῳ
1664 2230 1775 2296 καὶ
1840 2233 1911 2297 oc
1967 2233 2189 2298 λοιποὶ
2229 2258 2259 2305 8
2561 2252 2569 2327 ξ

264 2340 580 2421 βασιλεῖς,
617 2347 774 2415 παῖς
799 2339 978 2423 παρὰ
1013 2339 1260 2423 πατρὸς
1294 2339 1764 2422 διαδεχόμενος
1800 2339 1921 2422 τὴν
1959 2338 2189 2425 ἀρχήν,

270 2441 374 2507 ἐπὶ
427 2446 659 2526 γενεὰς
703 2445 1058 2531 τριάκοντα
1116 2444 1556 2527 ἐβασίλευσαν
1601 2443 1791 2531 μέχρι
1836 2447 2190 2531 Σαρδανα-
2563 2338 2569 2547 i

192 2570 247 2609 20
271 2549 552 2615 πάλλου·
600 2549 707 2617 ἐπὶ
752 2552 995 2617 τούτου
1041 2552 1167 2637 γὰρ
1205 2552 1246 2636 ἡ
1294 2561 1429 2617 τῶν
1468 2549 1838 2639 Ἀσσυρίων
1871 2554 2190 2639 ἡγεμονία

271 2653 619 2738 μετέπεσεν
674 2660 769 2736 εἰς
814 2660 1128 2743 Μήδους,
1185 2661 1297 2743 ἔτη
1355 2660 1748 2744 διαμείνασα
1801 2664 2004 2727 πλείω
2055 2674 2191 2728 τῶν
2559 2584 2569 2853 Ι

268 2765 502 2848 χιλίων
554 2764 665 2831 καὶ
717 2769 1120 2853 τριακοσίων
1176 2767 1300 2848 [ἔτι
1347 2760 1410 2831 δ’
1463 2765 1839 2852 ἑξήκοντα],
1885 2770 2188 2853 καθάπερ

270 2870 437 2956 φησὶ
483 2875 775 2958 Κτησίας
822 2873 858 2938 ὁ
906 2875 1183 2950 Κνίδιος
1229 2872 1304 2939 ἐν
1348 2881 1427 2959 τῇ
1477 2873 1755 2962 δευτέρᾳ
1799 2878 2027 2965 βίβλῳ.

167 2997 266 3048 136
456 2979 553 3043 Τὰ
608 2973 668 3044 δ’
721 2979 1012 3064 ὀνόματα
1073 2979 1290 3044 πάντα
1350 2989 1486 3044 τῶν
1550 2979 1879 3064 βασιλέων
1940 2978 2052 3046 καὶ
2113 2982 2189 3045 τὸ
2211 2981 2295 3044 22

188 3103 241 3142 25
266 3089 528 3167 πλῆθος
572 3095 709 3150 τῶν
748 3084 916 3150 ἐτῶν
970 3081 1066 3150 ὧν
1110 3083 1383 3162 ἕκαστος
1428 3084 1856 3169 ἐβασίλευσεν
1912 3088 1995 3153 οὐ
2040 3108 2191 3151 κατ-

268 3193 516 3275 επείγει
551 3194 838 3278 γράφειν
877 3194 989 3257 διὰ
1032 3194 1106 3257 τὸ
1146 3193 1351 3277 μηδὲν
1395 3187 1508 3258 ὑπ’
1551 3194 1775 3260 αὐτῶν
1811 3184 2191 3277 πεπρᾶχθαι

413 3355 445 3403 2
483 3345 839 3418 καταλλαγὰς
873 3348 927 3402 ΙΙ
1070 3356 1105 3403 4
1142 3345 1245 3404 ἄπ’
1286 3349 1335 3402 D
1482 3347 1563 3411 εἰς
1599 3369 1643 3403 τ.
1686 3346 1721 3403 ἰ.
1763 3347 1996 3408 ἕκαστος
2030 3348 2191 3415 χωρί-

271 3421 431 3487 ζηται
467 3439 524 3474 π.
564 3419 717 3490 vulg.
831 3427 861 3475 7
897 3418 960 3475 τὸ
999 3420 1067 3487 Α,
1104 3417 1169 3474 τὸ
1207 3420 1312 3491 μὲν
1352 3418 1527 3473 ceteri
1635 3424 1667 3473 8
1708 3414 1954 3489 μεγάλας
1993 3434 2098 3471 om.
2138 3416 2192 3468 ΙΙ

272 3496 340 3544 10
377 3487 804 3579 μὲν]ἱᾶληθοῦς
839 3492 966 3547 add.
1009 3491 1117 3548 OF
1231 3498 1298 3545 13
1338 3488 1430 3561 δὲ]
1467 3509 1526 3544 τε
1567 3488 1615 3541 D
1736 3494 1802 3542 16
1843 3484 1906 3543 ἐν
1944 3504 2052 3543 om.
2094 3486 2197 3542 OF

271 3566 339 3615 18
375 3579 534 3632 παρα
572 3579 679 3616 om.
717 3563 766 3616 D
854 3568 920 3617 19
959 3558 1425 3632 Σαρδαναπάλου
1461 3560 1615 3628 vulg.
1656 3559 1918 3629 (semper)
2000 3564 2068 3613 22
2109 3556 2192 3613 ἔτι

268 3627 330 3684 δ’
372 3627 649 3703 ἑξήκοντα
687 3634 932 3702 codicem
980 3634 1049 3689 of.
1089 3649 1135 3689 ο.
1173 3638 1260 3699 28,
1282 3638 1315 3687 8
1463 3635 1533 3682 24
1567 3625 1796 3684 πάντων
1835 3628 1907 3684 F.
