2569 4061
1047 283 1102 337 11
1140 289 1224 340 51.
1254 290 1341 340 52.
2036 284 2167 351 253

239 446 695 531 ἀναθυμιάσει
756 448 1148 531 πνεύματος.
1241 448 1668 531 σμαράγδους
1723 451 1851 534 γὰρ
1915 446 2028 515 καὶ
2092 449 2172 513 τὰ
2208 470 2242 518 3

234 553 620 638 καλούμενα
656 554 984 639 βηρύλλια
1029 555 1195 619 κατὰ
1229 554 1347 630 τὰς
1385 553 1460 618 ἐν
1494 565 1635 630 τοῖς
1669 557 2171 643 χαλκουργείοις

235 663 627 743 μεταλλείας
672 662 991 744 γινόμενα
1038 660 1152 724 διὰ
1195 661 1320 743 τὴν
1358 659 1486 725 ἀπὸ
1523 670 1659 725 τῶν
1693 663 1905 726 θείων
1940 663 2170 749 βαφὴν

231 764 354 831 καὶ
408 765 727 833 σύνδεσιν
782 766 1312 854 συγχρῴζεσθαι,
1374 768 1533 843 τοὺς
1591 761 1666 830 δὲ
1719 770 2170 851 χρυσολίθους

117 895 234 944 164
258 872 395 937 ὑπὸ
430 873 826 950 καπνώδους
863 871 1377 957 ἀναθυμιάσεως
1410 872 1609 956 ἡλίου
1646 875 2008 958 θερμότητι
2043 897 2171 957 φυ-

173 999 204 1037 6
236 975 526 1062 ομένους
579 976 853 1058 λέγουσι
915 980 1274 1062 τυγχάνειν
1327 979 1571 1044 τούτου
1631 987 1756 1043 τοῦ
1810 976 2169 1062 χρώματος.

238 1083 350 1147 διὸ
414 1081 526 1148 καὶ
589 1086 748 1159 τοὺς
810 1082 1344 1168 ὀνομαζομένους
1404 1085 1913 1171 ψευδοχρύσους
1974 1107 2168 1149 κατα·
2206 1107 2241 1155 4

237 1191 684 1269 σκευάζεσθαι
728 1190 841 1255 διὰ
886 1199 1011 1254 τοῦ
1046 1195 1308 1273 θνητοῦ
1343 1188 1456 1255 καὶ
1492 1186 1604 1256 ὑπ’
1646 1191 2032 1276 ἀνθρώπων
2065 1213 2172 1274 γε-

234 1299 521 1379 γονότος
575 1297 786 1382 πυρὸς
839 1294 1280 1380 βαπτομένων
1336 1308 1471 1362 τῶν
1514 1300 1965 1383 κρυστάλλων.
2054 1299 2173 1376 τὰς

144 1426 206 1466 10
239 1399 318 1468 δὲ
370 1414 507 1468 τῶν
562 1401 926 1488 ἀνθράκων
981 1403 1220 1486 φύσεις
1278 1404 1502 1486 φωτὸς
1557 1405 1846 1490 δύναμιν
1900 1405 2171 1490 ἐμπιλη-

236 1516 486 1575 θεῖσαν
539 1516 619 1593 τῇ
674 1507 863 1591 πήξει
927 1506 1140 1591 φασὶν
1195 1508 1540 1574 ἀποτελεῖν
1594 1520 1685 1597 τῷ
1751 1516 2004 1594 μᾶλλον
2057 1510 2172 1577 καὶ

237 1612 446 1698 ἧττον
508 1615 626 1690 τὰς
688 1614 763 1678 ἐν
827 1614 1056 1692 αὐτοῖς
1119 1614 1467 1700 διαφοράς.
1558 1619 2031 1699 παραπλησίως
2096 1615 2171 1682 δὲ
2208 1638 2241 1686 5

238 1718 357 1785 καὶ
400 1720 516 1796 τὰς
558 1730 695 1785 τῶν
731 1720 987 1807 ὀρνέων
1030 1722 1297 1807 μορφὰς
1342 1718 1844 1809 ἐπιχρῴζεσθαι,
1889 1722 2007 1798 τὰς
2049 1718 2172 1804 μὲν

243 1825 758 1912 ὁλοπορφύρους
794 1826 1224 1912 φαινομένας,
1270 1828 1390 1904 τὰς
1436 1823 1511 1892 δὲ
1555 1827 1721 1894 κατὰ
1765 1825 1965 1913 μέρος
2008 1848 2172 1891 παν-

148 1954 210 1995 15
239 1936 454 2010 τοίαις
506 1936 736 2019 χρόαις
795 1933 1289 2018 διειλημμένας·
1357 1935 1439 2000 τὰ
1497 1930 1622 2017 μὲν
1675 1935 1808 2020 γὰρ
1860 1936 2172 2019 φλόγινα,

236 2042 322 2106 τὰ
369 2037 444 2106 δὲ
488 2041 825 2127 κροκώδη,
880 2041 1031 2106 τινὰ
1091 2038 1166 2107 δὲ
1211 2043 1774 2130 σμαραγδίζοντα,
1828 2042 2043 2106 πολλὰ
2099 2037 2173 2106 δὲ

239 2148 598 2233 χρυσοειδῆ
646 2150 1019 2231 φαίνεσθαι
1061 2150 1227 2213 κατὰ
1271 2150 1390 2225 τὰς
1433 2149 1601 2235 πρὸς
1644 2150 1719 2213 τὸ
1768 2160 1914 2232 φῶς
1959 2145 2172 2230 ἐγκλί-

241 2270 381 2331 σεις
435 2254 688 2336 αὐτῶν,
749 2252 863 2319 καὶ
916 2257 1220 2321 καθόλου
1264 2257 1643 2331 πολυειδεῖς
1685 2252 1801 2320 καὶ
1844 2257 2173 2341 δυσερμη-

240 2362 522 2438 νεύτους
567 2360 1038 2427 ἀποτελεῖσθαι
1083 2364 1312 2449 χρόας·
1360 2361 1521 2448 ὅπερ
1565 2359 1681 2426 καὶ
1717 2360 1826 2426 ἐπὶ
1869 2368 1988 2444 τῆς
2020 2357 2162 2426 κατ’

155 2487 213 2526 20
241 2467 538 2554 οὐρανὸν
593 2468 810 2553 ἴριδος
869 2468 1162 2553 ὁρᾶσθαι
1223 2471 1586 2552 γινόμενον
1638 2468 1769 2534 ὑπὸ
1833 2476 1956 2533 τοῦ
2019 2464 2173 2553 περὶ

240 2575 361 2638 τὸν
406 2575 600 2657 ἥλιον
645 2577 884 2658 φωτός.
971 2574 1045 2640 ἐκ
1091 2573 1166 2640 δὲ
1209 2576 1469 2641 τούτων
1513 2578 1672 2652 τοὺς
1716 2577 2168 2661 φυσιολόγους
2208 2598 2240 2646 6

242 2678 842 2764 συλλογιζομένους
896 2680 1398 2766 ἀποφαίνεσθαι
1445 2682 1618 2747 διότι
1676 2681 1788 2748 καὶ
1831 2684 1956 2766 τὴν
2000 2685 2171 2749 ἄνω-

239 2791 372 2850 θεν
407 2795 523 2870 τῆς
556 2797 693 2853 τῶν
727 2788 1231 2874 προειρημένων
1268 2787 1611 2872 ἐκφύσεως
1645 2793 1983 2864 ποικιλίαν
2018 2793 2169 2874 ἔβα-

239 2901 371 2969 ψεν
435 2890 472 2957 ὁ
538 2895 867 2977 συγγενὴς
936 2896 1302 2980 θερμασία,
1377 2896 1913 2982 συνεργήσαντος
1974 2897 2171 2981 ἡλίου

159 3013 213 3056 25
239 3006 362 3062 τοῦ
421 3000 907 3076 ζωοποιοῦντος
961 3001 1078 3077 τὰς
1141 2998 1437 3066 ἑκάστων
1496 3003 1777 3088 μορφάς.
1867 3004 2170 3068 καθόλου
2208 3025 2238 3073 7

244 3099 319 3168 δὲ
362 3100 476 3169 καὶ
519 3112 637 3188 τῆς
689 3104 845 3192 περὶ
895 3107 978 3171 τὰ
1031 3106 1210 3190 ἄνθη
1269 3107 1602 3194 διαφορᾶς
1652 3117 1769 3192 τῆς
1812 3110 2015 3192 χρόας
2059 3103 2170 3170 καὶ

388 3335 421 3384 5
456 3327 810 3400 θερμότητος
849 3331 955 3387 GE·
1022 3330 1317 3403 φυομένης
1353 3334 1569 3390 conicio
1717 3339 1747 3388 ’1
1784 3332 2167 3410 ψευδοχρυσο-

240 3401 445 3464 λίθους
481 3400 790 3456 Salmasius
898 3409 930 3458 9
968 3401 1072 3467 τὰς
1108 3434 1176 3444 -
1215 3403 1441 3476 φύσεις]
1477 3411 1601 3466 ταῖς
1624 3435 1685 3444 --
1710 3399 1915 3472 φύσεσι
1953 3399 2168 3454 nonime

247 3477 312 3525 11
352 3472 529 3541 φασὶν
565 3472 774 3539 Βὴοᾱ.,
813 3472 998 3546 φύσιν,
1028 3473 1250 3530 codices
1358 3477 1462 3548 τῷ]
1501 3473 1601 3528 καὶ
1635 3474 1712 3544 τῷ
1749 3469 1955 3528 Reiske
2099 3475 2169 3522 20

239 3545 388 3612 ἴριοσ
413 3543 461 3601 D
605 3551 676 3600 23
712 3546 812 3615 τῆς
847 3544 957 3601 del.
997 3550 1057 3602 et
1093 3543 1159 3602 ἐκ
1197 3542 1424 3614 φύσεως
1458 3545 1569 3613 leg.
1606 3540 1829 3597 Reiske.
