2569 4061
0 62 2569 170 Έ-

12 177 13 236 1

1016 325 1069 378 11
1107 328 1192 379 41.
1223 329 1309 377 42.
1347 330 1434 379 43.
2061 327 2192 393 239

260 490 558 574 χρήματα
612 497 752 563 τοῖς
796 488 1254 572 προσήκουσιν
1300 485 1755 555 ἀποδιδόασιν.
1848 489 1921 554 οἵ
1967 510 2037 553 τε
2095 489 2193 553 δι-
2230 511 2263 559 4

259 591 496 661 κασταὶ
551 595 670 670 τάς
722 596 973 679 κρίσεις
1029 589 1185 678 παρ’
1250 591 1477 669 αὐτοῖς
1531 592 1816 679 ἀκριβῶς
1880 595 2193 679 διαγινώ-

260 716 524 786 σκουσι,
569 699 680 766 καὶ
717 710 967 785 πικρῶς
1002 710 1142 776 τοῖς
1179 697 1639 785 ἁμαρτάνουσι
1675 703 2189 787 προσφέρονται.

259 805 415 892 περὶ
461 804 585 891 μὲν
631 801 758 872 οὖν
801 814 918 889 τῆς
956 802 1237 890 Ἰνδικῆς
1281 801 1393 870 καὶ
1447 814 1583 869 τῶν
1627 800 1771 870 κατ’
1824 807 2032 890 αὐτὴν
2078 809 2191 894 ἀρ-

204 932 236 972 5
267 911 850 998 χαιολογουμένων
896 911 1458 998 ἀρκεσθησόμεθα
1503 922 1644 988 τοῖς
1690 911 2015 997 ῥηθεῖσιν.

154 1041 260 1092 155
441 1018 615 1105 Περὶ
661 1009 735 1084 δὲ
779 1030 916 1084 τῶν
951 1022 1253 1083 Σκυθῶν
1298 1028 1433 1083 τῶν
1471 1019 1842 1083 οἰκούντων
1877 1019 1999 1101 τὴν
2037 1017 2191 1102 ὅμο-
2210 1024 2297 1088 43

264 1149 388 1210 ρον
432 1127 659 1211 χώραν
706 1124 780 1190 ἐν
826 1122 1010 1210 μέρει
1057 1122 1364 1207 διέξιμεν.
1445 1118 1632 1190 οὗτοι
1678 1126 1807 1211 γὰρ
1852 1125 1928 1189 τὸ
1967 1120 2089 1209 μὲν
2126 1122 2193 1203 ἐξ

260 1229 468 1317 ἀρχῆς
506 1231 742 1315 ὀλίγην
778 1228 1091 1314 ἐνέμοντο
1138 1230 1386 1314 χώραν,
1430 1230 1714 1318 ὕστερον
1760 1228 1835 1297 δὲ
1870 1229 2011 1297 κατ’
2058 1230 2193 1295 ὀλί-

263 1360 388 1419 γον
443 1335 849 1421 αὐξηθέντες
915 1336 1027 1401 διά
1088 1336 1205 1411 τὰς
1265 1334 1465 1413 ἀλκάς
1529 1337 1641 1403 καὶ
1695 1339 1820 1421 τὴν
1875 1338 2192 1425 ἀνδρείαν

182 1465 237 1505 10
263 1445 523 1529 πολλὴν
578 1440 702 1528 μὲν
756 1443 1240 1525 κατεκτήσαντο
1297 1442 1557 1528 χώραν,
1613 1446 1689 1509 τὸ
1738 1443 1797 1509 δ’
1852 1448 2054 1522 ἔθνος
2099 1447 2194 1523 εἰς

262 1551 559 1635 μεγάλην
611 1548 976 1633 ἡγεμονίαν
1029 1545 1140 1612 καὶ
1195 1547 1399 1626 δόξαν
1443 1552 1845 1634 προήγαγον.
1936 1554 2011 1616 τὸ
2067 1548 2190 1636 μὲν
2229 1559 2259 1605 2

263 1649 392 1720 οὖν
436 1661 703 1737 πρῶτον
741 1653 920 1737 παρὰ
957 1653 1076 1716 τὸν
1116 1647 1396 1738 Ἀράξην
1439 1655 1738 1737 ποταμὸν
1783 1655 1999 1737 ὀλίγοι
2042 1679 2191 1720 κατ-

264 1757 493 1847 ςόκουν
555 1762 892 1835 παντελῶς
962 1755 1075 1824 καὶ
1145 1759 1257 1824 διὰ
1329 1759 1454 1841 τὴν
1526 1756 1802 1836 ἀδοξίαν
1860 1782 2191 1845 καταφρο-

263 1864 608 1948 νούμενοι·
646 1862 764 1929 ἕνα
794 1861 1038 1931 δὲ’τῶν
1067 1864 1363 1951 ἀρχαίων
1400 1866 1662 1949 ἔχοντες
1687 1862 1965 1949 βασιλέα
1995 1870 2186 1949 φιλο-

179 1992 234 2036 15
263 1972 558 2055 πόλεμον
609 1968 723 2037 καὶ
779 1970 1187 2059 διαφέροντα
1243 1974 1607 2059 στρατηγίᾳ
1657 1973 2192 2059 προσεκτήσαντο

262 2080 520 2164 χώραν,
578 2085 696 2162 τῆς
751 2075 873 2163 μὲν
929 2079 1190 2164 ὀρεινῆς
1244 2078 1369 2156 ἕως
1423 2081 1591 2165 πρὸς
1643 2082 1763 2145 τὸν
1808 2080 2192 2164 Καύκασον,

260 2193 380 2269 τῆς
426 2181 500 2249 δὲ
543 2185 818 2269 πεδινῆς
862 2187 943 2250 τά
978 2187 1158 2272 παρὰ
1203 2187 1323 2250 τὸν
1362 2184 1661 2252 ὠκεανὸν
1697 2185 1807 2251 καὶ
1853 2187 1978 2271 τὴν
2014 2190 2194 2252 Μαι-

264 2302 427 2357 ῶτιν
481 2294 724 2377 λίμνην
779 2289 891 2357 καὶ
952 2292 1077 2374 τὴν
1133 2293 1344 2375 ἄλλην
1397 2293 1622 2378 χώραν
1680 2290 1802 2369 ἕως
1865 2294 2194 2370 Τανάιδος

263 2406 580 2483 ποταμοῦ.
673 2396 957 2483 ὕστερον
1023 2393 1098 2462 δὲ
1170 2403 1633 2482 μυθολογοῦσι
1695 2400 1968 2466 Σκύθαι
2031 2395 2186 2485 παρ’
2230 2409 2262 2457 3

183 2525 240 2566 20
268 2503 494 2581 αὑτοῖς
537 2502 859 2588 γενέσθαι
895 2511 1142 2589 γηγενῆ
1189 2503 1560 2590 παρθένον·
1608 2506 1859 2590 ταύτην
1908 2502 1969 2570 δ’
2018 2509 2193 2591 ἔχειν

266 2612 349 2675 τὰ
392 2608 514 2696 μὲν
559 2612 699 2677 ἄνω
738 2609 902 2697 μέρη
950 2621 1071 2677 τοῦ
1110 2613 1412 2696 σώματος
1448 2610 1639 2697 μέχρι
1679 2620 1797 2695 τῆς
1835 2614 2041 2699 ζώνης
2075 2637 2193 2696 γυ-

264 2729 554 2803 ναικεῖα,
615 2719 698 2782 τὰ
762 2714 837 2783 δὲ
895 2718 1229 2804 κατώτερα
1294 2717 1573 2802 ἐχίδνης.
1665 2719 1870 2804 ταύτῃ
1928 2715 2003 2786 δὲ
2055 2721 2192 2785 Δία

266 2822 543 2909 μιγέντα
587 2833 910 2909 γεννῆσαι
953 2825 1159 2890 παῖδα
1197 2825 1483 2908 Σκύθην
1528 2825 1758 2909 ὄνομα.
1839 2835 2080 2892 τοῦτον
2119 2822 2192 2891 δὲ

265 2933 632 3016 γενόμενον
678 2929 1205 3015 ἐπιφανέστατον
1249 2941 1384 2996 τῶν
1438 2932 1566 3016 πρὸ
1615 2932 1823 2997 αὐτοῦ
1876 2935 2035 3010 τοὺς
2079 2937 2192 2998 λα-

185 3055 239 3097 25
269 3039 388 3113 οὺς
452 3033 570 3122 ἀφ’
634 3035 875 3103 ἑαυτοῦ
930 3038 1212 3114 Σκύθας
1273 3046 1827 3124 προσαγορεῦσαι.
1918 3048 2054 3103 τῶν
2118 3034 2192 3101 δὲ

267 3142 624 3225 ἀπογόνων
677 3143 924 3208 τούτου
977 3151 1099 3208 τοῦ
1153 3141 1478 3226 βασιλέως
1533 3142 1869 3227 ἀδελφοὺς
1915 3143 2039 3206 δύο
2084 3164 2191 3223 γε-

267 3246 511 3313 νέσθαι
558 3249 930 3334 διαφόρους
975 3247 1204 3335 ἀρετῇ,
1263 3247 1373 3315 καὶ
1419 3250 1539 3314 τὸν
1583 3246 1705 3334 μὲν
1753 3248 2018 3329 Πάλον,
2071 3246 2191 3310 τὸν

413 3517 445 3566 6
482 3508 548 3566 δὲ
586 3512 724 3584 τῶν]
763 3509 829 3568 δὲ
866 3512 916 3566 D
1056 3516 1121 3566 11
1161 3506 1552 3581 προηγάγοντο
1589 3509 1639 3563 D
1778 3513 1845 3561 13
1883 3504 2189 3574 παντελῶς]

268 3576 448 3652 ὀλίγοι
487 3577 650 3647 ὄντες
687 3583 814 3638 add.
856 3583 906 3637 D
1091 3587 1161 3636 20
1197 3583 1407 3652 γηγενῆ
1447 3575 1587 3649 παρ’
1628 3598 1681 3632 α.
1719 3573 1999 3645 γενέσθαι
2036 3575 2190 3642 vulg.
