2569 4061
864 391 867 392 ⁷
954 329 1059 401 {lv
1095 335 1182 384 52.
1222 334 1306 385 53.
1998 332 2141 396 479.

205 474 392 577 εἶχον
447 491 755 571 ἐξουσίαν
813 492 965 557 οὔτε
1010 493 1085 556 τὸ
1143 488 1446 576 πραχθὲν
1492 485 1721 570 αὐταῖς
1778 495 1988 577 μύσος
2034 491 2122 559 δι’

204 599 466 683 ἀπάτην
511 598 1042 684 διορθώσασθαι.
1110 600 1342 682 διόπερ
1387 598 1629 675 ταύτας
1675 596 1796 683 μὲν
1843 600 2130 687 ὁρμῆσαι
2168 625 2202 673 5

204 704 467 789 λέγεται
521 709 891 792 στερίσκειν
936 705 1149 783 ἀὑτὰς
1202 715 1325 771 τοῦ
1383 709 1530 788 ζῆν,
1587 706 1706 770 τὸν
1761 700 1821 770 δ’
1868 705 2131 773 Ἰάσονα

205 815 690 896 κατελεήσαντα
743 814 825 878 τὰ
878 813 1066 896 πάθη
1132 822 1664 899 παρακατασχεῖν
1728 811 1958 896 αὐτάς,
2019 813 2130 879 καὶ

148 934 175 974 5
203 924 492 1005 θαρρεῖν
528 917 1075 1004 παρακαλέσαντα
1113 918 1448 983 δεικνύειν
1495 917 1583 994 ὡς
1626 917 1697 983 ἐκ
1742 920 1973 993 κακίας
2008 913 2130 1001 μὲν

206 1020 410 1091 οὐδὲν
454 1026 774 1112 ἥμαρτον,
829 1024 1159 1102 ἀκουσίως
1208 1020 1279 1090 δὲ
1328 1022 1414 1089 δι’
1471 1024 1729 1107 ἀπάτην
1775 1024 2127 1108 ἠτύχησαν.

203 1135 507 1197 καθόλου
563 1127 638 1196 δὲ
694 1139 855 1196 πᾶσι
916 1141 1058 1207 τοῖς
1106 1129 1507 1214 συγγενέσιν
1567 1130 2128 1214 ἐπαγγειλάμενον
2146 1133 2236 1200 53

205 1236 504 1314 ἐπιεικῶς
548 1235 660 1301 καὶ
705 1235 1183 1321 μεγαλοψύχως
1227 1240 1915 1323 προσενεχθήσεσθαι,
1972 1254 2130 1303 συν-

205 1354 482 1427 αγαγεῖν
528 1345 622 1420 εἰς
672 1341 1026 1427 ἐκκλησίαν
1071 1345 1152 1408 τὰ
1196 1346 1442 1428 πλήθη.
1535 1344 2128 1429 ἀπολογησάμενον

121 1466 177 1505 10
207 1447 282 1515 δὲ
318 1447 469 1534 περὶ
504 1460 640 1514 τῶν
675 1447 1177 1534 πεπραγμένων,
1215 1449 1327 1516 καὶ
1366 1451 1727 1530 διδάξαντα
1764 1454 1937 1517 διότι
1972 1456 2132 1529 τοὺς

205 1556 784 1642 προαδικήσαντας
819 1555 1142 1639 ἠμύνατο,
1189 1559 1514 1641 τιμωρίαν
1551 1555 1867 1624 ἐλάττονα
1905 1560 2129 1641 λαβὼν

207 1658 304 1728 ὧν
360 1662 558 1738 αὐτὸς
612 1660 985 1744 πέπονθεν,
1028 1656 1316 1751 Ἀκάστῳ
1373 1658 1495 1745 μὲν
1548 1671 1639 1751 τῷ
1701 1666 1953 1728 Πελίου
2007 1666 2131 1747 τὴν

204 1764 520 1857 πατρῴαν
574 1771 918 1852 βασιλείαν
974 1770 1426 1854 παραδοῦναι,
1473 1779 1608 1834 τῶν
1656 1766 1731 1834 δὲ
1784 1776 1906 1835 τοῦ
1951 1771 2129 1852 βασι-

205 1873 370 1952 λέως
424 1874 820 1962 θυγατέρων
877 1875 1152 1956 ἀξιῶσαι
1207 1875 1414 1942 αὐτὸν
1470 1878 1799 1962 φροντίδα
1854 1878 2129 1959 ποιήσα-

127 1995 178 2037 15
207 1989 386 2049 σθαι.
477 1981 589 2049 καὶ
644 1981 849 2069 πέρας
902 1981 1292 2050 συντελέσαι
1335 1983 1460 2067 τὴν
1514 1983 1875 2069 ὑπόσχεσιν
1923 1983 2128 2049 αὐτόν
2164 2003 2200 2053 2

209 2105 375 2171 φασι
439 2091 599 2173 μετά
658 2113 809 2156 τινα
873 2093 1120 2177 χρόνον
1178 2093 1650 2157 συνοικίσαντα
1714 2090 1929 2167 πάσας
1990 2101 2130 2168 τοῖς

209 2193 767 2278 ἐπιφανεστάτοις.
816 2195 1174 2280 ’Ἀλκηστιν
1211 2193 1335 2281 μὲν
1363 2198 1491 2282 γὰρ
1519 2197 1643 2280 τὴν
1668 2197 2129 2283 πρεσβυτάτην

209 2298 522 2387 ἐκδοῦναι
557 2304 723 2388 πρὸς
758 2305 976 2387 γάμον
1008 2301 1304 2392 Ἀδμήτῳ
1341 2311 1433 2390 τῷ
1468 2302 1763 2389 Φέρητος
1802 2307 2126 2392 Θετταλῷ,

153 2428 159 2433 ·
203 2403 619 2492 Ἀμφινόμην
665 2406 740 2474 δὲ
778 2408 1207 2496 Ἀνδραίμονι
1252 2409 1596 2489 Λεοντέως
1642 2411 1946 2500 ἀδελφῷ,
1992 2411 2126 2477 Εὐ-

130 2527 181 2567 20
210 2514 424 2596 άδνην
479 2509 552 2578 δὲ
597 2515 789 2600 Κάνῃ
846 2525 937 2603 τῷ
987 2517 1338 2601 Κεφάλου,
1392 2515 1683 2583 Φωκέων
1735 2520 1891 2583 τότε·
1938 2520 2128 2602 βασι-

208 2620 488 2686 λεύοντι.
579 2629 786 2685 ταῦτα
849 2618 972 2705 μὲν
1035 2623 1243 2690 αὐτὸν
1304 2623 1589 2711 ὕστερον
1642 2623 1914 2709 πρᾶξαι,
1978 2627 2124 2690 τότε

209 2724 280 2794 δὲ
316 2728 479 2812 μετὰ
523 2738 659 2793 τῶν
697 2727 1024 2813 ἀριστέων
1070 2732 1165 2808 εἰς
1190 2729 1469 2816 Ἰσθμὸν
1504 2732 1623 2797 τὸν
1671 2731 1744 2797 ἐν
1781 2737 2127 2798 Πελοπον-

207 2838 388 2925 νήσῳ
442 2835 822 2901 πλεύσαντα
875 2839 1130 2902 θυσίαν
1185 2836 1553 2904 ἐπιτελέσαι
1606 2847 1697 2926 τῷ
1746 2840 2126 2903 Ποσειδῶνι

209 2939 315 3006 καὶ
370 2948 779 3027 καθιερῶσαι
833 2942 958 3026 τὴν
997 2940 1208 3028 Ἀργὼ
1263 2953 1355 3032 τῷ
1410 2950 1568 3033 θεῷ.
1661 2944 1994 3028 ἀποδοχῆς
2049 2940 2123 3008 δὲ
2161 2960 2197 3006 3

134 3058 183 3098 25
211 3046 492 3129 μεγάλης
547 3048 961 3131 τυγχάνοντα
1013 3050 1191 3133 παρὰ
1244 3058 1336 3138 τῷ
1390 3053 1651 3133 βασιλεῖ
1701 3060 1836 3113 τῶν
1881 3052 2126 3134 Κοριν-

387 3316 415 3362 1
457 3307 607 3378 ἔχειν
645 3309 698 3363 II
879 3318 911 3366 8
950 3313 1391 3380 μεγαλοπρεπῶς
1427 3313 1481 3365 II
1665 3315 1730 3364 10
1770 3309 2036 3374 δείξαντα
2073 3307 2123 3361 D

211 3385 274 3433 11
320 3382 617 3453 τιμωρίαν]
669 3384 1041 3450 διατιμωρίαν
1079 3374 1128 3435 D
1333 3390 1398 3437 12
1448 3377 1662 3454 ἑκάστῳ
1699 3380 1794 3434 DF
1831 3381 1900 3450 (c.
1941 3384 2027 3449 55,
2065 3381 2121 3445 2)

211 3456 276 3505 14
311 3446 550 3517 ἀξιῶσαι
586 3449 765 3508 αύτόν
803 3454 871 3519 D,
910 3451 1080 3518 ἀξίως
1119 3448 1325 3509 ἑαυτὸν
1364 3454 1415 3507 II
1576 3459 1646 3507 20
1682 3447 1846 3523 Κάνῃ
1885 3451 2000 3540 τῷζι
2027 3450 2122 3503 καὶ

208 3541 336 3577 νιτω
366 3521 433 3589 Ι),
471 3520 800 3578 καπατώνει
826 3522 993 3578 CEG²
1069 3522 1335 3596 Φωκέων]
1367 3521 1671 3579 Φυλακέων
1701 3521 1795 3577 AB
1869 3528 1934 3576 21
1965 3540 2124 3577 υστε-

208 3611 303 3659 ρον
342 3590 520 3649 αὐτὸν
560 3595 709 3665 vulg.
857 3600 924 3649 22
964 3591 1053 3666 ἐν]
1094 3592 1188 3651 ἐπὶ
1225 3595 1291 3650 D.
