2569 4061
928 351 953 403 1
990 356 1077 407 50.
1118 357 1203 405 51.
1959 353 2045 417 89

115 516 366 598 χρόνον
420 512 493 578 ἐν
547 514 821 590 ταύταις
876 513 1246 578 οἰκούντων
1299 513 1518 598 ἡμῶν,
1569 518 1727 592 τοὺς
1785 510 1859 580 δὲ
1912 525 2049 581 τῶν

2 643 72 692 61
117 622 674 703 τετελευτηκότων
718 620 978 703 τάφους
1022 619 1283 696 ἀιδίους
1321 626 1548 697 οἴκους
1595 621 2049 706 προσαγορεύ-

121 741 338 809 ουσιν,
378 726 465 803 ὡς
502 725 577 791 ἐν
605 724 777 813 ᾅδου
817 727 1308 791 διατελούντων
1343 727 1462 790 τὸν
1498 728 1777 810 ἄπειρον
1811 730 2048 793 αἰῶνα·

120 834 355 916 διόπερ
402 844 537 898 τῶν
584 829 707 918 μὲν
751 834 917 899 κατὰ
960 833 1077 910 τὰς
1124 836 1336 910 οἰκίας
1379 844 1807 899 κατασκευῶν
1851 829 2051 916 ἦττον

62 957 92 997 5
121 942 574 1024 φροντίζουσι,
612 938 767 1025 περὶ
804 936 878 1004 δὲ
914 941 1030 1016 τὰς
1056 941 1273 1024 ταφὰς
1309 938 1693 1025 ὑπερβολὴν
1730 938 1854 1003 οὐκ
1891 937 2051 1004 ἀπο-

119 1048 425 1111 λείπουσι
489 1047 887 1131 φιλοτιμίας.
977 1047 1102 1128 τὴν
1166 1042 1241 1110 δὲ
1305 1044 1796 1131 προειρημένην
1854 1047 2052 1110 πόλιν
2088 1069 2119 1115 3

120 1151 592 1237 ὀνομασθῆναί
647 1150 824 1229 τινές
888 1169 1097 1235 φασιν
1162 1152 1290 1216 ἀπὸ
1353 1161 1470 1235 τῆς
1528 1152 1870 1238 θυγατρὸς
1931 1160 2054 1215 τοῦ

120 1261 467 1337 κτίσαντος
502 1258 715 1342 αὐτὴν
746 1257 1088 1342 βασιλέως.
1150 1260 1395 1343 ταύτης
1432 1256 1507 1323 δὲ
1545 1264 2056 1344 μυθολογοῦσιν

125 1364 489 1450 ἐρασθῆναι
535 1367 654 1430 τὸν
698 1366 999 1449 ποταμὸν
1036 1367 1291 1430 Νεῖλον
1337 1365 1759 1450 ὁμοιωθέντα
1804 1365 2053 1454 ταύρῳ,

39 1489 95 1528 10
123 1469 236 1536 καὶ
271 1480 586 1554 γεννῆσαι
622 1473 741 1538 τὸν
787 1468 887 1536 ἐπ’
934 1470 1133 1557 ἀρετῇ
1178 1471 1664 1557 θαυμασθέντα
1700 1473 1880 1559 παρὰ
1914 1482 2055 1547 τοῖς

123 1577 471 1663 ἐγχωρίοις
530 1584 908 1662 Λῖᾳωπτον,
983 1572 1102 1662 ἀφ’
1166 1572 1249 1644 οὗ
1320 1577 1434 1645 καὶ
1504 1580 1628 1661 τὴν
1701 1580 2055 1662 σύμπασαν

124 1684 354 1767 χώραν
407 1694 633 1766 τυχεῖν
687 1693 803 1766 τῆς
846 1688 1314 1771 προσηγορίας.
1407 1684 1883 1768 διαδεξάμενον
1927 1686 2054 1768 γὰρ
2091 1707 2125 1753 4

125 1795 373 1852 τοῦτον
416 1788 540 1871 τὴν
583 1788 943 1874 ἡγεμονίαν
986 1790 1308 1875 γενέσθαι
1344 1788 1622 1873 βασιλέα
1668 1789 2055 1874 φιλάνθρω-

126 1915 261 1958 πον
312 1892 423 1959 καὶ
478 1896 739 1973 δίκαιον
791 1895 902 1961 καὶ
953 1901 1257 1963 καθόλου
1313 1897 1690 1962 σπουδαῖον
1744 1895 1821 1961 ἐν
1868 1903 2056 1959 πᾶσι·

41 2017 96 2059 15
127 2002 235 2067 διὸ
279 2000 390 2068 καὶ
434 2005 722 2088 μεγάλης
776 2003 1111 2089 ἀποδοχῆς
1158 2004 1557 2090 ἀξιούμενον
1607 2003 1740 2073 ὑπὸ
1787 2001 2062 2068 πάντων

127 2109 239 2173 διὰ
282 2110 406 2193 τὴν
452 2111 728 2175 εὔνοιαν
772 2122 999 2193 τυχεῖν
1042 2119 1161 2192 τῆς
1204 2110 1688 2196 προειρημένης
1730 2117 1938 2194 τιμῆς.

304 2219 499 2281 Μετὰ
563 2212 639 2278 δὲ
708 2215 828 2278 τὸν
893 2214 1380 2298 προειρημένον
1451 2215 1726 2296 βασιλέα
1801 2216 2059 2280 δώδεκα
2094 2236 2127 2282 5

125 2330 389 2422 γενεαῖς
451 2320 742 2403 ὕστερον
804 2318 1273 2401 διαδεξάμενος
1335 2319 1460 2400 τὴν
1511 2314 1654 2382 κατ’
1713 2325 2060 2399 Αἴγυπτον

125 2427 497 2511 ἡγεμονίαν
549 2427 804 2508 Μοῖρις
857 2421 931 2487 ἐν
986 2419 1112 2507 μὲν
1161 2429 1241 2508 τῇ
1298 2421 1593 2508 Μέμφει·
1626 2424 2061 2491 κατεσκεύασε

40 2551 100 2592 20
128 2534 215 2597 τὰ
260 2533 488 2616 βόρεια
532 2530 946 2615 προπύλαια,
992 2537 1072 2615 τῇ
1129 2533 1657 2619 μεγαλοπρεπείᾳ
1701 2533 1873 2596 πολὺ
1926 2542 2061 2597 τῶν

128 2641 355 2705 ἄλλων
398 2635 827 2723 ὑπερέχοντα,
874 2634 1100 2702 ἐπάνω
1147 2632 1221 2701 δὲ
1266 2645 1382 2720 τῆς
1425 2638 1680 2714 πόλεως
1726 2637 1852 2704 ἀπὸ
1902 2639 2060 2706 δέκα

130 2748 422 2829 σχοίνων
457 2747 702 2829 λίμνην
730 2744 943 2829 ὤρυξε
977 2752 1059 2829 τῇ
1096 2740 1221 2828 μὲν
1256 2744 1612 2833 εὐχρηστίᾳ
1637 2751 2058 2832 θαυμαστήν,

128 2860 221 2939 τῷ
283 2848 353 2916 δὲ
411 2849 682 2935 μεγέθει
734 2860 871 2914 τῶν
928 2853 1144 2937 ἔργων
1204 2851 1512 2917 ἄπιστον·
1571 2852 1695 2935 τὴν
1754 2848 1877 2937 μὲν
1933 2853 2061 2938 γὰρ
2099 2874 2129 2920 6

129 2959 529 3043 περίμετρον
583 2955 788 3039 αὐτῆς
834 2973 1044 3040 φασιν
1096 2956 1425 3043 ὑπάρχειν
1478 2958 1770 3022 σταδίων
1813 2974 2060 3044 τρισχι*

50 3081 103 3121 2⁵
132 3065 301 3131 λίων
343 3061 455 3129 καὶ
503 3062 886 3147 ἑξακοσίων,
930 3065 1005 3129 τὸ
1053 3060 1129 3128 δὲ
1166 3064 1383 3146 βάθος
1427 3062 1502 3128 ἐν
1545 3073 1687 3141 τοῖς
1730 3067 2064 3139 πλείστοις

132 3168 404 3256 μέρεσιν
449 3168 748 3254 ὀργυιῶν
779 3171 1219 3252 πεντήκοντα·
1262 3169 1429 3234 ὥστε
1465 3172 1565 3245 τίς
1611 3169 1737 3235 οὐκ
1782 3169 1866 3233 ἂν
1903 3167 2061 3231 ἀνα-

134 3277 558 3359 λογιζόμενος
600 3274 676 3338 τὸ
723 3272 1009 3358 μέγεθος
1055 3283 1179 3340 τοῦ
1223 3275 1848 3360 κατασκευάσματος
1893 3273 2061 3336 εἰκό-

15 3425 24 3430 -
133 3405 264 3459 τως
338 3383 606 3465 ζητήσαι
676 3383 879 3446 πόσαι
951 3382 1269 3467 μυριάδες
1343 3379 1617 3466 ἀνδρῶν
1685 3379 1758 3442 ἐν
1829 3378 2065 3450 πόσοις

282 3544 315 3593 7
371 3537 521 3600 τινές
556 3537 664 3593 del.
703 3537 947 3593 Dindorf
1112 3543 1145 3590 8
1202 3534 1616 3603 μυθολογοῦσι]
1654 3550 1803 3592 τινες
1838 3529 1967 3586 add.
2006 3527 2070 3585 F

140 3616 207 3664 19
245 3606 435 3678 Μύρις
470 3607 585 3662 DF
725 3615 793 3663 20
829 3605 977 3663 πολὺ
1015 3624 1123 3662 om.
1165 3606 1269 3660 OF.
