2569 4061
1074 347 1153 402 111
1192 353 1240 401 9.
1283 352 1365 401 10.
1702 428 1707 429 γ
2065 352 2196 416 279

269 521 410 587 τοῖς
456 512 776 591 Αἰθίοψι,
836 506 948 574 καὶ
1006 510 1172 594 πρὸς
1228 509 1557 593 ἀλλήλους
1611 509 1778 598 ὑπὲρ
1826 514 2032 579 αὐτοῦ
2078 537 2197 580 πο-

272 623 629 702 λεμοῦντες
674 617 1071 680 διατελοῦσι.
1157 624 1360 702 φοιτᾷ
1408 615 1469 703 δ’
1516 618 1610 693 εἰς
1645 618 1852 685 αὐτὸν
1887 619 1999 686 καὶ
2036 626 2196 705 πλῆ-
2234 644 2265 691 2

269 729 399 801 θος
463 723 844 806 ἐλεφάντων
900 721 971 786 ἐκ
1024 731 1139 806 τῆς
1196 723 1335 787 ἄνω
1395 723 1642 808 χώρας,
1709 726 1798 801 ὡς
1852 722 1975 810 μὲν
2028 730 2198 793 ἔνιοι

274 830 574 914 λέγουσι,
642 831 753 894 διὰ
816 830 941 913 τὴν
1007 830 1359 907 δαψίλειαν
1421 828 1530 894 καὶ
1593 831 1718 914 τὴν
1775 831 2029 915 ἡδονὴν
2082 842 2197 916 τῆς

212 955 242 995 5
270 947 507 1023 νομῆς·
567 936 680 1021 ἕλη
737 938 866 1022 γὰρ
922 937 1279 1020 θαυμαστὰ
1332 940 1826 1022 παρεκτείνεται
1878 950 2019 1015 τοῖς
2064 944 2195 1022 χεί-

267 1050 411 1109 λεσι
456 1052 577 1108 τοῦ
623 1051 955 1126 ποταμοῦ,
1010 1047 1257 1126 πολλῆς
1310 1040 1422 1107 καὶ
1475 1045 1793 1120 παντοίας
1848 1043 1922 1109 ἐν
1968 1045 2195 1124 αὐτοῖς

268 1149 610 1235 φυομένης
636 1158 907 1235 τροφῆς.
968 1149 1200 1234 διόπερ
1231 1149 1393 1213 ὅταν
1421 1151 1792 1231 γεύσωνται
1817 1159 1939 1216 τοῦ
1966 1154 2193 1237 θρύου
2230 1175 2261 1222 3

264 1256 376 1323 καὶ,
429 1266 551 1322 τοῦ
606 1258 938 1340 καλάμου,
1005 1256 1117 1320 διὰ
1170 1256 1296 1339 τὴν
1341 1256 1713 1341 γλυκύτητα
1768 1266 1886 1340 τῆς
1938 1268 2193 1344 τροφῆς

265 1362 450 1448 μένει
487 1362 598 1428 καὶ
634 1364 758 1445 τὴν
804 1373 940 1427 τῶν
987 1361 1370 1447 ἀνθρώπων
1418 1363 1680 1428 δίαιταν
1726 1367 2190 1451 καταφθείρει·

181 1489 237 1527 10
266 1468 354 1534 δι’
390 1470 476 1553 ἣν
514 1470 733 1534 αἰτίαν
769 1469 1374 1552 καταναγκάζονται
1413 1469 1690 1552 φεύγειν
1725 1472 1871 1551 [εἰς]
1910 1474 2192 1548 τούτους

264 1579 423 1651 τοὺς
449 1577 714 1658 τόπους,
754 1578 940 1652 ὄντες
966 1576 1254 1659 νομάδες
1291 1572 1401 1639 καὶ
1430 1586 1754 1658 σκηνῖται,
1791 1579 1865 1641 τὸ
1896 1578 2187 1643 σύνολον

264 1691 357 1770 τῷ
398 1681 805 1767 συμφέροντι
830 1684 946 1759 τὰς
980 1682 1303 1767 πατρίδας
1340 1681 1683 1766 ὁρίζοντες.
1758 1682 1832 1746 αἰ
1863 1679 1926 1746 δ’
1961 1682 2189 1766 ἀγέλαι
2224 1706 2260 1755 4

264 1799 402 1853 τῶν
448 1788 814 1874 εἰρημένων
858 1792 1121 1874 θηρίων
1158 1789 1281 1871 τὴν
1319 1789 1670 1872 μεσόγειον
1713 1788 1938 1874 χώραν
1983 1788 2187 1855 ἐκλεί-

260 1911 465 1962 πουσι
494 1897 606 1961 διὰ
635 1897 880 1961 σπάνιν
911 1905 1185 1981 τροφῆς,
1233 1896 1346 1960 ἅτε
1385 1897 1729 1978 συντόμως
1765 1906 1899 1960 τῶν
1938 1896 2188 1980 φυομέ-

179 2019 231 2060 15
258 2027 399 2069 νων
456 2002 530 2068 ἐν
584 2012 664 2089 τῇ
711 2011 794 2089 γῇ
841 2003 1113 2068 πάντων
1161 2000 1657 2086 αὐαινομένων·
1714 2003 1826 2067 διὰ
1879 2003 2007 2088 γὰρ
2062 2002 2186 2086 τὴν

257 2120 379 2176 τοῦ
432 2112 766 2196 καύματος
819 2110 1198 2194 ὑπερβολὴν
1253 2108 1365 2174 καὶ
1423 2111 1549 2192 τὴν
1601 2110 1997 2194 λειψυδρίαν
2049 2120 2185 2174 τῶν

256 2221 561 2302 πηγαίων
586 2215 697 2281 καὶ
733 2219 1076 2301 ποταμίων
1103 2215 1373 2281 ὑδάτων
1399 2217 1687 2300 σκληρὰς
1712 2213 1823 2281 καὶ
1860 2218 2184 2293 σπανίους

258 2327 611 2408 συμβαίνει
647 2325 962 2405 γίνεσθαι
997 2324 1115 2398 τάς
1150 2322 1421 2407 τροφάς.
1500 2321 1589 2398 ὡς
1626 2320 1707 2385 δέ
1737 2320 1912 2398 τινές
1950 2338 2179 2406 φασιν,
2220 2344 2252 2393 5

255 2432 445 2515 ὄφεις
506 2426 886 2513 θαυμαστοὶ
950 2431 1253 2511 γίνονται
1316 2431 1392 2493 τό
1456 2451 1525 2492 τε
1590 2427 1875 2512 μέγεθος
1935 2427 2048 2493 καὶ
2105 2431 2180 2496 τὸ

173 2553 230 2592 20
258 2539 517 2618 πλῆθος
553 2538 716 2601 κατὰ
752 2537 876 2619 τὴν
905 2536 1213 2620 θηριώδη
1243 2533 1665 2618 καλουμένην
1702 2535 1952 2620 χώραν·
1993 2530 2181 2602 οὗτοι

257 2639 331 2708 δὲ
404 2640 556 2728 περὶ
626 2644 743 2719 τὰς
816 2642 1167 2718 συστάσεις
1237 2653 1373 2706 τῶν
1436 2640 1705 2706 ὑδάτων
1771 2641 2178 2709 ἐπιτίθενται

250 2760 391 2826 τοῖς
437 2748 743 2833 ἐλέφασι,
799 2746 911 2814 καὶ
955 2747 1311 2834 τραπέντες
1357 2750 1452 2824 εἰς
1497 2747 1706 2830 ἀλκὴν
1750 2749 2178 2834 περιπλέκον-

249 2879 358 2921 ται
404 2866 547 2932 ταῖς
593 2858 893 2941 σπείραις
930 2857 1025 2930 εἰς
1068 2857 1150 2919 τά
1195 2853 1416 2938 σκέλη,
1462 2852 1574 2919 καὶ
1619 2853 1822 2939 πέρας
1868 2855 1992 2934 ἕως
2025 2859 2179 2924 τού-

249 2985 373 3028 του
428 2961 788 3046 συνέχουσι
841 2964 1219 3046 βιαζόμενοι
1271 2958 1384 3026 καὶ
1444 2964 1840 3045 σφίγγοντες
1884 2974 2025 3039 τοῖς
2072 2967 2178 3029 δε*

167 3083 221 3124 25
250 3080 443 3153 σμοῖς
507 3067 631 3144 ἕως
694 3067 779 3133 ἂν
844 3068 1222 3153 ἀφρίσαντα
1284 3068 1366 3131 τὰ
1429 3071 1639 3152 θηρία
1700 3067 1866 3153 πέσῃ
1926 3068 2038 3131 διὰ
2100 3069 2174 3132 τὸ

142 3193 244 3244 181
266 3176 489 3259 βάρος.
556 3172 753 3239 ἔπειτ’
791 3173 1258 3259 ἀθροιζόμενοι
1295 3175 1370 3238 τὸ
1407 3174 1616 3238 πεσὸν
1646 3182 2172 3258 σαρκοφαγοῦσι,

248 3280 495 3367 ῥᾳδίως
523 3280 1028 3363 ἐπικρατοῦντες
1057 3282 1168 3344 διὰ
1203 3282 1328 3363 τὴν
1357 3281 1796 3363 δυσκινησίαν
1823 3288 1945 3343 τοῦ
1984 3273 2171 3365 ζῴου.

246 3386 776 3471 ἀπολειπομένου
835 3384 900 3451 δ’
956 3385 1404 3472 ἀπορήματος,
1468 3386 1579 3449 διὰ
1633 3381 1760 3447 τίν’
1815 3384 2033 3448 αἰτίαν
2090 3384 2172 3448 οὐ
2210 3400 2242 3448 6

389 3549 421 3598 9
461 3545 796 3614 διαφθείρει
831 3542 880 3596 D
1067 3548 1132 3596 10
1183 3537 1608 3611 ἀναγκάζονται
1645 3538 1685 3591 C
1869 3535 1950 3599 εἰς
1986 3536 2173 3593 delevi

245 3619 315 3668 28
354 3609 811 3685 ἀπολειπομένου
843 3613 909 3683 G,
946 3608 1391 3682 ἀπολειπόμενοι
1419 3613 1525 3665 cet.
