2569 4061
373 273 506 339 334
1040 271 1349 329 DIODORI
1386 271 1622 327 SICULI

372 439 614 511 κόλπος
660 431 1046 518 εὐμεγέθης,
1094 432 1525 519 ἐπικειμένων
1563 433 1742 522 αὐτῷ
1778 435 2006 516 νήσων
2053 435 2311 519 σπορά-

373 545 535 622 δων,
563 540 686 623 τὴν
713 543 1049 626 πρόσοψιν
1086 540 1385 626 ἐχουσῶν
1413 540 1654 625 ὁμοίαν
1688 549 1833 618 ταῖς
1858 538 2310 625 καλουμέναις

366 647 660 732 Ἐχινάσι
695 649 944 732 νήσοις.
1010 646 1392 732 ἐκδέχονται
1424 643 1500 712 δὲ
1535 647 1786 730 ταύτην
1812 647 1936 729 τὴν
1967 648 2310 733 παράλιον

374 752 587 841 ἀέριοι
620 761 814 834 θῖνες
847 756 1070 839 ἅμμου
1105 755 1270 819 κατά
1306 776 1376 819 τε
1413 754 1489 818 τὸ
1528 762 1733 838 μῆκος
1768 750 1880 819 καὶ
1914 755 1990 818 τὸ
2029 755 2305 838 πλάτος,

303 887 334 936 7
374 859 650 946 μέλανες
692 862 817 944 τὴν
851 863 1075 947 χρόαν.
1145 861 1308 944 μετὰ
1345 856 1419 924 δὲ
1463 860 1744 935 τούτους
1790 859 2024 944 ὁρᾶται
2068 862 2303 945 χερρό·
2335 884 2366 925 5

371 987 579 1052 νησος
612 966 726 1033 καὶ
770 967 970 1051 λιμὴν
1005 967 1355 1042 κάλλιστος
1396 976 1532 1031 τῶν
1573 968 1666 1042 εἰς
1705 966 2008 1052 ἱστορίαν
2044 987 2303 1031 πεπτω-

370 1078 618 1157 κότων,
674 1074 1156 1156 ὀνομαζόμενος
1206 1073 1634 1158 Χαρμούθας.
1725 1072 1857 1137 ὑπὸ
1905 1074 2030 1158 γὰρ
2086 1073 2303 1157 χηλὴν

373 1180 665 1260 ἐξαίσιον
709 1176 1102 1262 κεκλιμένην
1147 1180 1315 1265 πρὸς
1363 1177 1650 1266 ζέφυρον
1695 1182 1946 1256 κόλπος
1988 1177 2169 1244 ἐστὶν
2215 1180 2302 1245 οὐ

374 1288 585 1370 μόνον
638 1286 804 1350 κατὰ
856 1285 980 1368 τὴν
1036 1283 1223 1350 ἰδέαν
1277 1288 1695 1369 θαυμαστός,
1752 1285 1921 1350 ἀλλὰ
1968 1284 2083 1352 καὶ
2134 1288 2302 1351 κατὰ

372 1393 497 1475 τὴν
547 1391 946 1478 εὐχρηστίαν
990 1394 1165 1457 πολὺ
1217 1396 1378 1472 τοὺς
1423 1394 1668 1469 ἄλλους
1709 1392 2078 1478 ὑπερέχων·
2132 1414 2296 1478 παρ-
2332 1415 2392 1455 10

373 1501 519 1582 ήκει
545 1501 672 1584 γάρ
706 1498 913 1564 αὐτὸν
951 1500 1108 1585 ὅρος
1134 1497 1530 1585 συνηρεφές,
1568 1499 2028 1583 κυκλούμενον
2053 1520 2299 1564 παντα-

373 1608 582 1690 χόθεν
629 1603 736 1671 ε’πὶ
782 1607 1096 1682 σταδίους
1134 1604 1387 1688 ἑκατόν,
1436 1611 1755 1671 εἴσπλουν
1802 1599 1865 1669 δ’
1899 1608 2033 1690 ἔχει
2077 1607 2300 1671 δίπλε-
2340 1611 2359 1618 ‘

373 1719 574 1799 θρον,
603 1710 805 1779 ναυσὶ
834 1713 1185 1797 δισχιλίαις
1214 1713 1546 1777 ἄκλυστον
1575 1711 1809 1797 λιμένα
1836 1716 2301 1798 παρεχόμενος.

306 1843 339 1892 8
375 1816 579 1905 χωρὶς
628 1815 702 1883 δὲ
756 1819 1013 1883 τούτων
1060 1819 1346 1904 εὔυδρος
1390 1812 1447 1882 τ’
1501 1816 1639 1883 ἐστὶ
1684 1816 1841 1884 καθ’
1893 1818 2293 1899 ὑπερβολήν,

373 1932 676 2010 ποταμοῦ
723 1927 1021 2009 μείζονος
1067 1926 1162 2000 εἰς
1208 1923 1416 1989 αὐτὸν
1462 1923 1925 2008 ἐμβάλλοντος,
1969 1919 2078 1987 καὶ
2122 1921 2292 1986 κατὰ
2329 1944 2385 1986 15

377 2032 581 2117 μέσον
644 2035 776 2118 ἔχει
840 2029 1052 2115 νῆσον
1128 2030 1421 2119 εὔυδρον
1492 2028 1605 2096 καὶ
1679 2028 2058 2116 δυναμένην
2121 2030 2298 2114 ἔχειν

374 2142 775 2225 κηπεύματα.
847 2142 1150 2205 καθόλου
1198 2136 1260 2203 δ’
1298 2137 1778 2224 ἐμφερέστατός
1823 2137 1962 2203 ἐστι
1997 2145 2088 2226 τῷ
2135 2138 2298 2201 κατὰ

336 2300 339 2303 .
375 2249 499 2331 τὴν
518 2248 922 2335 Καρχηδόνα
951 2245 1190 2331 λιμένι,
1216 2243 1859 2333 προσαγορευομένῳ
1889 2240 1964 2309 δὲ
1983 2244 2297 2327 Κώθωνι,

376 2353 529 2442 περὶ
576 2348 657 2419 οὗ
692 2356 810 2430 τὰς
852 2354 1017 2418 κατὰ
1053 2350 1251 2438 μέρος
1298 2352 1689 2437 εὐχρηστίας
1725 2350 1798 2415 έν
1842 2361 1982 2427 τοῖς
2030 2352 2297 2427 οἰκείοις

375 2464 645 2547 χρόνοις
687 2462 1143 2545 πειρασόμεθα
1199 2457 1514 2523 διελθεῖν.
1609 2458 1868 2542 ἰχθύων
1914 2454 1988 2523 δὲ
2037 2462 2298 2540 πλῆθος
2326 2479 2381 2519 20

378 2566 449 2631 ἐκ
493 2575 608 2649 τῆς
653 2566 941 2651 μεγάλης
984 2565 1322 2649 θαλάττης
1367 2567 1461 2641 εἰς
1506 2564 1712 2630 αὐτὸν
1760 2564 2139 2649 ἀθροίζεται
2185 2564 2298 2628 διά

375 2695 446 2737 τε
491 2671 616 2756 τὴν
660 2674 985 2754 νηνεμίαν
1028 2668 1140 2736 καὶ
1185 2672 1309 2755 τὴν
1353 2672 1726 2755 γλυκύτητα
1770 2680 1907 2735 τῶν
1952 2673 2049 2747 εἰς
2093 2669 2297 2734 αὐτὸν

378 2779 669 2866 ῥεόντων
715 2777 999 2843 ὑδάτων.

269 2887 359 2953 45
558 2886 1119 2973 Παραπλεύσαντι
1182 2882 1256 2950 δὲ
1314 2888 1472 2961 τοὺς
1529 2886 1775 2960 τόπους
1835 2884 2116 2960 τούτους
2175 2883 2296 2967 ὅρη

376 2994 570 3063 πέντε
617 2994 1004 3077 διεστηκότα
1041 2992 1348 3077 ἀλλήλων
1392 2994 1488 3069 εἰς
1523 2990 1696 3069 ὕψος
1742 2990 2093 3074 ἀνατείνει,
2142 3005 2298 3053 συν-
2327 3010 2380 3051 25

378 3100 706 3187 ἀγομένας
750 3103 986 3185 ἔχοντα
1031 3099 1148 3177 τὰς
1190 3098 1494 3184 κορυφὰς
1539 3099 1634 3174 εἰς
1676 3095 1980 3181 πετρώδη
2028 3095 2299 3179 μαστόν,

376 3193 842 3291 παραπλήσιον
888 3208 1266 3290 φαντασίαν
1313 3204 1766 3269 ἀποτελοῦντα
1818 3211 1962 3278 ταῖς
2007 3195 2148 3266 κατ’
2183 3205 2300 3265 Αἴ-

460 3464 484 3476 „
524 3402 552 3449 1
594 3413 699 3450 σπο
737 3394 885 3464 άδην
922 3397 975 3450 II
1120 3403 1152 3450 3
1189 3393 1406 3478 ταύτην
1443 3410 1551 3448 om.
1590 3393 1644 3445 II
1791 3399 1824 3447 5
1871 3388 2074 3479 χρόαν]
2121 3395 2299 3479 καθε-

378 3478 586 3517 στωσαι
622 3465 696 3518 ad
737 3508 749 3520 .
793 3467 896 3520 OF
962 3463 1174 3528 ταύτας
1209 3462 1497 3534 ὑφοραται
1533 3463 1587 3515 Π
1698 3472 1729 3518 6
1771 3464 1961 3534 λιμην]
2003 3463 2085 3525 εἰς
2121 3481 2300 3532 ἄντην

377 3528 506 3581 add.
548 3531 654 3584 OF
795 3541 861 3589 10
898 3531 1201 3604 ὑπεράγων
1239 3536 1292 3588 Π
1439 3539 1503 3588 19
1544 3531 1801 3605 οἰκείοις]
1845 3534 2010 3596 ἰδίοις
2045 3536 2113 3589 ΙΙ.
