2569 4061
408 219 535 283 128
1104 214 1411 271 DIODORI
1449 214 1683 272 SICULI

400 391 516 464 τῆς
564 382 737 455 ἰδίας
773 376 1015 457 τάξεως
1050 375 1426 462 ἐπιμέλειαν
1465 378 1576 441 διὰ
1618 378 1968 462 προγόνων
2006 377 2324 459 τοιαύτην

402 491 600 571 ἔσχον
656 486 727 549 οἱ
783 486 858 549 τὸ
912 485 1197 549 παλαιὸν
1254 483 1378 566 τὴν
1435 488 1778 565 Αἴγυπτον
1841 491 2321 560 κατοικοῦντες.

299 593 383 660 75
401 590 551 677 περὶ
579 588 798 668 δὲτὰς
821 593 1071 677 κρίσεις
1098 589 1179 655 οὐ
1215 590 1339 672 τὴν
1367 598 1702 674 τυχοῦσαν
1739 587 2090 654 ἐποιοῦντο
2119 607 2323 654 σπου-

404 700 551 782 δήν,
597 697 962 781 ἡγούμενοι
1004 698 1120 773 τὰς
1166 695 1240 761 ἐν
1275 706 1416 772 τοῖς
1462 697 1912 781 δικαστηρίοις
1956 695 2325 780 ἀποφάσεις

401 807 717 889 μεγίστην
765 803 980 889 ῥοπὴν
1024 810 1115 889 τῷ
1170 809 1375 889 κοινῷ
1421 803 1546 889 βίᾳ»
1603 799 1834 886 φέρειν
1888 802 2054 887 πρὸς
2111 800 2322 884 ἀμφό-
2349 819 2377 858 5

331 934 362 982 2
398 935 573 998 τερα.
667 911 877 993 δῆλον
930 910 1058 995 γὰρ
1110 903 1198 991 ἦν
1244 908 1346 973 ὅτι
1401 918 1536 982 τῶν
1582 903 1705 991 μὲν
1751 909 2322 994 παρανομούντων

400 1014 883 1100 κολαζομένων,
927 1025 1062 1079 τῶν
1109 1011 1171 1078 δ’
1216 1012 1677 1097 ἀδικουμένων
1721 1015 2041 1098 βοηθείας
2084 1036 2321 1098 τυγχα-

401 1126 684 1204 νόντων,
732 1120 965 1207 ἀρίστη
1016 1121 1380 1205 διόρθωσις
1417 1122 1599 1185 ἔσται
1635 1131 1771 1185 τῶν
1811 1119 2324 1205 ἁμαρτημάτων·
2404 1131 2411 1137 “

403 1230 465 1292 εί
509 1226 570 1292 δ’
634 1226 671 1292 6
730 1227 942 1310 φόβος
995 1225 1032 1291 6
1088 1228 1443 1310 γινόμενος
1508 1225 1579 1291 ἐκ
1641 1236 1777 1291 τῶν
1841 1230 2126 1313 κρίσεων
2183 1236 2323 1303 τοῖς

402 1341 909 1419 παρανομοῦσιν
951 1330 1390 1418 ἀνατρέποιτο
1428 1335 1758 1419 χρήμασιν
1786 1332 1828 1416 ἢ
1857 1334 2146 1419 χάρισιν,
2184 1333 2320 1399 ἐσο-
2351 1350 2405 1389 10

334 1463 365 1510 3
403 1436 612 1523 μένην
659 1437 889 1526 ἑώρων
933 1447 1054 1503 τοῦ
1099 1448 1336 1504 κοινοῦ
1373 1441 1526 1522 βίου
1564 1440 1906 1523 σύγχυσιν.
1985 1440 2213 1525 διόπερ
2251 1437 2322 1504 ἐκ

401 1556 537 1610 τῶν
591 1545 1134 1630 ἐπιφανεστάτων
1188 1547 1451 1610 πόλεων
1494 1548 1653 1621 τοὺς
1708 1543 2019 1630 ἀρίστους
2072 1547 2323 1632 ἄνδρας

403 1650 913 1729 ἀποδεικνύντες
978 1652 1288 1726 δικαστὰς
1352 1654 1621 1727 κοινοὺς
1685 1650 1810 1715 οὐκ
1868 1650 2322 1737 ἀπετύγχανον

269 1755 275 1768 ’
401 1766 518 1841 τῆς
553 1755 1013 1843 προαιρέσεως.
1098 1756 1164 1834 ἐξ
1199 1752 1438 1821 Ἡλίου
1478 1759 1607 1842 γὰρ
1642 1760 1895 1833 πόλεως
1929 1755 2040 1822 καὶ
2080 1761 2321 1840 Θηβῶν

401 1863 513 1929 καὶ
548 1862 887 1947 Μέμφεως
935 1860 1094 1927 δέκα
1131 1864 1442 1939 δικαστὰς
1479 1862 1544 1943 ἐξ
1583 1861 1856 1947 ἑκάστης
1894 1861 2320 1949 προέκρινον·
2351 1879 2403 1920 15

400 1968 513 2036 καὶ
556 1978 752 2036 τοῦτο
807 1970 883 2034 τὸ
933 1966 1292 2055 συνέδριον
1340 1970 1463 2035 οὐκ
1519 1969 1734 2036 ἐδόκει
1789 1973 2133 2037 λείπεσθαι
2186 1980 2322 2037 τῶν

395 2074 762 2161 Ἀθήνησιν
791 2071 1274 2164 Ἀρεοπαγιτῶν
1310 2075 1351 2160 ἢ
1392 2088 1525 2143 τῶν
1563 2079 1740 2164 παρὰ
1772 2079 2323 2161 Λακεδαιμονίοις

331 2204 366 2252 4
400 2186 753 2271 γερόντων.
843 2181 987 2249 ἐπεὶ
1042 2179 1115 2248 δὲ
1171 2182 1572 2250 συνέλθοιεν
1619 2186 1690 2249 οἰ
1740 2186 2125 2270 τριάκοντα,
2180 2181 2323 2250 ἐπέ-

400 2313 635 2375 κρινον
682 2289 750 2367 ἐξ
795 2288 1049 2356 ἑαυτῶν
1086 2287 1206 2355 ἕνα
1249 2291 1371 2355 τὸν
1416 2292 1713 2374 ἄριστον,
1759 2288 1870 2355 καὶ
1913 2300 2155 2357 τοῦτον
2201 2287 2322 2374 μὲν

401 2393 875 2478 ἀρχιδικαστὴν
927 2397 1366 2477 καθίσταντο,
1427 2398 1523 2470 εἰς
1577 2392 1651 2459 δὲ
1705 2398 1779 2460 τὸ
1825 2399 2070 2462 τούτου
2114 2400 2323 2463 τόπον
2351 2413 2406 2452 2⁰

402 2497 795 2563 ἀπέστελλεν
841 2500 881 2582 ἡ
928 2500 1119 2573 πόλις
1163 2496 1392 2582 ἕτερον
1440 2498 1777 2581 δικαστήν.
1869 2500 2211 2578 συντάξεις
2249 2497 2322 2566 δὲ

400 2613 534 2668 τῶν
579 2604 960 2685 ἀναγκαίων
1004 2604 1183 2687 παρὰ
1226 2611 1350 2667 τοῦ
1396 2601 1719 2686 βασιλέως
1774 2614 1913 2680 τοῖς
1972 2602 2094 2688 μὲν
2140 2608 2323 2671 δικα-

401 2719 585 2785 σταῖς
641 2707 862 2773 ἱκαναὶ
917 2709 1083 2793 πρὸς
1138 2709 1516 2794 διατροφὴν
1572 2709 2015 2795 ἐχορηγοῦντο
2026 2758 2046 2793 ,
2103 2718 2193 2797 τῷ
2252 2710 2314 2776 δ’

331 2838 364 2887 5
402 2815 831 2901 ἀρχιδικαστῇ
858 2815 1357 2879 πολλαπλάσιοι.
1434 2814 1660 2902 ἐφόρει
1691 2813 1757 2880 δ’
1795 2809 1989 2892 οὗτος
2015 2814 2167 2901 περὶ
2202 2819 2324 2883 τὸν
2363 2839 2433 2889 87

397 2921 728 3008 τράχηλον
766 2920 838 2986 ἐκ
873 2928 1124 3008 χρυσῆς
1162 2921 1459 2999 ἁλύσεως
1492 2921 1867 3008 ἠρτημένον
1904 2919 2141 3010 ζῴδιον
2187 2934 2323 2989 τῶν
2353 2942 2405 2982 25

399 3033 783 3095 πολυτελῶν
812 3030 1049 3112 λίθων,
1078 3028 1114 3093 ὃ
1143 3032 1651 3115 προσηγόρευον
1679 3029 2023 3113 ἀλήθειαν.
2086 3041 2222 3096 τῶν
2251 3029 2315 3094 δ’

400 3135 958 3221 ἀμφισβητήσεων
1002 3136 1287 3222 ἤρχοντο
1345 3135 1614 3201 ἐπειδὰν
1667 3137 1791 3220 τὴν
1835 3145 1951 3222 τῆς
2005 3135 2324 3220 ἀληθείας

331 3263 364 3311 6
402 3243 626 3308 εἰκόνα
674 3242 710 3307 6
760 3242 1225 3328 ἀρχιδικαστὴς
1270 3244 1658 3327 πρόσθοιτο.
1753 3254 1887 3309 τῶν
1936 3240 2010 3309 δὲ
2055 3244 2323 3310 πάντων

544 3404 611 3453 14
640 3396 1047 3464 “Ηλιουπόλεως
1082 3396 1191 3470 γὰρ
1229 3399 1292 3455 F
1470 3407 1534 3455 19
1580 3402 1692 3456 τῶν
1740 3397 1983 3472 ἀρίστων
2024 3403 2072 3455 D
2254 3407 2323 3457 27

403 3459 601 3534 ἐπειδὴ
639 3469 805 3525 Dind.
1002 3478 1071 3526 28
1108 3468 1385 3541 πρόθοιτο
1422 3472 1644 3530 Reiske.
