2569 4061
889 334 895 340 -
1024 305 1102 361 IV
1144 311 1228 360 11.
1261 311 1344 361 12.
2022 305 2156 368 413

227 473 430 536 ναίαν
483 469 724 555 ὕδραν,
778 464 860 552 ἧς
914 467 980 546 ἐξ
1037 466 1186 545 ἑνὸς
1241 468 1542 552 σώματος
1596 464 1830 535 ἑκατὸν
1886 465 2160 552 αὐχένες

231 580 496 662 ἔχοντες
549 577 842 659 κεφαλὰς
896 577 1122 659 ὄφεων
1179 575 1678 640 διετετύπωντο.
1769 576 2029 641 τούτων
2088 569 2151 638 δ’

232 687 296 750 εἰ
329 687 446 770 μία
484 684 916 769 διαφθαρείη,
957 680 1309 758 διπλασίας
1345 681 1382 746 ὁ
1418 679 1697 765 τμηθεὶς
1734 681 1906 747 ἀνίει
1931 684 2157 757 τόπος·

235 788 323 854 δι’
357 790 444 874 ἣν
480 792 701 855 αἰτίαν
737 788 1054 873 ἀήττητος
1088 788 1412 874 ὑπάρχειν
1450 789 1811 871 διείληπτο,
1849 786 1960 852 καὶ
1996 788 2160 852 κατὰ

179 918 207 959 5
234 898 467 979 λόγον·
540 898 616 961 τὸ
689 896 817 981 γὰρ
880 892 1213 981 χειρωθὲν
1277 894 1482 977 αὐτῆς
1545 892 1744 977 μέρος
1809 892 2164 958 διπλάσιον

236 1002 563 1068 ἀπεδίδου
625 1005 959 1086 βοήθημα.
1070 1002 1240 1087 πρὸς
1304 996 1380 1066 δὲ
1442 1002 1564 1084 τὴν
1639 997 2164 1085 δυστραπέλειαν
2201 1005 2233 1052 6

234 1113 486 1194 ταύτην
524 1108 881 1192 ἐπινοήσας
916 1131 982 1172 τι
1019 1105 1470 1193 φιλοτέχνημα
1505 1105 1909 1194 προσέταξεν
1937 1104 2164 1194 Ἰολάῳ

240 1216 533 1300 λαμπάδι
577 1212 870 1300 καομένῃ
906 1216 981 1279 τὸ
1025 1211 1416 1298 ἀποτμηθὲν
1452 1213 1654 1301 μέρος
1689 1212 2005 1297 ἐπικάειν,
2052 1212 2166 1277 ἵνα

111 1328 116 1333 ’
238 1323 363 1405 τὴν
418 1322 618 1408 ῥύσιν
672 1320 904 1406 ἐπίσχῃ
952 1329 1076 1385 τοῦ
1123 1321 1416 1405 αἵματος.
1508 1321 1720 1398 οὕτως
1765 1315 1892 1386 οὖν
1935 1343 2165 1405 χειρω-

159 1450 213 1490 ιο
242 1429 528 1513 σάμενος
579 1429 654 1493 τὸ
713 1430 881 1514 ζῷον
925 1429 1023 1504 εἰς
1066 1428 1191 1510 τὴν
1233 1427 1443 1511 χολὴν
1487 1426 1819 1511 ἀπέβαπτε
1866 1428 1982 1504 τὰς
2027 1426 2166 1492 ἀκί-

242 1536 392 1617 δας,
439 1534 553 1598 ’ἵνα
604 1535 679 1597 τὸ
725 1530 983 1617 βληθὲν
1038 1532 1231 1617 βέλος
1287 1535 1401 1619 ἔχῃ
1456 1534 1580 1617 τὴν
1634 1532 1706 1598 ἐκ
1760 1541 1876 1616 τῆς
1932 1533 2163 1610 ἀκίδος

240 1640 503 1722 πληγὴν
551 1639 846 1705 ἀνίατον.

431 1747 672 1830 Τρίτον
701 1742 775 1811 δὲ
802 1747 1193 1831 πρόσταγμα
1229 1747 1467 1828 ἔλαβεν
1504 1744 1799 1828 ἐνεγκεῖν
1834 1746 1955 1809 τὸν
1986 1740 2163 1830 Ἐρυ-
2192 1747 2275 1811 12

243 1852 539 1936 μάνθιον
579 1851 837 1938 κάπρον
876 1855 1107 1935 ζῶντα,
1155 1851 1228 1928 ὃς
1265 1849 1597 1937 διέτριβεν
1636 1852 1709 1917 ἐν
1743 1859 1823 1937 τῇ
1859 1854 2169 1937 Λαμπείᾳ

163 1979 216 2019 15
243 1966 359 2043 τῆς
399 1953 762 2045 Ἀρκαδίας.
837 1958 1052 2024 ἐδόκει
1092 1954 1167 2024 δὲ
1210 1960 1286 2023 τὸ
1332 1961 1722 2046 πρόσταγμα
1765 1967 1965 2023 τοῦτο
2011 1965 2170 2021 πολ-

245 2066 372 2148 λὴν
426 2068 602 2151 ἔχειν
658 2064 1073 2152 δυσχέρειαν·
1130 2068 1267 2131 ἔδει
1321 2067 1448 2152 γὰρ
1503 2069 1623 2131 τὸν
1680 2065 2171 2149 ἀγωνιζόμενον

246 2173 525 2260 τοιούτω
571 2176 792 2261 θηρίῳ
837 2173 1171 2256 τοσαύτην
1208 2173 1384 2256 ἔχειν
1420 2175 1813 2258 περιουσίαν
1849 2173 2016 2237 ὥστε
2062 2168 2163 2236 ἐπ’

249 2279 452 2364 αὐτῆς
495 2289 612 2364 τῆς
657 2280 867 2365 μάχης
912 2279 1200 2365 ἀκριβῶς
1245 2269 1710 2364 στοχάσασθαι
1746 2288 1869 2344 τοῦ
1913 2285 2171 2364 καιροῦ.

249 2387 345 2450 ἔτι
400 2382 521 2470 μὲν
574 2387 704 2472 γὰρ
761 2386 1077 2471 ἰσχύοντα
1134 2382 1329 2469 ἀφεὶς
1374 2385 1579 2451 αὐτὸν
1626 2385 1752 2449 ἀπὸ
1798 2395 1933 2450 τῶν
1978 2384 2174 2449 ὀδόν-

169 2510 225 2551 20
250 2513 386 2555 των
431 2489 518 2554 ἂν
561 2490 1011 2575 ἐκινδύνευσε,
1058 2490 1262 2556 πλέον
1311 2487 1386 2557 δὲ
1425 2500 1548 2557 τοῦ
1585 2489 1856 2567 δέοντος
1890 2512 2174 2556 καταπο-

252 2599 538 2681 λεμήσας
565 2596 967 2681 ἀπέκτεινεν,
1004 2598 1171 2663 ὥστε
1199 2600 1321 2663 τὸν
1357 2592 1576 2663 ἆθλον
1612 2598 1936 2685 ὑπάρχειν
1973 2598 2176 2664 ἀσυν-

251 2702 575 2770 τέλεστον.
666 2705 845 2789 ὅμως
891 2700 965 2769 δὲ
1010 2706 1176 2770 κατὰ
1221 2706 1345 2788 τὴν
1391 2705 1609 2789 μάχην
1652 2706 2174 2790 ταμιευσάμενος
2210 2727 2241 2774 2

253 2811 541 2896 ἀκριβῶς
566 2812 690 2893 τὴν
718 2813 1128 2897 συμμετρίαν
1158 2810 1487 2895 ἀπήνεγκε
1517 2812 1637 2877 τὸν
1673 2812 1931 2898 κάπρον
1969 2815 2177 2890 ζῶντα

251 2919 418 3004 πρὸς
454 2916 842 3003 Εὐρυσθέα·
891 2917 973 2983 ὃν
1020 2919 1186 2982 ἰδὼν
1233 2917 1270 2982 ὁ
1316 2921 1630 3001 βασιλεὺς
1666 2916 1774 2983 ἐπὶ
1807 2928 1943 2983 τῶν
1980 2920 2179 3001 ὤμων

436 3146 469 3194 2
508 3143 878 3197 διετυποῦντο
925 3142 1179 3212 οοᾱίοοε,
1230 3160 1373 3198 corr.
1412 3143 1576 3199 Dind.
1760 3148 1792 3196 3
1832 3142 2060 3210 φθαρεί
2128 3141 2176 3193 D

258 3219 290 3266 6
340 3213 752 3279 δυστραπελίαν
799 3214 950 3284 vulg.
1133 3219 1166 3268 8
1211 3211 1468 3279 λαμπάδι
1512 3235 1610 3269 και
1597 3213 1807 3302 ομένῃ
1835 3216 1968 3281 post·
2013 3232 2053 3281 μ
2084 3232 2180 3276 ρος

255 3284 407 3353 vulg.
568 3290 628 3339 11
694 3282 809 3354 ἔχει
864 3286 939 3353 D,
996 3284 1234 3375 παρέχει
1272 3285 1313 3338 G
1481 3292 1545 3339 13
1597 3280 2016 3353 Ἐρυμάνθειον
2076 3281 2184 3337 OF

261 3361 329 3408 14
376 3351 656 3429 διέτριβεν
695 3356 890 3426 Dind„
938 3358 993 3409 δι
976 3355 1181 3430 ιέτριβε
1221 3376 1330 3444 μεν
1374 3356 1594 3410 codices
1740 3352 1802 3408 ἐν
1840 3354 1906 3424 τῇ
1945 3354 2162 3426 Λαμπί
2142 3374 2179 3405 α

255 3426 387 3493 BD,
450 3376 527 3482 ἐν
577 3428 758 3500 πεδίῳ
815 3399 990 3482 ce’teri
1173 3432 1239 3482 18
1294 3423 1542 3499 ἀκριβῶς
1597 3443 1704 3481 om.
1763 3426 1811 3478 D
1983 3441 2046 3477 στ
2019 3444 2113 3492 τχο
2117 3443 2180 3476 α-

256 3499 462 3563 ζεσθαι
503 3496 557 3551 G
666 3504 736 3553 20
773 3495 945 3553 πλέον
980 3498 1165 3569 Dind„
1202 3499 1375 3553 πλείω
1416 3498 1538 3553 cod.
1649 3501 1717 3551 21
1757 3491 1922 3565 ωστε]
1961 3490 2038 3556 ὡς
2077 3493 2187 3549 OF

257 3566 356 3622 τὸν
394 3567 596 3636 Rhod„
634 3564 699 3623 τὸ
736 3570 858 3625 cod.
