2569 4061
348 294 478 358 342
1011 293 1322 351 DIODORI
1359 293 1594 350 SICULI

352 458 476 524 οὐκ
539 459 808 521 ἔλαττον
865 456 1061 542 ὡρῶν
1126 457 1352 539 δυοῖν,
1420 457 1508 534 ὡς
1572 453 1633 520 δ’
1678 453 2169 538 Ἀγαθαρχίδης
2236 454 2274 520 ὁ

349 564 628 639 Κνίδιος
687 561 1050 649 ἀνέγραψε,
1114 574 1338 649 τριῶν.
1431 571 1675 627 τοῦτον
1725 558 1800 627 δὲ
1857 562 1976 626 τὸν
2034 562 2277 647 καιρὸν

347 670 624 751 ἥδιστον
678 680 819 747 τοῖς
883 670 1227 757 ἐγχωρίοις
1281 673 1679 754 φαίνεσθαι,
1743 666 2276 752 ταπεινουμένου

277 794 310 843 5
347 782 469 839 τοῦ
505 776 839 860 καύματος
867 777 978 841 διὰ
1012 776 1136 859 τὴν
1174 776 1375 840 δύσιν
1408 783 1531 840 τοῦ
1558 774 1772 857 ἡλίου.
1834 784 1969 839 τῶν
2006 768 2068 838 δ’
2105 773 2255 840 ἀνέ-
2276 796 2392 846 21⁷

349 906 493 967 μων
560 881 832 969 ζέφυροι
887 880 1010 967 μὲν
1073 881 1183 949 καὶ
1247 884 1455 966 λίβες,
1518 884 1614 946 ἔτι
1670 879 1730 945 δ’
1786 879 2099 965 ἀργέσται
2158 880 2273 947 καὶ
2302 899 2332 940 5

348 984 557 1075 εὖροι,
595 989 873 1056 πνέουσι
910 992 1215 1075 καθάπερ
1252 988 1365 1056 καὶ
1399 990 1578 1076 παρὰ
1614 999 1754 1065 τοῖς
1789 990 2042 1065 ἄλλοις·
2083 991 2272 1054 νότοι

355 1092 429 1161 δὲ
474 1098 640 1161 κατὰ
684 1092 806 1181 μὲν
845 1098 1216 1162 Αἰθιοπίαν
1268 1097 1422 1162 οὔτε
1467 1095 1789 1162 πνέουσιν
1828 1095 1981 1160 οὔτε
2027 1097 2271 1180 γνωρί-

350 1207 569 1281 ζονται
605 1204 680 1267 τὸ
719 1203 1032 1286 σύνολον,
1079 1205 1243 1268 κατὰ
1282 1199 1356 1268 δὲ
1401 1205 1525 1287 τὴν
1568 1203 2124 1289 Τρωγλοδυτικὴν
2159 1201 2272 1268 καὶ

345 1309 469 1391 τὴν
500 1306 814 1392 Ἀραβίαν
851 1306 1095 1392 θερμοὶ
1132 1310 1437 1391 γίνονται
1472 1305 1630 1373 καθ’
1664 1307 2066 1393 ὑπερβολήν,
2101 1309 2269 1375 ὥστε

344 1411 456 1479 καὶ
491 1414 607 1489 τὰς
650 1413 816 1491 ὕλας
860 1412 1196 1501 ἐκπυροῦν
1241 1412 1353 1480 καὶ
1397 1426 1532 1480 τῶν
1568 1416 2128 1499 καταφευγόντων
2175 1417 2272 1492 εἰς
2299 1433 2356 1472 10

343 1521 459 1596 τὰς
487 1519 561 1585 έν
595 1531 739 1598 ταῖς
774 1523 1093 1605 καλύβαις
1129 1523 1318 1599 σκιὰς
1354 1520 1614 1587 ἐκλύειν
1648 1522 1729 1585 τὰ
1768 1521 2053 1605 σώματα.
2119 1521 2154 1586 ὁ
2194 1518 2270 1587 δὲ

347 1626 587 1714 βορέας
634 1630 905 1706 δικαίως
949 1627 1033 1693 ἂν
1079 1629 1350 1711 ἄριστος
1392 1632 1756 1712 νομίζοιτο,
1806 1629 2270 1713 διικνούμενος

344 1737 440 1812 εἰς
466 1737 681 1800 πάντα
707 1738 915 1801 τόπον
941 1743 1057 1818 τῆς
1086 1733 1481 1819 οἰκουμένης
1502 1732 1613 1800 καὶ
1643 1728 1978 1818 διαμένων
1994 1738 2265 1819 ψυχρός.

233 1836 321 1901 49
530 1843 802 1907 Τούτων
841 1836 902 1906 δ’
934 1841 1096 1926 ἡμῖν
1143 1839 1708 1926 διευκρινημένων
1746 1844 1993 1907 οἰκεῖον
2038 1840 2121 1904 ἂν
2156 1847 2262 1924 εἴη

345 1950 640 2014 διελθεῖν
685 1946 837 2034 περὶ
889 1959 1024 2014 τῶν
1070 1949 1348 2033 Λιβύων
1394 1959 1529 2013 τῶν
1584 1950 1869 2033 πλησίον
1913 1945 2259 2029 Αἰγύπτου
2288 1961 2347 2002 15

341 2058 835 2123 κατοικούντων
880 2054 992 2122 καὶ
1035 2064 1152 2138 τῆς
1198 2055 1454 2141 ὁμόρου
1499 2056 1731 2141 χώρας.
1824 2057 1904 2122 τὰ
1939 2056 2065 2142 γὰρ
2109 2052 2264 2137 περὶ

341 2165 667 2249 Κυρήνην
702 2162 814 2229 καὶ
849 2164 965 2240 τὰς
1001 2165 1306 2250 Σύρτεις,
1355 2166 1450 2228 ἔτι
1489 2159 1563 2228 δὲ
1603 2164 1726 2246 τὴν
1765 2165 2114 2246 μεσόγειον
2148 2170 2267 2245 τῆς

340 2271 504 2336 κατὰ
548 2274 705 2349 τοὺς
744 2273 990 2348 τόπους
1025 2271 1306 2347 τούτους
1349 2269 1614 2357 χέρσου,
1660 2279 1955 2334 κατοικεῖ
1990 2267 2266 2354 τέτταρα

337 2374 500 2460 γένη
547 2378 849 2461 Λιβύων·
907 2373 1003 2443 ὧν
1050 2378 1121 2442 oc
1160 2374 1283 2460 μὲν
1329 2377 1804 2461 ὀνομαζόμενοι
1850 2379 2264 2461 Νασαμῶνες

338 2480 652 2567 νέμονται
688 2485 769 2548 τὰ
803 2484 1087 2549 νεύοντα
1123 2481 1289 2568 μέρη
1336 2485 1503 2569 πρὸς
1542 2486 1765 2565 νότον,
1813 2482 1884 2548 οἰ
1918 2480 1979 2547 δ’
2015 2482 2264 2568 Λύσχῖ-
2291 2496 2347 2536 2⁰

339 2606 452 2651 σαι
504 2589 585 2651 τὰ
638 2591 806 2674 πρὸς
858 2590 982 2672 τὴν
1030 2589 1258 2672 δύσιν,
1317 2590 1388 2653 oc
1438 2585 1513 2654 δὲ
1557 2590 1998 2674 Μαρμαρίδαι
2043 2613 2262 2655 κατοι-

336 2702 531 2758 κοῦσι
585 2695 708 2777 τὴν
762 2695 1005 2779 μεταξὺ
1059 2698 1324 2761 ταινίαν
1370 2697 1718 2779 Αἰγύπτου
1766 2693 1875 2761 καὶ
1920 2699 2259 2782 Κυρήνης,

337 2798 717 2885 μετέχοντες
762 2800 873 2866 καὶ
917 2809 1034 2885 τῆς
1068 2806 1421 2889 παραλίου,
1470 2802 1541 2868 οἰ
1583 2799 1655 2868 δὲ
1692 2804 1924 2868 Μάκαι
1970 2808 2261 2869 πολυαν-

336 2910 609 2996 θρωπίᾳ
661 2919 798 2974 τῶν
862 2908 1213 2994 ὁμοεθνῶν
1270 2908 1665 2995 προέχοντες
1726 2907 2039 2994 νέμονται
2103 2913 2259 2986 τοὺς

265 3032 299 3082 2
337 3018 582 3093 τόπους
616 3019 774 3095 τοὺς
810 3014 962 3103 περὶ
996 3017 1118 3101 τὴν
1147 3018 1420 3102 Σύρτιν.
1482 3026 1617 3082 τῶν
1648 3012 1720 3081 δὲ
1757 3015 2257 3101 προειρημένων
2286 3037 2339 3078 25

336 3125 613 3207 Λιβύων
648 3121 934 3211 γεωργοὶ
980 3121 1101 3207 μέν
1148 3127 1321 3190 εἰσιν
1358 3115 1457 3200 οἷς
1501 3123 1782 3210 ὑπάρχει
1826 3125 2011 3209 χώρα
2058 3126 2258 3189 δυνα-

482 3354 510 3401 1
552 3346 782 3406 ἔλαττόν
788 3371 866 3406 ων
904 3351 1051 3418 libri,
1091 3368 1227 3405 corr.
1258 3350 1441 3404 Rhod.
1517 3357 1548 3404 2
1587 3353 1755 3437 τριῶν
1724 3352 1779 3422 ν]
1811 3346 1973 3418 ῶρῶν
2011 3352 2179 3419 τριῶν
2206 3351 2260 3405 Π

340 3413 431 3499 δὲ]
470 3413 541 3484 δη
580 3419 733 3489 vulg.
844 3426 877 3475 8
914 3422 1222 3490 τρωγοδυτι
1203 3417 1331 3507 ικὴν
1379 3419 1428 3473 D
1541 3427 1606 3475 13
1660 3441 1849 3475 απαντ
1819 3442 1887 3475 τα
1923 3420 2079 3492 vulg.
2186 3429 2255 3477 20

335 3502 498 3549 ανχει
478 3492 595 3539 ισαι
642 3488 711 3557 C,
759 3510 893 3558 αυχι
873 3498 991 3544 ισαι
1027 3491 1109 3558 F,
1152 3486 1353 3579 αροχει
1334 3497 1448 3544 ῖται
1494 3491 1621 3556 DG3
1669 3506 1808 3547 corr.
1859 3490 2040 3547 WesS.
2188 3500 2256 3548 23

364 3556 612 3615 “Off-lete
649 3559 801 3626 vulg.
894 3557 952 3612 οἷ
985 3556 1042 3612 δ’
1083 3556 1306 3630 αμάκαι
1343 3562 1391 3614 D
1483 3566 1552 3615 24
1589 3558 1810 3630 ὃμοεθν
1779 3563 1892 3615 νῶν
1861 3562 1918 3632 ν]
1959 3558 2150 3617 ἐθνῶν
2188 3564 2256 3619 D.
