2569 4061
364 169 452 233 28
1067 167 1377 225 monem
1413 167 1650 225 fflcnm

361 333 575 420 τούτῳ
620 339 712 419 τῷ
759 337 899 420 θεῷ
955 332 1237 415 μάλιστα
1282 333 1525 408 πάντες
1583 333 1953 417 ἅνθρωποι.
2044 341 2166 397 τοῦ
2213 328 2289 397 δὲ

361 446 588 503 κιττοῦ
622 438 745 521 τὴν
781 436 1047 523 εὕρεσιν
1083 436 1522 504 ἀνατιθέασιν
1559 434 1859 523 Ὀσίριδι,
1903 435 2017 503 καὶ
2060 444 2288 503 καθιε-

275 531 302 538 ’
363 551 603 629 ροῦσιν
648 543 855 610 αὐτὸν
899 545 1113 632 τούτῳ
1157 553 1250 631 τῷ
1296 549 1467 632 θεῷ,
1526 544 1830 628 καθάπερ
1873 541 1986 610 καὶ
2033 544 2104 609 οἱ
2137 542 2288 609 Ἕλ-

292 668 324 716 5
364 655 560 735 ληνες
594 652 930 739 Διονύσῳ.
1005 650 1118 718 καὶ
1160 652 1326 717 κατὰ
1369 651 1493 734 τὴν
1538 653 1929 734 Αἰγυπτίων
1977 647 2099 735 μὲν
2147 653 2288 717 διά-

362 763 598 824 λεκτον
624 758 1080 844 ὀνομάζεσθαί
1106 773 1274 842 φασι
1302 758 1422 823 τὸν
1447 758 1671 823 κιττὸν
1698 758 1917 841 φυτὸν
1940 750 2287 843 Ὀσίριδος,
2315 771 2347 814 ⁵

364 868 847 951 προκεκρίσθαι
884 861 959 929 δὲ
994 872 1111 948 τῆς
1146 863 1446 949 ἀμπέλου
1478 872 1721 930 τοῦτον
1747 865 1913 950 πρὸς
1947 864 2072 948 τὴν
2100 863 2289 947 ἀφιέ-

363 989 576 1057 ρωσιν
622 972 735 1036 διὰ
778 972 853 1037 τὸ
899 971 1024 1053 τὴν
1068 967 1192 1054 μὲν
1236 975 1712 1056 φυλλορροεῖν,
1766 972 1886 1036 τὸν
1941 966 2016 1036 δὲ
2069 971 2286 1036 πάντα
2326 1014 2330 1018 «

360 1079 481 1144 τὸν
524 1080 773 1163 χρόνον
819 1076 1100 1160 ἀευθαλῆ
1149 1075 1516 1162 διαμένειν·
1563 1076 1727 1164 ὅπερ
1760 1080 1921 1155 τοὺς
1964 1079 2288 1153 παλαιοὺς

362 1181 473 1249 καὶ
536 1180 642 1267 ἐφ’
708 1179 950 1268 ἑτέρων
1014 1192 1248 1265 φυτῶν
1313 1180 1416 1248 ἀεὶ
1460 1186 1882 1250 θαλλόντων
1943 1181 2288 1267 πεποιηκέ-

361 1313 498 1373 ναι,
541 1296 623 1373 τῇ
668 1284 792 1372 μὲν
829 1285 1191 1374 Ἀφροδίτῃ
1237 1289 1363 1373 τὴν
1407 1291 1771 1375 μυρσίνην,
1815 1298 1911 1378 τῷ
1967 1287 2028 1355 δ’
2058 1287 2289 1355 Ἀπόλ-
2318 1303 2372 1344 1⁰

360 1400 525 1460 λωνι
571 1394 695 1477 τὴν
742 1393 1010 1479 δάφνην
1053 1395 1545 1481 προσάψαντας.
1578 1450 1584 1455 .

258 1499 339 1564 18
546 1503 656 1589 Τῷ
685 1497 748 1565 δ’
784 1494 912 1566 οὖν
932 1495 1211 1587 Ὀσίριδι
1249 1508 1864 1587 συνεστρατεῦσθαι
1896 1503 2020 1568 δύο
2059 1501 2290 1586 λέγου-

363 1623 474 1672 σιν
518 1607 711 1685 υἱοὺς
737 1606 1063 1691 ’Ἄνουβίν
1106 1631 1177 1673 τε
1230 1606 1344 1673 καὶ
1388 1609 1785 1692 Μακεδόνα,
1847 1606 2293 1694 διαφέροντας

362 1713 655 1801 ἀνδρεία.
721 1711 1142 1799 ἀμφοτέρους
1189 1709 1263 1779 δὲ
1299 1716 1681 1797 χρήσασθαι
1718 1724 1858 1790 τοῖς
1892 1713 2289 1799 ἐπισημοτά-

361 1843 503 1897 τοις
539 1820 770 1894 ὅπλοις
803 1818 938 1883 ἀπό
980 1841 1189 1883 τινων
1228 1817 1411 1905 ζῴων
1453 1818 1577 1883 οὐκ
1622 1817 1974 1884 ἀνοικείων
2009 1828 2090 1904 τῇ
2134 1817 2288 1905 περὶ
2316 1832 2369 1874 1⁵

363 1925 609 2001 αὐτοὺς
653 1922 994 2011 εὐτολμία·
1039 1925 1159 1989 τὸν
1205 1918 1328 2008 μὲν
1364 1924 1493 2008 γὰρ
1525 1922 1846 2007 ’Ἄνουβιν
1880 1924 2290 2011 περιθέσθαι

362 2040 604 2116 κυνῆν,
658 2032 778 2097 τὸν
825 2026 899 2097 δὲ
945 2029 1314 2098 Μακεδόνα
1361 2030 1573 2098 λύκου
1615 2035 1985 2118 προτομήν·
2041 2027 2157 2118 ἀφ’
2211 2028 2292 2118 ἧς

362 2140 577 2216 αἰτίας
620 2135 733 2204 καὶ
776 2139 858 2204 τὰ
904 2140 1034 2227 ζῷα
1078 2146 1287 2203 ταῦτα
1331 2144 1696 2223 τιμηθῆναι
1749 2140 1928 2225 παρὰ
1982 2149 2122 2218 τοῖς
2167 2144 2290 2207 Αἰ-

292 2264 323 2312 2
361 2249 680 2329 γυπτίοις.
770 2234 1197 2330 παραλαβεῖν
1251 2240 1315 2310 δ’
1384 2242 1492 2310 ἐπὶ
1562 2246 1686 2328 τὴν
1757 2249 2108 2332 στρατείαν
2178 2246 2288 2314 καὶ

360 2353 478 2415 τὸν
528 2355 748 2433 Πᾶνα,
796 2352 1251 2435 διαφερόντως
1298 2349 1427 2416 ὑπὸ
1473 2361 1608 2416 τῶν
1654 2354 2045 2435 Αἰγυπτίων
2089 2354 2287 2438 τιμώ-
2317 2366 2371 2407 20

361 2476 593 2541 μενον·
648 2456 863 2544 τούτῳ
908 2457 1035 2541 γὰρ
1081 2458 1241 2534 τοὺς
1287 2455 1647 2543 ἐγχωρίους
1700 2457 1785 2524 οὐ
1830 2461 2043 2543 μόνον
2089 2457 2288 2541 ἀγάλ-

361 2584 532 2647 ματα
577 2560 1005 2646 πεποιηκέναι
1051 2563 1217 2628 κατὰ
1260 2572 1396 2630 πᾶν
1444 2564 1656 2651 ἱερόν,
1719 2563 1886 2629 ἀλλὰ
1930 2562 2041 2630 καὶ
2087 2565 2287 2628 πόλιν

361 2668 714 2752 ἐπώνυμον
758 2670 922 2735 κατὰ
966 2670 1090 2754 τὴν
1135 2672 1469 2755 Θηβαΐδα,
1522 2668 1942 2754 καλουμένην
1986 2666 2110 2753 μὲν
2153 2667 2285 2735 ὑπὸ

360 2784 496 2841 τῶν
543 2774 880 2862 ἐγχωρίων
918 2777 1184 2861 Χεμμώ,
1231 2774 1906 2863 μεθερμηνευομένην
1945 2772 2020 2840 δὲ
2057 2776 2287 2852 Πανὸς

361 2886 574 2949 πόλιν.
668 2881 1079 2950 συνέπεσθαι
1127 2880 1200 2948 δὲ
1244 2881 1357 2949 καὶ
1409 2890 1525 2965 τῆς
1569 2883 1892 2966 γεωργίας
1939 2879 2286 2967 ἐμπειρίαν
2314 2895 2368 2937 2⁵

362 2992 662 3076 ἔχοντας,
721 2998 838 3074 τῆς
892 2987 1014 3075 μὲν
1068 2985 1219 3073 περὶ
1277 2988 1402 3070 τὴν
1457 2989 1751 3072 ἄμπελον
1807 2989 2082 3074 φυτείας
2134 2989 2287 3055 Μά-

505 3223 539 3272 3
577 3217 676 3271 καὶ
712 3232 817 3273 om.
862 3215 910 3270 G
1011 3221 1047 3271 4
1084 3212 1188 3284 μὲν
1234 3231 1342 3271 om.
1394 3214 1500 3270 OF
1602 3221 1635 3271 5
1674 3217 1822 3286 φησί
1863 3216 1912 3272 D
2016 3222 2081 3272 11
2120 3235 2288 3288 προσ·

360 3284 652 3359 άψαντας]
699 3288 764 3358 τῇ
812 3284 869 3341 δ’
905 3284 1115 3360 Ἀθηνᾷ
1151 3283 1255 3355 τὴν
1305 3282 1500 3342 ἐλαίαν
1538 3286 1664 3343 add.
1707 3286 1771 3342 F
1801 3291 1867 3357 (c.
1911 3294 1995 3354 16,
2034 3293 2090 3358 2)
2220 3295 2288 3343 14

396 3359 611 3426 ρῆσθαι
647 3360 688 3414 C
836 3364 904 3413 20
958 3358 1071 3413 τῶν
1124 3374 1232 3413 om.
1273 3358 1361 3414 CF
1516 3364 1587 3412 24
1639 3355 1850 3430 Χεμμώ
1890 3358 2023 3428 01¹¹,
2068 3357 2287 3430 Χέμμιν

361 3376 398 3490 Ξὶ
436 3423 647 3495 Χεμμιὸ
686 3428 862 3483 ceteri
1006 3434 1074 3484 25
1112 3428 1237 3502 καὶ]
1275 3426 1408 3494 τους
1444 3429 1572 3486 add.
1613 3429 1733 3487 CF.
