2569 4061
351 210 386 272 1
398 207 428 271 7
440 208 482 272 2
1017 204 1325 263 DIODORI
1362 207 1597 263 SICULI

350 381 485 437 τῶν
556 366 1244 453 καταπολεμηθέντων
1314 366 1537 445 οὐδεὶς
1607 380 1742 446 τῶν
1824 367 2271 453 συγγραφέων

351 474 702 560 ἀνέγραψε,
739 475 819 538 τὰ
858 468 918 538 δ’
963 474 1407 558 ἐπισημότατα
1443 485 1579 538 τῶν
1615 473 1839 540 ἐθνῶν
1878 474 2272 551 ἀκολούθως

350 582 608 667 Κτησίᾳ
662 588 752 668 τῷ
798 581 1057 669 Κνιδίῳ
1111 583 1566 664 πειρασόμεθα
1614 584 1960 664 συντόμως
2006 581 2272 667 ἐπιδρα-

282 711 314 759 3
352 695 518 770 μεῖν.
618 686 1101 772 κατεστρέψατο
1165 683 1293 771 μὲν
1356 687 1485 771 γὰρ
1547 695 1663 770 τῆς
1727 690 2273 772 παραθαλαττίου

186 877 197 884 -
245 829 254 835 ’
349 791 461 858 καὶ
496 800 613 875 τῆς
651 802 971 877 συνεχοῦς
1006 794 1224 878 χώρας
1258 795 1384 876 τήν
1418 815 1488 857 τε
1515 798 1865 875 Αἴγυπτον
1903 790 2014 859 καὶ
2048 795 2274 858 Φοινί-
2329 810 2359 851 5

350 923 499 983 κην,
529 902 625 964 ἔτι
662 896 738 965 δὲ
764 902 1024 983 Κοίλην
1051 902 1317 983 Συρίαν
1351 897 1462 965 καὶ
1489 902 1802 966 Κιλικίαν
1828 898 1938 964 καὶ
1970 904 2256 983 Παμφυ-
2279 919 2384 968 115

353 1009 506 1071 λίαν
561 1004 671 1071 καὶ
718 1008 1009 1088 Λυκίαν,
1057 1007 1225 1090 πρὸς
1270 1002 1345 1069 δὲ
1398 1005 1668 1082 ταύταις
1719 1010 1843 1090 τήν
1898 1030 1968 1070 τε
2016 1009 2277 1090 Καρίαν

351 1110 463 1177 καὶ
516 1113 819 1197 Φρυγίαν
856 1109 969 1175 καὶ
1013 1113 1294 1176 Μυσίαν
1329 1109 1440 1177 καὶ
1476 1112 1773 1195 Λυδίαν,
1818 1113 2278 1197 προσηγάγετο

356 1214 429 1282 δὲ
473 1220 599 1299 τήν
653 1239 723 1281 τε
778 1217 1061 1305 Τρῳάδα
1102 1216 1215 1282 καὶ
1261 1218 1386 1301 τὴν
1431 1214 1538 1300 ἐφ’
1583 1215 2047 1306 Ἑλλησπόντῳ
2100 1223 2281 1304 Φρυ-

352 1325 507 1404 γίαν
559 1321 674 1387 καὶ
720 1324 1154 1408 Προποντίδα
1207 1322 1322 1389 καὶ
1365 1326 1704 1390 Βιθυνίαν
1758 1323 1871 1391 καὶ
1916 1325 2278 1389 Καππαδο-
2308 1342 2362 1381 10

351 1430 505 1493 κίαν
550 1426 661 1494 καὶ
695 1429 777 1493 τὰ
821 1431 986 1495 κατὰ
1029 1431 1149 1495 τὸν
1186 1432 1457 1496 Πόντον
1503 1434 1670 1515 ἔθνη
1709 1432 2014 1518 βάρβαρα
2060 1457 2277 1499 κατοι-

354 1541 601 1600 κοῦντα
638 1533 826 1620 μέχρι
872 1537 1221 1620 Τανάιδος,
1268 1535 1608 1622 ἐκυρίευσε
1645 1535 1721 1603 δὲ
1757 1547 1872 1622 τῆς
1907 1560 1976 1603 τε
2010 1541 2279 1605 Καδου-

356 1647 520 1713 σίων
585 1643 803 1732 χώρας
858 1639 969 1708 καὶ
1042 1644 1403 1730 Ταπύρων,
1467 1645 1563 1708 ἔτι
1628 1640 1688 1707 δ’
1742 1641 2104 1730 Ὑρκανίων
2166 1646 2277 1712 καὶ
2326 1682 2332 1689 ·

354 1759 713 1839 Δραγγῶν,
750 1754 915 1838 πρὸς
943 1749 1019 1817 δὲ
1054 1751 1318 1827 τούτοις
1344 1752 1696 1835 Δερβίκων
1732 1749 1842 1817 καὶ
1872 1755 2280 1836 Καρμανίων

355 1858 467 1926 καὶ
496 1860 973 1944 Χωρομναίων,
1012 1860 1107 1923 ἔτι
1145 1854 1220 1921 δὲ
1257 1858 1650 1940 Βορκανίων
1686 1855 1798 1923 καὶ
1837 1860 2278 1943 Παρθυαίων,
2308 1879 2363 1919 15

360 1967 608 2052 ἐπῆλθε
674 1963 749 2032 δὲ
809 1963 921 2030 καὶ
984 1965 1107 2048 τὴν
1171 1963 1475 2048 Περσίδα
1528 1960 1647 2028 καὶ
1709 1965 1832 2048 τὴν
1893 1966 2283 2049 Σουσιανὴν

359 2075 469 2142 καὶ
506 2077 628 2159 τὴν
671 2072 1093 2159 καλουμένην
1130 2075 1548 2156 Κασπιανήν,
1599 2073 1693 2150 είς
1728 2070 1815 2154 ἥν
1859 2074 2031 2138 εἰσιν
2067 2074 2284 2157 εἰσβο-

362 2182 473 2249 λαὶ
556 2179 779 2248 στεναὶ
850 2187 1217 2265 παντελῶς,
1303 2183 1408 2246 διὸ
1479 2179 1592 2246 καὶ
1671 2183 2284 2267 προσαγορεύονται

290 2313 325 2362 4
362 2291 658 2356 Κάσπιαι
702 2290 923 2355 πύλαι.
996 2290 1211 2354 πολλὰ
1248 2285 1325 2373 δὲ
1368 2285 1478 2352 καὶ
1524 2289 1690 2352 ἄλλα
1731 2300 1867 2353 τῶν
1913 2288 2286 2356 ἐλαττόνων

362 2396 588 2461 ἐθνῶν
622 2396 1101 2480 προσηγάγετο,
1146 2392 1300 2478 περὶ
1346 2389 1442 2458 ὧν
1477 2395 1733 2477 μακρὸν
1775 2393 1860 2459 ἂν
1906 2401 2006 2479 εἴη
2046 2396 2280 2479 λέγειν.
2313 2435 2365 2475 20

362 2510 479 2584 τῆς
536 2498 610 2565 δὲ
664 2505 1077 2586 Βακτριανῆς
1135 2500 1340 2580 οὔσης
1396 2500 1839 2582 δυσεισβόλου
1892 2500 2004 2565 καὶ
2055 2507 2283 2587 πλήθη

363 2609 665 2692 μαχίμων
730 2607 997 2691 ἀνδρῶν
1052 2604 1361 2689 ἐχούσης,
1428 2604 1651 2688 ἐπειδὴ
1716 2606 1928 2669 πολλὰ
1990 2611 2288 2689 πονήσας

366 2716 696 2798 ἄπρακτος
734 2711 1015 2795 ἐγένετο,
1061 2714 1180 2776 τὸν
1225 2707 1349 2794 μὲν
1393 2713 1558 2796 πρὸς
1596 2716 2052 2796 Βακτριανοὺς
2096 2715 2288 2779 πόλε-

366 2844 495 2905 μον
551 2821 643 2896 εἰς
688 2817 916 2903 ἕτερον
973 2817 1329 2901 ἀνεβάλετο
1374 2821 1644 2901 καιρόν,
1690 2820 1806 2894 τὰς
1853 2814 1926 2883 δὲ
1973 2819 2289 2903 δυνάμεις

368 2926 725 3011 ἀναγαγὼν
754 2928 848 3003 εἰς
880 2925 1004 3007 τὴν
1026 2922 1387 3009 Ἀσσυρίαν
1414 2923 1743 3002 ἐξελέξατο
1770 2927 1978 2989 τόπον
2007 2926 2287 2989 εὔθετον
2317 2964 2370 3006 25

298 3039 339 3103 3
371 3037 465 3113 είς
500 3037 752 3110 πόλεως
788 3033 1074 3117 μεγάλης
1109 3034 1341 3098 κτίσιν.
1407 3031 1925 3115 ἐπιφανεστάτας
1959 3032 2087 3117 γὰρ
2123 3032 2290 3117 πρά-

370 3141 500 3220 ξεις
551 3153 687 3207 τῶν
732 3141 861 3228 πρὸ
918 3138 1125 3204 αὐτοῦ
1178 3135 1731 3223 κατειργασμένος
1784 3139 2061 3204 ἔσπευδε
2112 3144 2292 3222 τηλι-

516 3339 549 3387 8
598 3333 696 3388 καὶ
734 3333 963 3388 Μυσίαν
1012 3349 1118 3387 om.
1156 3330 1206 3384 D
1355 3337 1419 3384 12
1468 3331 1552 3402 τε]
1591 3350 1650 3385 τε
1688 3331 1799 3386 τῶν
1836 3332 1883 3384 D
2029 3334 2293 3387 Καδδου-

371 3404 507 3455 σίων
548 3403 652 3457 OF
749 3408 815 3457 14
853 3400 1131 3473 Δράγκων
1166 3403 1319 3470 vulg.
1425 3407 1489 3457 15
1527 3403 1936 3474 Χωρομναίων]
1978 3404 2209 3474 Ρόμνων
2250 3402 2298 3456 O

373 3477 440 3522 25
479 3468 796 3539 ἀπαγαγών
832 3473 885 3525 ΙΙ
1028 3476 1249 3543 Συρίαν
1291 3472 1395 3528 C'F
1535 3480 1603 3529 26
1640 3468 1884 3546 μεγάλης
1920 3491 2029 3530 om.
2067 3476 2132 3529 D.
