2569 4061
368 174 414 229 L
1107 167 1549 249 PRAEFATIO.

377 343 579 402 servet
625 340 975 416 VaticanuS,
1022 339 1094 398 ut
1139 337 1454 397 Strabonis
1495 338 1595 414 15,
1643 357 1698 412 p.
1733 338 1857 397 723
1909 337 2173 412 optimus
2220 337 2311 397 vi-

375 440 553 498 detur
602 455 845 498 servare
890 436 1239 512 Vatia-anne,
1289 437 1350 493 et
1395 453 1532 494 eum
1579 433 1860 493 omnibus
1912 436 2012 510 16,
2058 456 2112 513 p.
2162 437 2314 512 737,

373 534 479 594 sed
537 533 803 594 vicissim
856 532 1186 592 deteriores
1242 533 1484 591 tantum
1535 533 1635 608 16,
1681 551 1739 606 p.
1786 531 1914 591 740
1972 533 2213 592 servant
2259 554 2309 610 χ,

374 635 435 691 et
470 650 545 691 ne
591 632 656 690 hi
694 630 934 708 quidem
973 632 1031 705 5,
1075 649 1134 706 p.
1167 629 1315 702 244,
1346 629 1502 706 2453
1553 630 1654 703 17,
1690 648 1749 704 p.
1783 629 1929 705 788,
1972 628 2120 704 795,
2161 631 2310 704 804,

375 730 524 806 805,
573 729 720 809 809,
761 729 909 805 810,
950 729 1097 804 811,
1144 726 1263 786 etsi
1312 724 1670 785 Strabonem
1716 743 1836 785 non
1883 729 1977 786 est
2024 726 2309 786 credibile

377 824 661 887 deteriori
689 843 867 884 usum
904 842 1035 884 esse
1072 824 1270 883 forma
1306 841 1487 898 quam
1515 821 1929 900 Plutarchum,
1971 824 2139 883 ouius
2170 824 2312 883 libri

372 942 495 983 non
537 923 738 982 minus
792 940 975 999 quarn
1019 919 1232 979 Dionis
1293 918 1488 979 Cassii
1549 920 1931 980 consentiunt
1975 920 2040 980 in
2086 943 2149 1000 χ,
2192 922 2312 980 nisi

374 1021 533 1097 quod
579 1018 725 1079 Fab.
783 1037 833 1097 ο,
880 1022 912 1077 1
982 1018 1081 1078 vel
1137 1013 1423 1097 διωρυγαῖ
1487 1016 1761 1093 plerique
1826 1037 1935 1094 pro
2006 1017 2312 1106 διώρυχες,

375 1118 535 1194 quod
582 1118 676 1175 est
719 1117 784 1174 in
830 1115 1088 1190 duobuS,
1143 1115 1207 1173 in
1259 1133 1379 1172 uno
1435 1111 1751 1195 διώρυγες,
1797 1134 1985 1191 quum
2030 1117 2148 1193 ipsi
2194 1119 2310 1178 Xe-

373 1212 667 1290 nophonti
720 1213 912 1273 Anab.
962 1215 1019 1286 1,
1061 1215 1117 1287 7,
1158 1213 1239 1271 15
1307 1230 1464 1271 unus
1518 1212 1743 1272 inferat
1786 1236 1854 1293 y,
1919 1214 2078 1290 quod
2135 1215 2311 1274 eredo

374 1330 450 1371 ne
518 1308 855 1370 Pausaniae
919 1307 1162 1386 quidem
1228 1310 1295 1387 3,
1347 1312 1411 1385 1,
1462 1313 1495 1369 1
1564 1308 2054 1388 relinquendum,
2125 1331 2310 1388 quum

376 1407 671 1467 librorum
734 1405 913 1466 fidem
977 1423 1225 1483 prorsus
1297 1407 1530 1465 nullam
1596 1426 1727 1468 esse
1802 1408 1864 1466 in
1938 1408 2052 1466 hae
2113 1406 2313 1467 forma

378 1503 698 1565 ostendant
752 1504 937 1565 etiam
992 1503 1223 1564 codices
1283 1503 1578 1582 Zonarae,
1642 1505 1748 1581 qui
1808 1501 2099 1583 διώρυγος
2152 1504 2309 1565 Ann.

378 1602 496 1663 vol.
540 1605 597 1680 1,
642 1623 699 1679 p.
740 1604 868 1663 298
907 1602 988 1681 D,
1034 1601 1142 1661 ubi
1191 1597 1481 1679 διώρυχος
1525 1601 1820 1678 Iosephus
1866 1602 1934 1662 B.
1972 1603 2030 1661 J.
2072 1605 2129 1679 6,
2164 1607 2221 1678 1,
2255 1606 2313 1681 7,

383 1701 487 1777 qui
525 1700 611 1760 sio
656 1701 840 1760 etiam
875 1697 951 1760 A.
987 1700 1048 1760 J.
1097 1702 1154 1775 1,
1195 1701 1251 1775 9,
1297 1700 1351 1770 1,
1401 1698 1507 1757 sed
1555 1695 1799 1776 διώρυχι
1844 1719 1901 1774 p.
1942 1701 2069 1759 352
2110 1698 2183 1758 A.

562 1795 940 1857 Δυοκαίδεκα
965 1813 1074 1870 pro
1105 1792 1338 1853 δώδεκα
1364 1793 1429 1851 in
1446 1793 1633 1853 libros
1654 1795 1973 1854 nonnullos
1991 1795 2232 1854 illatum
2246 1788 2311 1876 ²¹²)

386 1897 488 1971 13,
535 1896 640 1970 42,
679 1895 745 1970 53
799 1894 901 1969 15,
940 1893 1042 1965 89,
1093 1892 1161 1966 3;
1210 1891 1312 1962 16,
1352 1891 1452 1963 36,
1494 1891 1552 1966 3,
1597 1889 1815 1950 Photio
1851 1891 2311 1968 relinquendum

384 1993 485 2066 36,
537 1992 596 2069 8,
646 1992 701 2050 2.

560 2091 753 2149 Δυοῖν
818 2106 896 2148 an
971 2086 1138 2166 δυεῖν
1211 2085 1432 2146 dixerit
1502 2085 1802 2147 Diodorus
1876 2087 1991 2146 etsi
2060 2087 2313 2147 dubium

383 2185 575 2245 videri
618 2169 829 2262 possit,
872 2183 1043 2244 libris
1090 2184 1268 2244 modo
1315 2185 1429 2245 hoc
1472 2184 1650 2245 modo
1695 2185 1848 2245 iuud
1881 2186 2313 2262 praebentibus

383 2283 482 2342 vel
530 2282 807 2341 omnibus
851 2282 950 2343 vel
993 2282 1317 2359 nonnullis,
1364 2300 1477 2359 ego
1522 2285 1849 2359 utrumque
1908 2301 2046 2341 eum
2093 2284 2313 2345 dixisse

383 2398 506 2438 non
560 2378 810 2438 credens
872 2377 1136 2453 praetuli
1192 2376 1396 2454 δυοῖν,
1452 2377 1612 2453 quod
1667 2380 1762 2437 est
1817 2378 1883 2435 in
1928 2379 2205 2439 omnibus
2253 2379 2314 2457 3,

389 2465 491 2551 74,
529 2477 600 2550 43
652 2477 753 2552 13,
795 2477 896 2550 19,
930 2476 995 2551 63
1039 2476 1141 2552 13,
1173 2476 1276 2550 20,
1311 2477 1377 2551 13
1417 2476 1518 2548 13,
1559 2476 1661 2548 34,
1711 2476 1768 2534 3.
1831 2474 1968 2534 Etsi
2001 2476 2134 2535 fieri
2178 2479 2312 2553 pot·

387 2577 482 2633 est
524 2576 595 2631 ut
640 2591 763 2630 una
808 2572 865 2630 ei
909 2570 1114 2646 potius
1160 2572 1358 2631 forma
1403 2568 1570 2630 δυεῖν
1616 2571 1696 2630 sit
1741 2568 2268 2648 restituenda.**)

567 2660 717 2746 Εἶμι
761 2668 930 2729 verbi
966 2668 1185 2728 tertiae
1230 2668 1312 2744 pl.
1358 2667 1695 2743 imperfecti
1738 2669 1934 2729 forma
1976 2665 2161 2755 ᾔεσαν
2199 2670 2313 2730 etsi

390 2786 626 2844 semper
672 2770 765 2826 est
809 2766 874 2826 in
917 2766 1117 2840 libris,
1165 2770 1370 2827 tamen
1421 2784 1495 2824 ne
1541 2765 1802 2827 Diodoro
1848 2769 2091 2844 quidem
2136 2769 2315 2828 relin-

392 2866 689 2945 quendam
737 2864 896 2941 duxi,
941 2864 1287 2941 pariterque
1344 2863 1717 2924 eximendam
1762 2865 2014 2943 Polybio
2063 2870 2125 2925 et
2169 2866 2313 2925 Dio-

391 2965 593 3041 nysio,
649 2966 721 3022 ut
779 2963 880 3023 vel
924 2962 1105 3021 Dioni
1152 2962 1390 3037 utrique
1450 2961 1823 3023 eximendam
1869 2962 1992 3021 dixi
2037 2962 2113 3021 ad
2157 2961 2314 3039 illos,

570 3151 622 3221 ³⁸)
679 3151 866 3205 ortum
920 3165 989 3203 ex
1036 3165 1394 3204 numerorum
1449 3146 1818 3217 compendii8‚
1875 3145 2040 3201 sicuti
2091 3145 2313 3217 saepius

392 3229 704 3287 δεκαπέντε
744 3232 919 3299 atque
953 3229 1013 3283 in
1040 3229 1089 3283 D
1120 3227 1443 3298 σαράκοντα
1479 3243 1580 3296 pro
1609 3224 2030 3295 τεσσαράκοντα
2064 3236 2109 3296 1,
2138 3233 2223 3296 45,
2254 3233 2319 3293 43

392 3319 442 3378 2,
480 3316 531 3379 e,
569 3315 637 3377 ὅ,
676 3316 727 3376 2,
764 3315 816 3379 9,
854 3314 885 3363 5
924 3311 983 3364 et
1021 3315 1069 3364 7.

416 3389 418 3391 ’
536 3389 629 3456 **)
667 3388 736 3441 of.
776 3389 1042 3457 Zarnoke,
1078 3388 1188 3444 Lit.
1230 3386 1533 3443 Zentralbl.
1574 3391 1709 3442 1867
1748 3404 1803 3456 p.
1847 3391 2003 3457 1020,
2039 3387 2135 3443 ubi
2175 3389 2320 3443 haee

392 3470 513 3521 iure
550 3465 898 3523 refelluntur.
1904 3482 1911 3488 '
