2569 4061
1100 293 1154 348 11
1191 302 1276 352 57.
1307 300 1391 350 58.
2067 295 2202 362 263

277 462 617 527 δύνασθαι
675 459 1088 545 πορεύεσθαι
1145 459 1314 543 πρὸς
1372 455 1407 521 ὃ
1464 455 1547 521 ἂν
1607 456 1804 545 μέρος
1863 456 2203 543 βούληται.

273 572 351 635 τὸ
400 564 462 633 δ’
498 559 659 652 αἷμα
692 567 940 632 τούτου
985 573 1106 630 τοῦ
1145 563 1319 653 ζῴου
1363 564 1749 648 θαυμάσιον
1784 568 1958 650 ἔχειν
2006 565 2202 632 δύνα-
2239 585 2276 635 4

274 694 422 762 μιν·
476 684 611 740 πᾶν
655 674 783 757 γὰρ
828 676 904 739 τὸ
954 667 1325 757 διατμηθὲν
1381 672 1680 753 ἔμπνουν
1726 681 1912 756 σῶμα
1956 677 2205 739 κολλᾶν

280 789 705 868 παραχρῆμα,
757 777 885 846 κᾶν
939 777 1350 844 ἀποκοπεῖσα
1403 774 1546 860 χεὶρ
1601 774 1643 858 ἢ
1701 774 1935 858 ὅμοιον
1993 780 2204 846 εἰπεῖν

229 900 257 941 ⁶
279 888 475 974 τύχῃ,
537 884 627 953 δι’
672 886 881 952 αὐτοῦ
939 889 1316 951 κολλᾶσθαι
1375 881 1771 968 προσφάτου
1831 890 1947 965 τῆς
2002 892 2208 967 τομῆς

278 995 514 1078 οὔσης,
572 989 684 1059 καὶ
735 993 942 1056 τᾶλλα
1001 986 1076 1055 δὲ
1136 987 1303 1075 μέρη
1366 998 1487 1054 τοῦ
1543 988 1875 1073 σώματος,
1937 987 2062 1053 ὅσα
2116 991 2203 1073 μὴ

276 1103 534 1186 κυρίοις
569 1101 797 1175 τόποις
831 1094 944 1192 καὶ
982 1094 1343 1181 συνέχουσι
1378 1098 1452 1162 τὸ
1492 1099 1608 1181 ζῆν
1649 1095 2003 1181 κατέχεται.
2059 1093 2206 1162 ἕκα-
2243 1116 2276 1165 5

281 1224 439 1272 στον
486 1201 560 1270 δὲ
597 1213 731 1268 τῶν
779 1202 1220 1287 συστημάτων
1253 1200 1527 1287 τρέφειν
1571 1205 1813 1290 ὄρνεον
1849 1199 2207 1287 εὐμέγεθες

286 1314 534 1391 ὐδιάζον
594 1318 674 1394 τῇ
739 1310 974 1393 φύσει,
1039 1306 1152 1372 καὶ
1215 1309 1328 1373 διά
1386 1310 1628 1376 τούτου
1692 1311 2062 1396 πειράζεται
2124 1311 2206 1376 τὰ

201 1432 257 1472 10
281 1422 482 1502 νήπια
528 1426 666 1481 τῶν
708 1418 983 1499 βρεφῶν
1027 1415 1225 1491 ποίας
1269 1415 1456 1492 τινὰς
1501 1417 1635 1500 ἔχει
1678 1417 1794 1493 τὰς
1837 1424 1955 1500 τῆς
1990 1426 2206 1503 ψυχῆς

285 1522 643 1597 διαθέσεις·
710 1519 1258 1603 ἀναλαμβάνουσι
1322 1520 1450 1605 γὰρ
1511 1521 1680 1586 αὐτὰ
1742 1520 1846 1586 ἐπὶ
1906 1524 1986 1587 τά
2051 1527 2202 1610 ζῷα,

281 1626 392 1694 καὶ
444 1626 703 1691 τούτων
755 1623 1137 1709 πετομένων
1191 1625 1273 1690 τὰ
1328 1620 1453 1709 μὲν
1497 1626 1621 1709 τὴν
1678 1626 1789 1690 διὰ
1833 1635 1954 1692 τοῦ
2013 1627 2206 1713 ἀέρος

283 1733 505 1818 φορὰν
541 1728 962 1816 ὑπομένοντα
995 1729 1343 1818 τρέφουσι,
1371 1732 1452 1797 τὰ
1489 1728 1565 1797 δὲ
1601 1732 1990 1818 περιναύτια
2025 1736 2206 1815 γινό-

278 1862 446 1923 μενα
499 1835 609 1904 καὶ
653 1839 963 1922 θάμβους
1014 1840 1445 1928 πληρούμενα
1491 1838 1873 1924 ῥίπτουσιν,
1919 1838 2008 1914 ὡς
2054 1839 2207 1905 οὔτε

198 1958 252 2000 1⁵
280 1947 693 2034 πολυχρόνια
750 1951 1139 2012 καθεστῶτα
1198 1946 1352 2011 οὔτε
1411 1956 1551 2023 τοῖς
1610 1946 1838 2021 ἄλλοις
1894 1955 2034 2022 τοῖς
2091 1953 2208 2029 τῆς

277 2062 493 2137 ψυχῆς
537 2054 826 2137 λήμασιν
873 2050 1202 2137 ἀξιόλογα.
1276 2052 1558 2120 ἑκάστου
1597 2049 1671 2118 δὲ
1718 2054 2146 2137 συστήματος,
2168 2053 2204 2119 ὁ
2243 2070 2276 2119 6

274 2159 722 2245 πρεσβύτερος
777 2156 878 2224 ἀεὶ
933 2159 1057 2242 τὴν
1110 2158 1476 2243 ἡγεμονίαν
1529 2163 1662 2244 ἔχει
1671 2207 1693 2243 ,
1748 2159 2052 2245 καθάπερ
2106 2182 2206 2237 τις

277 2265 623 2349 βασιλεύς,
677 2261 792 2329 καὶ
844 2262 1059 2352 τούτῳ
1115 2266 1357 2342 πάντες
1410 2268 1787 2331 πείθονται·
1844 2266 2005 2331 ὅταν
2053 2260 2116 2330 δ’
2167 2265 2203 2332 ὁ

276 2384 538 2456 πρῶτος
572 2372 841 2450 τελέσας
874 2373 957 2437 τὰ
1001 2371 1238 2438 ἑκατὸν
1278 2370 1391 2441 καὶ
1435 2374 1846 2456 πεντήκοντα
1882 2374 1992 2456 ἔτη
2038 2373 2204 2438 κατὰ

196 2491 253 2531 20
277 2478 398 2542 τὸν
432 2480 646 2562 νόμον
691 2475 1030 2563 ἀπαλλάξῃ
1069 2475 1311 2543 ἑαυτὸν
1346 2486 1468 2543 τοῦ
1506 2482 1642 2561 ζῆν,
1691 2476 1727 2542 ὁ
1764 2478 1926 2561 μετὰ
1960 2487 2202 2544 τοῦτον

277 2585 731 2669 πρεσβύτατος
775 2582 1146 2669 διαδέχεται
1198 2585 1323 2667 τὴν
1367 2583 1747 2668 ἡγεμονίαν.
1835 2583 1877 2668 ἡ
1926 2581 2001 2650 δὲ
2053 2583 2204 2672 περὶ
2243 2603 2274 2654 7

277 2690 401 2774 τὴν
473 2699 685 2775 νῆσον
756 2691 1085 2773 θάλαττα,
1160 2690 1423 2776 ῥοώδης
1495 2685 1664 2757 οὖσα
1736 2688 1849 2757 καὶ
1919 2694 2206 2776 μεγάλας

278 2795 606 2880 ἀμπώτεις
668 2794 778 2863 καὶ
849 2797 1195 2883 πλημύρας
1257 2795 1658 2881 ποιουμένη,
1735 2803 2009 2882 γλυκεῖα
2078 2801 2204 2884 τὴν

276 2910 513 2984 γεῦσιν
565 2901 952 2987 καθέστηκε.
1042 2913 1179 2968 τῶν
1236 2899 1310 2969 δὲ
1355 2901 1509 2991 παρ’
1562 2903 1723 2988 ἡμῖν
1779 2905 2043 2991 ἄστρων
2087 2904 2202 2982 τὰς

196 3020 250 3060 2⁶
277 3008 561 3092 ἄρκτους
615 3006 727 3074 καὶ
788 3009 1003 3074 πολλὰ
1067 3011 1230 3090 [τῶν
1282 3003 1441 3075 καθ’
1484 3009 1679 3095 ἡμᾶς]
1750 3014 2051 3077 καθόλου
2110 3011 2200 3093 μὴ

172 3127 272 3178 171
295 3115 680 3198 φαίνεσθαι.
755 3112 916 3180 ἑπτὰ
961 3112 1025 3180 δ’
1068 3109 1242 3198 ἦσαν
1279 3110 1474 3181 αὗται
1519 3126 1714 3200 νῆσοι
1750 3117 2201 3199 παραπλήσιαι

277 3215 400 3303 μὲν
453 3229 592 3296 τοῖς
637 3218 982 3303 μεγέθεσι,
1039 3221 1417 3307 σύμμετρον
1465 3219 1525 3286 δ’
1582 3221 1889 3306 ἀλλήλων
1943 3220 2200 3300 διεστη-

418 3416 455 3466 4
491 3404 628 3483 καν]
664 3410 763 3467 καὶ
799 3409 849 3464 D
978 3407 1014 3483 ἢ
1053 3410 1340 3468 0112.an
1466 3411 1676 3500 εἰπεῖν]
1712 3405 1749 3480 ἢ
1786 3415 1929 3471 ποῦς
1965 3407 2014 3463 G
2134 3415 2200 3463 19

156 3534 163 3541 ,
275 3478 424 3536 κατὰ
462 3481 547 3569 A,
567 3482 666 3537 καὶ
698 3479 850 3568 yut&
888 3486 996 3537 cet.
1142 3489 1212 3539 25
1260 3484 1372 3537 τῶν
1411 3477 1554 3537 καθ’
1594 3480 1744 3569 ἡμᾶς
1781 3500 1890 3537 om.
1930 3475 2093 3549 Ε,τό
2132 3478 2199 3548 03

277 3553 389 3606 τῶν
418 3547 547 3608 κατ’
572 3547 751 3616 αὐτὰς
791 3552 1033 3621 conici03
1072 3575 1142 3608 κα
1110 3550 1375 3608 αὶπόλον
1343 3550 1503 3608 ντόν
1533 3548 1675 3607 καθ’
1698 3548 1848 3621 ἡμᾶς
1877 3551 2200 3607 Salmasius,
