2569 4061
372 191 463 257 80
1059 189 1370 246 DIODORI
1406 188 1644 247 SICULI

372 366 509 422 τῶν
555 355 796 439 οἰκίας,
858 354 934 433 ἃς
987 350 1110 439 μὲν
1154 355 1651 438 τετρωρόφους,
1706 352 1785 431 ἃς
1842 350 1914 419 δὲ
1972 353 2303 437 πεντωρό-

374 484 549 546 φους
591 459 1108 543 κατασκευάσαι,
1162 458 1272 525 καὶ
1319 463 1622 526 καθόλου
1667 460 1792 544 τὴν
1835 461 2035 524 πόλιν
2080 457 2301 524 εὐδαι-

372 568 785 653 μονεστάτην
832 568 914 633 οὐ
959 568 1171 651 μόνον
1205 577 1342 632 τῶν
1377 562 1518 631 κατ’
1563 569 1935 649 Αἴγυπτον,
1984 564 2152 631 ἀλλὰ
2191 563 2303 630 καὶ
2341 567 2410 618 55

299 697 334 746 6
373 684 509 740 τῶν
555 675 776 740 ἀλλων
820 683 1053 739 πασῶν
1097 681 1388 757 ποιῆσαι.
1475 672 1588 738 διὰ
1634 668 1710 737 δὲ
1752 673 1877 755 τὴν
1919 671 2301 757 ὑπερβολὴν

372 790 488 865 τῆς
522 779 675 868 περὶ
712 779 923 863 αὐτὴν
959 779 1275 864 εὐπορίας
1311 802 1381 843 τε
1417 776 1529 843 καὶ
1568 778 1910 862 δυνάμεως
1956 778 2051 854 είς
2086 779 2300 843 πάντα
2328 797 2353 838 5

370 891 580 955 τόπον
632 896 750 973 τῆς
814 889 1038 972 φήμης
1103 883 1578 971 διαδεδομένης
1642 884 2131 970 ἐπιμεμνῆσθαι
2189 883 2300 951 καὶ

371 996 490 1060 τὸν
535 993 818 1078 ποιητὴν
866 992 1068 1076 αὐτῆς
1112 1009 1324 1076 φασιν
1371 991 1444 1058 ἐν
1491 984 1592 1069 οἷς
1638 989 1815 1075 λέγει

1613 1096 1939 1164 οὐδ’·ὅσα
1987 1100 2212 1182 Θήβας

461 1207 855 1289 Αἰγυπτίας,
894 1205 1010 1271 ὅθι
1038 1209 1312 1271 πλεῖστα
1341 1207 1573 1290 δόμοις
1609 1208 1710 1271 ἔνι
1745 1207 2040 1289 κτήματα
2066 1214 2296 1287 κεῖται,

462 1309 607 1378 αἵθ’
660 1310 1110 1396 ἑκατόμπυλοί
1147 1313 1309 1395 εἰσι,
1363 1313 1693 1396 διηκόσιοι
1743 1309 1805 1376 δ’
1859 1307 1965 1377 ἀν’
2017 1309 2301 1394 ἑκάστην
2330 1335 2381 1375 10

462 1416 693 1504 ἀνέρες
738 1417 1104 1503 ἐξοιχνεῦσι
1150 1422 1279 1484 σὺν
1326 1418 1629 1484 ἵπποισιν
1674 1415 1784 1484 καὶ
1830 1420 2127 1503 ὄχεσφιν.

299 1545 334 1594 ’1
373 1527 541 1590 ἔνιοι
589 1523 669 1591 δέ
709 1541 920 1612 φασιν
966 1526 1050 1593 οὐ
1085 1526 1299 1602 πύλας
1345 1524 1580 1590 ἑκατὸν
1621 1522 1968 1609 ἐσχηκέναι
2012 1525 2136 1609 τὴν
2181 1526 2300 1588 πό-

309 1676 325 1690 .
370 1636 501 1716 λιν,
548 1632 714 1698 ἀλλὰ
760 1634 974 1698 πολλοὶ
1016 1630 1127 1698 καὶ
1173 1632 1427 1716 μεγάλα
1471 1631 1851 1714 προπύλαια
1894 1641 2029 1696 τῶν
2069 1631 2295 1715 ἱερῶν,

373 1731 484 1822 ἀφ’
540 1732 637 1804 ὧν
683 1737 1138 1822 ἑκατόμπυλον
1194 1737 1622 1821 ὠνομάσθαι,
1677 1734 2042 1821 καθαπερεὶ
2097 1736 2298 1802 πολύ-

372 1848 604 1909 πυλον.
690 1843 1007 1927 δισμύρια
1068 1837 1129 1907 δ’
1181 1842 1437 1928 ἅρματα
1483 1843 1650 1928 πρὸς
1695 1842 2021 1925 ἀλήθειαν
2068 1842 2134 1922 ἐξ
2180 1843 2296 1908 αὐ-
2326 1880 2375 1920 15

372 1957 488 2034 τῆς
533 1951 628 2028 εἰς
672 1951 829 2027 τοὺς
876 1947 1205 2035 πολέμους
1250 1949 1760 2036 ἐκπορεύεσθαι·
1818 1952 1976 2027 τοὺς
2021 1952 2148 2036 γὰρ
2199 1950 2301 2015 ἶπ-

372 2065 600 2134 πῶνας
667 2054 905 2122 ἑκατὸν
966 2055 1314 2140 γεγονέναι
1378 2058 1545 2123 κατὰ
1605 2057 1731 2140 τὴν
1794 2058 2301 2143 παραποταμίαν

370 2163 496 2247 τὴν
544 2163 671 2229 ἀπὸ
717 2162 1056 2248 Μέμφεως
1110 2166 1261 2250 ἄχρι
1310 2168 1557 2248 Θηβῶν
1611 2175 1747 2229 τῶν
1790 2164 1956 2229 κατὰ
2010 2164 2135 2247 τὴν
2180 2167 2301 2228 Λι-

372 2270 578 2353 βύην,
644 2267 925 2336 ἑκάστου
982 2269 1346 2354 δεχομένου
1411 2270 1539 2334 ἀνὰ
1598 2271 1980 2347 διακοσίους
2035 2271 2307 2352 ἵππους,

374 2369 471 2439 ὧν
518 2376 613 2439 ἔτι
658 2384 788 2440 νῦν
833 2377 915 2441 τὰ
959 2372 1240 2459 θεμέλια
1288 2377 1703 2440 δείκνυσθαι.
2330 2413 2382 2453 20

261 2500 352 2566 46
555 2480 656 2545 Οὐ
691 2483 904 2565 μόνον
942 2477 1016 2545 δὲ
1042 2489 1284 2546 τοῦτον
1311 2481 1432 2546 τὸν
1461 2478 1738 2563 βασιλέα
1773 2482 2298 2565 παρειλήφαμεν,

372 2584 540 2652 ἀλλά
593 2584 703 2651 καὶ
758 2596 893 2651 τῶν
944 2585 1229 2673 ὕστερον
1284 2585 1627 2672 ἀρξάντων
1681 2588 1972 2663 πολλοὺς
2026 2589 2121 2664 εἰς
2174 2589 2298 2672 τὴν

372 2691 652 2777 αὔξησιν
686 2699 802 2775 τῆς
836 2695 1089 2769 πόλεως
1132 2696 1718 2778 πεφιλοτιμῆσθαι.
1801 2692 2196 2779 ἀναθήμασί
2224 2717 2294 2761 τε

371 2800 500 2886 γὰρ
538 2802 809 2876 πολλοῖς
844 2797 956 2863 καὶ
992 2799 1303 2883 μεγάλοις
1349 2799 1667 2886 ἀργυροῖς
1702 2798 1813 2866 καὶ
1857 2812 2152 2886 χρυσοῖς,
2199 2791 2297 2866 ἔτι

373 2900 434 2972 δ’
486 2905 971 2992 ἐλεφαντίνοις,
1032 2904 1145 2972 καὶ
1197 2912 1602 2974 κολοττικῶν
1659 2906 2079 2994 ἀνδριάντων
2134 2911 2297 2991 πλή-
2326 2945 2378 2986 25

372 3020 515 3099 θει,
575 3014 740 3099 πρὸς
795 3009 870 3078 δὲ
922 3014 1185 3091 τούτοις
1236 3024 1672 3092 κατασκευαῖς
1716 3017 2107 3098 μονολίθων
2152 3014 2300 3097 ὀβε-

371 3123 622 3188 λίσκων
676 3120 1005 3205 μηδεμίαν
1057 3130 1193 3186 τῶν
1255 3121 1387 3187 ὑπὸ
1442 3122 1562 3186 τὸν
1623 3121 1819 3205 ἥλιον
1873 3119 2047 3186 οὕτω
2112 3143 2299 3186 κεκο-

515 3318 546 3367 9
587 3310 699 3385 ἔνι]
739 3310 802 3369 ἐν
840 3313 887 3368 D
1019 3319 1085 3368 16
1126 3280 1568 3384 ἐκπορεύεσθαι]
1611 3306 1825 3378 ἐξιέναι
1863 3312 1950 3368 CF·
2081 3319 2148 3369 18
2184 3314 2298 3368 τῶν

371 3378 518 3436 κατὰ
565 3379 671 3450 τὴν
718 3381 847 3455 [τὴν
898 3401 1006 3441 om.
1053 3383 1232 3455 vulg]
1289 3381 1508 3465 Λιβύην
1564 3383 2011 3438 additamentum
2068 3384 2298 3452 mirum3

375 3466 424 3503 v.
457 3455 667 3506 12—20
705 3454 924 3523 spurios
962 3471 1085 3512 esse
1123 3455 1265 3510 coni.
1305 3455 1605 3510 Emhsbadt
1710 3459 1781 3509 25
1812 3451 2199 3524 ἐλεφαντίνων
2232 3457 2298 3510 D.
