2569 4061
2538 14 2540 31 A

2538 34 2540 73 l

27 0 2541 196 —

2497 162 2541 192 4!

747 436 846 493 DE
886 436 1187 493 SERMON
1190 437 1235 492 E
1274 435 1669 493 DIODOREO.
1997 437 2169 493 LXIX

415 600 667 685 Πραέως
716 610 775 683 1,
813 607 916 682 36,
958 607 1015 683 3,
1071 604 1479 682 improbatum
1532 605 1747 667 Photio
1804 609 1868 667 et
1919 588 2171 666 inusita-

236 707 367 763 tum
411 703 739 779 veteribus,
785 702 1100 780 redarguit
1141 694 1351 786 πρᾴως
1399 705 1502 780 34,
1541 705 1600 781 2,
1639 705 1740 763 33.

409 800 754 880 Πυρίπνοοι
807 807 1017 880 ταῦροι
1064 803 1124 877 4,
1162 804 1268 881 47,
1309 804 1376 879 3,
1433 805 1498 861 eh
1548 798 1834 883 πυρπνόῳ
1893 800 2161 884 Χιμαίρᾳ

246 900 303 972 6,
337 901 393 976 7,
423 901 460 958 8
508 899 609 959 vix
654 898 939 959 videntur
984 899 1061 959 ab
1108 899 1318 959 eodem
1366 898 1450 959 sie
1490 898 1727 974 scripta,
1776 899 1890 958 etsi
1924 899 2164 958 difficile

234 995 398 1056 dictu
435 999 529 1056 est
563 1000 773 1056 utrum
813 996 894 1057 sit
922 996 1190 1058 Diodori.
1252 996 1443 1068 Quem
1478 999 1644 1056 certe
1683 997 2004 1072 uirumque
2033 1013 2167 1056 eon-

234 1092 487 1163 traxisse
531 1094 726 1155 videri
769 1113 913 1154 πνοι
959 1096 1022 1154 ei:
1065 1115 1196 1178 πνῳ
1244 1095 1365 1154 dixi
1412 1113 1597 1171 supra
1642 1113 1698 1170 p.
1735 1092 1950 1152 XXXI.

399 1184 626 1268 Ῥίπτω,
673 1191 832 1268 quod
862 1192 921 1270 5,
947 1193 1046 1265 39,
1070 1192 1107 1250 8
1148 1190 1266 1250 duo
1308 1193 1517 1267 optimi
1553 1183 1736 1272 (DE),
1775 1190 1879 1267 qui
1917 1186 2166 1261 ἑαυτοὺς

231 1285 570 1367 ῥιπτοῦντες
617 1287 699 1360 εἰς
745 1285 1132 1367 ἀβοηθήτους
1179 1285 1523 1365 κινδύνους,
1570 1291 1814 1348 mutant
1857 1288 1923 1346 in
1960 1284 2165 1366 ῥιπτῶ,

227 1405 439 1446 rursus
494 1387 722 1447 tollunt
775 1388 833 1462 3,
872 1388 974 1463 16,
1004 1389 1071 1463 2,
1131 1384 1343 1461 optimi
1402 1385 1519 1446 duo
1577 1377 1747 1468 (BD)
1801 1385 2164 1462 praebentes

228 1479 572 1561 ῥιπτόμεναι
617 1502 728 1560 pro
776 1480 1193 1562 ῥιπτούμεναι,
1239 1483 1398 1558 quod
1445 1486 1539 1543 est
1588 1486 1690 1559 19,
1721 1486 1822 1561 99,
1852 1486 1915 1560 3,
1962 1487 2027 1542 et
2073 1484 2163 1543 vi·

227 1580 430 1640 eissim
472 1584 575 1659 14,
612 1583 714 1655 27,
747 1583 783 1640 6
833 1577 1174 1658 ῥιπτόμενα,
1219 1580 1326 1638 ubi
1361 1580 1466 1639 alii
1512 1577 1869 1658 ῥιπτούμενα
1907 1582 1970 1640 et
2006 1580 2060 1639 D
2102 1583 2161 1655 3,

229 1680 335 1756 29,
378 1682 411 1737 1
456 1675 853 1756 ἐκριπτοῦσιν,
893 1677 997 1736 sed
1035 1695 1242 1736 omnes
1276 1678 1334 1753 2,
1367 1680 1468 1752 19,
1498 1679 1535 1735 6
1575 1673 2163 1755 ἀναρριπτουμένων,

223 1775 379 1834 item
433 1777 535 1848 17,
568 1775 672 1847 59,
707 1775 738 1831 1
792 1790 995 1832 omnes
1043 1770 1423 1850 ῥιπτούμενα,
1470 1777 1539 1832 ut
1577 1775 1637 1848 3,
1670 1775 1770 1849 13,
1803 1777 1835 1831 1
1886 1770 1996 1848 τὴν
2033 1773 2165 1852 ῥιπ-

222 1866 536 1947 τουμένην
596 1866 747 1927 κατὰ
810 1865 1023 1948 μικρὸν
1086 1865 1337 1950 πέτραν,
1401 1878 1586 1930 ωιιιε
1617 1862 1728 1952 (Β)
1784 1865 2165 1949 ῥιπτομένην,

222 1965 672 2047 ἀναρριπτεῖται
718 1985 923 2027 omnes
962 1968 1020 2045 5,
1051 1970 1154 2047 37,
1183 1971 1244 2045 4,
1289 1965 1679 2049 ἐπερρίπτουν
1720 1971 1820 2047 14,
1850 1968 1910 2043 5,
1941 1968 1999 2045 5,
2047 1968 2164 2027 etsi

227 2065 588 2146 ἐπιρρίπτων
633 2066 698 2124 in
745 2065 955 2126 eadem
989 2067 1250 2127 formula
1289 2070 1383 2127 est
1422 2070 1523 2145 14,
1558 2070 1658 2144 12,
1690 2070 1757 2144 33
1806 2069 1908 2141 30,
1939 2068 2007 2144 53
2055 2065 2161 2125 sed

228 2161 333 2235 τὰς
378 2161 716 2243 ἐπιβάθρας
753 2160 1228 2244 ἐπιρριπτοῦντες
1268 2167 1371 2242 14,
1401 2167 1503 2242 51,
1536 2170 1592 2243 7,
1641 2169 1704 2225 et
1751 2164 1958 2224 δίκτυα
1996 2161 2159 2242 ἐπιρ-

229 2268 568 2340 ριπτοῦντες
604 2264 706 2339 17,
736 2263 842 2339 43,
874 2265 976 2340 10,
1016 2265 1078 2322 et
1116 2258 1503 2342 ἐπερρίπτουν
1537 2266 1640 2338 17,
1667 2265 1773 2339 44,
1804 2265 1841 2322 2
1874 2265 1936 2320 et
1965 2264 2024 2334 4,
2054 2261 2160 2321 sed

231 2353 577 2436 ἐπέρριπτον
629 2361 732 2436 13,
763 2360 866 2435 78,
898 2362 933 2419 7
984 2351 1344 2439 (ἐπέρριψαν
1381 2352 1486 2440 P),
1535 2360 1598 2418 et
1641 2356 1713 2417 τὰ
1760 2356 2001 2434 σώματα
2044 2376 2154 2415 πα·

231 2452 671 2532 ραρριπτόντων
737 2458 839 2533 13,
881 2458 982 2535 79,
1023 2459 1124 2539 23'
1156 2460 1249 2517 et·
1269 2459 1371 2534 14,
1412 2457 1560 2534 114,
1601 2459 1637 2517 7
1695 2454 2037 2534 ῥιπτοῦντες
2089 2452 2159 2514 τὰ

227 2549 416 2628 ὅπλα,
485 2554 547 2612 ei:
614 2556 725 2629 15,
762 2556 867 2630 48,
906 2556 944 2613 2
1001 2553 1610 2635 καταρριπτούμεναι,
1678 2556 1777 2631 18,
1819 2556 1921 2632 34,
1959 2556 1997 2613 2
2056 2551 2160 2626 τὰς

231 2646 505 2720 ἐπάλξεις
550 2646 890 2730 ἐρρίπτουν,
949 2652 1055 2711 ubi
1100 2671 1257 2711 unus
1304 2650 1594 2732 ἔρριπτον,
1655 2654 1755 2726 19,
1785 2654 1890 2727 49,
1919 2653 1961 2710 4
2007 2647 2157 2728 ὑπὲρ

235 2754 355 2807 τῶν
391 2755 596 2826 τειχῶν
641 2745 1037 2828 ἐξερρίπτουν,
1084 2753 1147 2810 et
1185 2752 1289 2826 36,
1319 2752 1380 2824 4,
1409 2754 1443 2810 7
1485 2747 1556 2809 τὰ
1603 2746 1754 2809 ὅπλα
1791 2747 2160 2827 ῥιπτούντων

226 2848 291 2905 et
328 2842 689 2924 ῥιπτοῦντες,
728 2845 833 2906 sed
868 2844 1016 2907 κατὰ
1049 2854 1170 2907 τῶν
1206 2855 1412 2925 τειχῶν
1440 2845 1738 2927 ῥίπτοντες
1775 2843 2023 2918 ἑαυτοὺς
2055 2849 2159 2923 19,

228 2944 287 3019 8,
322 2946 377 3018 1,
425 2946 487 3003 et
531 2942 909 3023 παρερρίπτει
954 2948 1078 3017 τοῖς
1122 2943 1362 3024 θηρίοις
1401 2947 1503 3019 25,
1535 2946 1592 3019 3,
1626 2947 1684 3017 1,
1730 2940 2044 3023 ἐρρίπτουν
2085 2940 2157 3002 τὰ

224 3037 491 3118 χρήματα
539 3044 643 3116 27,
673 3044 735 3119 4,
766 3044 825 3116 3,
872 3045 935 3103 et
980 3046 1505 3122 συγκαταρριπτεῖν
1553 3044 1657 3119 29,
1687 3044 1787 3102 32.
1856 3039 2157 3101 Credibile

223 3137 415 3213 igitur
461 3138 643 3197 etiam
689 3139 836 3198 alibi
880 3138 1139 3199 formam
1192 3140 1568 3201 contractam
1614 3139 1790 3198 alteri
1837 3157 1968 3198 esse
2016 3139 2157 3199 sub-

225 3234 614 3313 stituendam,
659 3238 731 3294 ut
769 3238 827 3310 2,
858 3237 961 3313 26,
990 3238 1029 3296 46
1070 3255 1142 3296 ex
1181 3235 1450 3297 Gemisto
1488 3236 1689 3314 recepi
1735 3232 1985 3308 ἑαυτοὺς
2024 3234 2159 3317 ῥιπ-

222 3335 346 3392 τεῖν
410 3331 495 3403 εἰς
557 3327 662 3390 τὸν
714 3330 1050 3412 Εὐφράτην
1111 3332 1412 3412 ποταμόν,
1477 3335 1648 3395 velut
1698 3338 1753 3410 1,
1785 3335 1887 3407 83,
1918 3337 1956 3392 3
2014 3329 2159 3411 κρέα

220 3433 347 3501 τοῖς
412 3425 599 3509 ἱέραξι
669 3426 1011 3508 πετομένοις
1075 3428 1532 3511 ἀναρρίπτουσι,
1598 3433 1657 3508 2,
1700 3431 1803 3505 58,
1842 3429 1880 3487 5
1946 3426 2018 3487 τὰ
2094 3419 2159 3483 δὲ

221 3525 513 3606 θάμβους
557 3526 942 3608 πληρούμενα
998 3525 1338 3608 ῥίπτουσιν,
1397 3530 1455 3605 3,
1488 3529 1588 3601 15,
1622 3529 1658 3586 6
1710 3522 2017 3603 ῥίπτουσιν
2063 3516 2161 3580 ἐπὶ

216 3621 334 3703 τὴν
381 3632 527 3706 γῆν,
575 3628 633 3705 3,
666 3628 769 3705 19,
801 3629 837 3686 6
879 3623 1185 3706 ῥίπτουσιν
1232 3623 1317 3696 εἰς
1360 3620 1470 3700 τὴν
1515 3622 1848 3691 θάλατταν,
1897 3619 1955 3691 3,
1983 3620 2086 3687 48,
2118 3615 2157 3669 3

215 3721 624 3804 ἀπορρίπτειν.

27 3311 35 3490 v*-

27 3895 43 4056 ‘ss
