2569 4061
1016 381 1069 435 Π
1107 387 1191 435 29.
1232 387 1318 435 30.
2008 383 2140 447 219

211 539 414 625 μένας
476 546 786 627 βεβαίως·
855 545 972 620 τάς
1035 552 1204 625 γοῦν
1270 541 1791 627 ἐπιφανεστάτας
1856 542 2143 631 αἱρέσεις

211 659 346 713 τῶν
394 653 791 736 φιλοσόφων
846 655 914 715 εἴ
959 672 1059 726 τις
1115 648 1405 735 ἀκριβῶς
1458 648 1770 733 ἐξετάζοι,
1828 658 2141 719 πλεῖστον

212 756 377 821 ὅσον
431 756 697 842 εὑρήσει
758 756 1211 842 διαφερούσας
1266 754 1574 838 ἀλλήλων
1626 754 1738 821 καὶ
1802 757 1952 842 περὶ
2005 770 2140 824 τῶν

212 863 540 944 μεγίστων
605 860 820 939 δοξῶν
884 860 1152 925 ἐναντία
1217 842 1636 939 δοξαζούσας.
1745 860 1816 925 oc
1884 856 1942 925 δ’
2015 858 2140 928 οὖν
2160 864 2251 927 30

158 983 186 1023 ⁵
214 968 541 1032 Χαλδαῖοι
585 968 708 1050 τὴν
753 963 877 1051 μὲν
920 975 1044 1032 τοῦ
1088 969 1346 1050 κόσμου
1401 966 1612 1048 φύσιν
1666 964 1888 1030 ἀίδιόν
1934 983 2142 1050 φασιν

215 1068 387 1138 εἶναι
440 1072 552 1138 καὶ
607 1076 767 1158 μήτε
830 1073 896 1153 ἐξ
963 1073 1169 1158 ἀρχῆς
1231 1070 1497 1156 γένεσιν
1562 1070 1908 1157 ἐσχηκέναι
1971 1071 2134 1158 μήθ’

214 1179 498 1266 ὕστερον
544 1180 830 1266 φθορὰν,
859 1177 1302 1261 ἐπιδέξεσθαι,
1349 1178 1473 1261 τὴν
1511 1175 1584 1244 δὲ
1628 1189 1764 1245 τῶν
1811 1177 1988 1243 ὅλων
2013 1179 2143 1249 ,τά-

217 1283 319 1363 ξιν
363 1309 434 1351 τε
487 1284 597 1351 καὶ
645 1287 1089 1371 διακόσμησιν
1142 1287 1302 1372 θείᾳ
1345 1283 1480 1350 τινὶ
1534 1289 1821 1373 προνοίᾳ
1877 1285 2144 1368 γεγονέ-

213 1416 346 1475 ναι,
394 1391 505 1458 καὶ
549 1401 678 1458 νῦν
716 1392 956 1457 ἕκαστα
1000 1402 1137 1456 τῶν
1174 1390 1249 1456 ἐν
1296 1391 1561 1477 οὐρανῷ
1607 1391 1981 1476 γινομένων
2020 1393 2143 1477 οὐχ

135 1516 188 1555 1⁰
215 1498 305 1575 ὡς
350 1501 582 1582 ἔτυχεν
630 1493 778 1563 οὐδ’
830 1498 1214 1581 αὐτομάτως
1269 1495 1413 1561 ἀλλ’
1468 1498 1799 1584 ὡρισμένῃ
1855 1498 1986 1563 τινὶ
2031 1496 2144 1565 καὶ

214 1606 500 1698 βεβαίως
535 1602 959 1689 κεκυρωμένῃ
996 1609 1182 1667 θεῶν
1217 1605 1431 1688 κρίσει
1469 1608 1954 1670 συντελεῖσθαι.
2006 1617 2143 1670 τῶν
2179 1626 2212 1674 2

219 1707 280 1775 δ’
329 1711 593 1792 ἄστρων
638 1711 1128 1794 πολυχρονίους
1162 1711 1650 1794 παρατηρήσεις
1685 1708 2142 1792 πεποιημένοι,

215 1813 329 1879 καὶ
382 1815 500 1890 τὰς
560 1813 839 1880 ἑκάστου
893 1817 1186 1898 κινήσεις
1238 1838 1311 1879 τε
1364 1813 1475 1879 καὶ
1525 1815 1840 1898 δυνάμεις
1887 1814 2147 1900 ἀκριβέ-

216 1935 422 1985 στατα
465 1922 738 1986 πάντων
781 1921 1162 2007 ἀνθρώπων
1209 1920 1683 2003 ἐπεγνωκότες,
1744 1921 1957 1987 πολλὰ
2011 1930 2146 1985 τῶν

136 2044 187 2085 15
215 2029 597 2112 μελλόντων
644 2032 1038 2113 συμβαίνειν
1093 2026 1497 2115 προλέγουσι
1550 2040 1692 2106 τοῖς
1743 2027 2144 2114 ἀνθρώποις.

216 2136 534 2219 μεγίστην
581 2132 661 2198 δέ
702 2150 911 2217 φασιν
949 2129 1122 2199 εἶναι
1167 2138 1466 2220 θεωρίαν
1502 2133 1614 2199 καὶ
1660 2135 1950 2217 δύναμιν
1993 2132 2145 2218 περὶ
2182 2158 2214 2204 3

217 2242 374 2317 τοὺς
436 2237 630 2305 πέντε
695 2238 972 2326 ἀστέρας
1042 2243 1202 2317 τοὺς
1272 2240 1610 2323 πλάνητας
1670 2236 2144 2322 καλουμένους,

221 2346 339 2423 οὓς
393 2345 634 2412 ἐκεῖνοι
692 2354 884 2431 κοινῇ
941 2342 1063 2429 μὲν
1120 2344 1427 2432 ἑρμηνεῖς
1472 2345 1943 2429 ὀνομάζουσιν,
2007 2346 2149 2432 ἰδία

223 2448 298 2517 δὲ
333 2455 451 2518 τὸν
477 2453 607 2519 ὑπὸ
636 2464 771 2518 τῶν
789 2451 1128 2536 Ἑλλήνων
1155 2455 1430 2538 Κρόνον
1459 2452 1972 2537 ὀνομαζόμενον,
2009 2451 2147 2517 ἐπι-

141 2574 199 2615 20
226 2557 640 2637 φανέστατον
688 2556 761 2625 δὲ
806 2557 918 2625 καὶ
971 2564 1245 2625 πλεῖστα
1290 2557 1402 2624 καὶ
1463 2556 1737 2643 μέγιστα
1782 2561 2148 2645 προσημαί-

224 2686 459 2747 νοντα,
521 2671 844 2730 καλοῦσιν
906 2665 1131 2748 ἡλίου·
1194 2667 1354 2742 τοὺς
1410 2659 1471 2730 δ’
1533 2665 1777 2742 ἄλλους
1838 2663 2149 2752 τέτταρας

224 2767 468 2853 ὁμοίως
530 2782 671 2848 τοῖς
732 2769 887 2857 παρ’
959 2770 1120 2855 ἡμῖν
1184 2771 1622 2857 ἀστρολόγοις
1682 2770 2147 2854 ὀνομάζουσιν,

205 2873 462 2962 ’Ἀρεος,
503 2872 918 2963 Ἀφροδίτης,
947 2872 1216 2963 Ἑρμοῦ,
1263 2879 1449 2954 Διός.
1536 2879 1647 2942 διὰ
1686 2886 1882 2942 τοῦτο
1923 2875 1985 2943 δ’
2031 2877 2147 2943 αὐ·
2184 2903 2218 2949 4

223 2984 381 3059 τοὺς
435 2980 739 3068 ἑρμηνεῖς
792 2989 1144 3066 καλοῦσιν,
1211 2984 1314 3048 ὅτι
1376 2995 1510 3049 τῶν
1574 2985 1796 3049 ἄλλων
1850 2984 2147 3071 ἀστέρων

121 3090 222 3138 144
243 3087 558 3154 ἀπλανῶν
614 3090 830 3155 ὄντων
883 3089 994 3155 καὶ
1046 3087 1410 3175 τεταγμένῃ
1465 3092 1701 3177 πορεία
1755 3092 1915 3174 μίαν
1966 3110 2148 3174 περι-

145 3211 197 3251 26
226 3196 449 3282 φορὰν
486 3194 774 3279 ἐχόντων
811 3190 1000 3261 οὗτοι
1045 3199 1240 3281 μόνοι
1284 3199 1564 3282 πορείαν
1612 3198 1793 3261 ἰδίαν
1838 3195 2148 3276 ποιούμε-

371 3357 400 3406 7
442 3349 823 3419 ἐπιδέξασθαι
856 3352 906 3406 D
1037 3358 1101 3407 16
1141 3349 1204 3407 δὲ
1241 3350 1500 3422 Dindorf‚
1537 3370 1597 3405 τε
1633 3350 1767 3406 libri
1874 3345 2142 3416 δύναμιν]

224 3423 447 3492 κίνησιν
483 3421 537 3476 Π
719 3429 783 3478 18
821 3424 984 3496 κοινῇ
1024 3441 1132 3479 om.
1170 3424 1224 3477 Π
1408 3428 1473 3476 19
1513 3418 1636 3493 τὸν]
1688 3419 1790 3475 τὸν
1835 3419 1946 3474 νῦν
1991 3415 2145 3484 vulg.

225 3491 601 3564 νομιζόμενον
641 3493 752 3549 OF
925 3500 993 3548 21
1032 3492 1192 3563 ἥλιον
1232 3494 1355 3563 OF,
1399 3485 1569 3547 Ἦλον
1612 3493 1705 3546 vel
1751 3491 1935 3558 Βῆλον
1971 3487 2150 3543 Wese,

227 3569 323 3688 25ί
351 3563 666 3691 τεῖῗγμένῃ
712 3585 770 3621 π.
811 3586 866 3636 μ.
904 3585 962 3622 π.
1017 3561 1289 3636 ἐχόντων]
1345 3559 1692 3631 τεταγμένην
1747 3557 1995 3630 ἐχόντων
2048 3575 2152 3611 πο-

227 3654 287 3703 ρε
318 3656 388 3690 αν
479 3677 493 3692 .
