2569 4061
1031 429 1058 484 Ι
1096 438 1182 486 33.
1211 438 1297 487 34.
2049 435 2136 499 55

211 596 638 678 Βολβίτινον,
711 592 825 659 καὶ
895 598 1277 661 τελευταῖον
1349 598 1776 680 Κανωβικόν,
1851 597 1889 662 ὅ
1960 619 2139 674 τινες

151 686 157 692 ’
201 697 731 785 *Ηρακλεωτικὸν
770 701 1230 786 ὀνομάζουσιν.
1297 703 1436 767 ἔστι
1482 698 1556 767 δὲ
1595 700 1707 767 καὶ
1752 701 1939 789 ἕτερα
1986 705 2136 768 στό-
2171 723 2207 775 8

211 830 384 890 ματα
409 810 855 893 χειροποίητα,
892 806 1045 893 περὶ
1073 803 1168 874 ὧν
1198 804 1403 874 οὐδὲν
1437 811 1804 890 κατεπείγει
1830 810 2132 895 γράφειν.

211 909 317 996 ἐφ’
386 912 634 1003 ἑκάστω
701 910 776 979 δὲ
839 915 1031 990 πόλις
1092 917 1482 999 τετείχισται
1546 913 1976 999 διαιρουμένη
2041 924 2132 1002 τῷ

152 1039 183 1081 5
211 1028 479 1107 ποταμῷ
522 1018 635 1085 καὶ
679 1017 836 1086 καθ’
881 1018 1194 1106 ἑκάτερον
1238 1018 1439 1106 μέρος
1483 1029 1599 1104 τῆς
1634 1019 1909 1104 ἐκβολῆς
1955 1020 2136 1103 ζεύγ-

210 1142 367 1210 μασι
444 1124 558 1192 καὶ
630 1132 960 1211 φυλακαῖς
1033 1127 1367 1213 εὐκαίροις
1451 1125 1897 1211 διειλημμένη.
2004 1126 2133 1192 ἀπὸ

209 1230 283 1298 δὲ
336 1241 459 1299 τοῦ
516 1238 994 1316 Πηλουσιακοῦ
1049 1235 1374 1317 στόματος
1428 1233 1674 1320 διῶρύξ
1726 1232 1865 1299 ἐστι
1919 1255 2133 1319 χειρο-

206 1342 481 1424 ποίητος
527 1341 623 1417 εἰς
666 1342 786 1405 τὸν
823 1337 1136 1426 Ἀράβιον
1181 1342 1432 1405 κόλπον
1474 1338 1585 1405 καὶ
1629 1341 1754 1424 τὴν
1792 1338 2133 1426 Ἐρυθρὰν

204 1447 563 1513 θάλατταν.
631 1447 882 1529 ταύτην
929 1443 990 1511 δ’
1035 1433 1387 1529 ἐπεβάλετο
1432 1457 1689 1532 πρῶτος
1728 1448 2132 1513 κατασκευά-
2168 1469 2201 1517 9

118 1572 177 1613 10
209 1555 342 1631 ζειν
378 1555 614 1628 Νεκῶς
659 1551 695 1618 ὁ
746 1554 1205 1636 Ψαμμητίχου,
1252 1553 1413 1636 μετὰ
1450 1548 1524 1617 δὲ
1564 1562 1804 1619 τοῦτον
1838 1559 2131 1640 Δαρεῖος

204 1658 241 1724 ὁ
290 1657 589 1742 Πέρσης,
633 1655 745 1722 καὶ
798 1659 1141 1743 προκόψας
1192 1668 1334 1734 τοῖς
1380 1660 1600 1742 ἔργοις
1654 1658 1776 1736 ἕως
1828 1661 2009 1737 τινὸς
2052 1661 2128 1725 τὸ

203 1768 589 1828 τελευταῖον
657 1768 879 1832 εἴασεν
940 1763 1151 1847 αὐτὴν
1223 1761 1732 1829 ἀσυντέλεστον·
1805 1764 2127 1849 ἐδιδάχθη
2171 1786 2237 1834 10

202 1869 335 1952 ’γὰρ
399 1867 530 1932 ὑπό
592 1890 798 1933 τινων
861 1868 963 1933 ὅτι
1034 1867 1346 1954 διορύξας
1408 1869 1526 1933 τὸν
1602 1868 1850 1951 ἰσθμὸν
1924 1875 2131 1946 αἴτιος

202 1976 385 2041 ἔσται
445 1982 566 2040 τοῦ
618 1979 1162 2060 κατακλυσθῆναι
1214 1976 1338 2060 τὴν
1385 1980 1757 2058 Αἴγυπτον·
1812 1996 2132 2061 μετεωρο-

120 2101 175 2144 15
203 2081 403 2168 τέραν
448 2082 577 2168 γὰρ
621 2081 1059 2147 ἀπεδείκνυον
1103 2081 1427 2169 ὑπάρχειν
1471 2091 1588 2166 τῆς
1623 2082 1973 2165 Αίγύπτου
2006 2083 2133 2166 τὴν

195 2182 534 2273 Ἐρυθρὰν
568 2189 927 2254 θάλατταν.
989 2187 1275 2274 ὕστερον
1323 2183 1398 2254 δὲ
1435 2187 1471 2254 ὁ
1520 2189 1829 2274 δεύτερος
1875 2193 2127 2255 Πτολε·
2167 2211 2232 2259 11

202 2303 396 2377 ματος
440 2291 869 2359 συνετέλεσεν
914 2293 1145 2377 αὐτήν,
1191 2291 1304 2358 καὶ
1339 2295 1505 2359 κατὰ
1549 2294 1669 2357 τὸν
1715 2292 2128 2379 ἐπικαιρότα-
2162 2380 2173 2390 ο

200 2421 321 2464 τον
373 2402 582 2466 τόπον
637 2399 1095 2485 ἐμηχανήσατό
1149 2423 1213 2464 τι
1268 2402 1668 2485 φιλότεχνον
1721 2400 2125 2485 διάφραγμα.

200 2515 400 2572 τοῦτο
443 2504 503 2572 δ’
549 2506 911 2590 ἐξήνοιγεν,
960 2505 1156 2572 ὁπότε
1194 2507 1507 2590 βούλοιτο
1556 2507 1968 2590 διαπλεῦσαι,
2013 2505 2124 2573 καὶ

119 2633 175 2673 20
199 2611 444 2696 ταχέως
489 2614 692 2678 πάλιν
728 2612 1129 2696 συνέκλειεν,
1176 2613 1506 2697 εὐστόχως
1549 2610 2125 2699 ἐκλαμβανομένης

198 2726 314 2802 τῆς
371 2721 608 2804 χρείας.
701 2717 738 2783 ὁ
796 2713 871 2784 δὲ
904 2719 1038 2783 -διὰ
1091 2726 1207 2802 τῆς
1265 2718 1592 2803 διώρυχος
1646 2719 1886 2804 ταύτης
1947 2719 2121 2805 ῥέων
2162 2744 2229 2792 12

197 2826 491 2909 ποταμὸς
545 2825 931 2909 ὀνομάζεται
983 2821 1107 2909 μὲν
1152 2823 1280 2890 ἀπὸ
1336 2834 1457 2890 τοῦ
1510 2827 2125 2905 κατασκευάσαντος

199 2935 648 3015 Πτολεμαῖος,
714 2929 823 2996 ἐπὶ
887 2926 962 2996 δὲ
1024 2939 1140 3015 τῆς
1204 2931 1480 3015 ἐκβολῆς
1542 2933 1742 2997 πόλιν
1805 2936 1936 3018 ἔχει
1999 2935 2123 3017 τὴν

195 3034 869 3123 προσαγορευομένην
907 3032 1275 3123 Ἀρσινόην.

94 3166 163 3216 40
386 3145 478 3208 Τὸ
517 3138 580 3208 δ’
624 3137 749 3208 οὖν
783 3142 1005 3208 Δέλτα
1045 3151 1125 3228 τῇ
1161 3146 1437 3232 Σικελίᾳ
1471 3153 1563 3232 τῷ
1600 3146 1881 3229 σχήματι
1915 3163 2119 3226 παρα·
2141 3143 2231 3207 34

120 3269 172 3310 26
197 3252 485 3333 πλήσιον
538 3248 839 3335 ὑπάρχον
891 3260 1028 3315 τῶν
1081 3246 1204 3334 μὲν
1255 3255 1565 3336 πλευρῶν
1618 3248 1936 3334 ἑκατέραν
1988 3250 2122 3330 ἔχει

198 3356 492 3420 σταδίων
539 3354 947 3421 ἑπτακοσίων
990 3355 1103 3422 καὶ
1147 3359 1587 3440 πεντήκοντα,
1633 3355 1758 3437 τὴν
1804 3350 1879 3416 δὲ
1923 3350 2122 3433 βάσιν

196 3462 496 3548 θαλάττῃ
541 3461 1124 3547 προσκλυζομένην
1179 3461 1470 3526 σταδίων
1516 3462 1749 3546 χιλίων
1795 3451 1907 3519 καὶ
1941 3476 2124 3538 τρια-

344 3696 373 3744 1
429 3686 806 3763 κανωβιτικόν
844 3690 893 3745 D
1062 3695 1128 3744 10
1182 3686 1393 3747 νεκαῦς
1430 3685 1470 3738 C
1615 3676 1966 3746 ψαμμιτίχου
2007 3675 2126 3731 OF.
