2569 4061
444 320 576 385 478
1114 314 1424 372 DIODORI
1461 313 1691 371 SICULI

270 527 275 532 -
374 504 408 553 2
445 499 591 548 σειν
625 478 738 546 καὶ
772 482 1081 564 ποιήσειν
1116 473 1228 545 ἀπ’
1262 478 1467 565 ἀρχῆς
1507 478 1695 564 ἄρνα.
1764 475 2387 562 συγκαταθεμένων

445 582 507 652 δ’
559 587 781 654 αὐτῶν
791 636 812 672 ,
881 591 1345 673 μυθολογοῦσι
1413 586 1536 669 τὴν
1597 585 1911 668 Μήδειαν
1973 584 2139 649 κατὰ
2203 584 2381 672 μέλη

444 696 802 760 διελοῦσαν
854 695 931 760 τὸ
978 704 1167 778 σῶμα
1219 701 1343 757 τοῦ
1387 699 1583 778 κριοῦ
1631 698 2042 774 καθεψῆσαι,
2086 689 2198 756 καὶ
2256 694 2384 758 διά

442 825 648 868 τινων
702 802 1074 887 φαρμάκων
1127 797 1777 884 παρακρουσαμένην
1831 797 2076 878 ἐξελεῖν
2121 797 2195 863 ἐκ
2248 810 2381 865 τοῦ

445 907 721 994 λέβητος
783 908 986 994 ἀρνὸς
1057 908 1358 973 εἴδωλον.
1450 905 1745 984 ἐνταῦθα
1807 915 1944 970 τῶν
2006 904 2379 990 παρθένων
2407 928 2438 969 5

443 1020 1017 1099 καταπλαγεισῶν,
1063 1011 1174 1078 καὶ
1230 1016 1483 1090 πίστεις
1526 1021 1641 1096 τῆς
1687 1011 2076 1095 ἐπαγγελίας
2119 1011 2375 1096 ἡγησα-

444 1121 665 1206 μένων
727 1118 1161 1205 ἐνδεχομένας
1215 1122 1423 1203 ἔχειν,
1487 1119 1912 1203 ὑπουργῆσαι
1969 1130 2109 1195 τοῖς
2162 1137 2376 1204 προσ-

444 1230 744 1312 τάγμασι.
836 1225 947 1292 καὶ
1001 1228 1118 1303 τὰς
1180 1223 1306 1310 μὲν
1361 1227 1565 1303 ἄλλας
1629 1224 1887 1302 ἁπάσας
1940 1226 2059 1291 τὸν
2116 1225 2376 1312 πατέρα

443 1333 817 1409 τυπτούσας
862 1332 1265 1416 ἀποκτεῖναι,
1314 1335 1529 1417 μόνην
1577 1326 1639 1396 δ’
1657 1332 2012 1416 ’Ἄλκηστιν
2058 1330 2146 1397 δι’
2180 1333 2376 1400 εὐσε-

372 1460 405 1510 3
441 1442 625 1524 βείας
662 1438 1040 1525 ὑπερβολὴν
1079 1437 1493 1525 ἀποσχέσθαι
1527 1448 1649 1505 τοῦ
1685 1442 2149 1523 γεννήσαντος.
2205 1444 2373 1523 μετὰ
2405 1462 2453 1502 ιο

444 1541 518 1612 δὲ
554 1555 762 1611 ταῦτα
798 1547 922 1630 τὴν
958 1547 1272 1630 Μήδειάν
1310 1565 1477 1632 φασι
1511 1555 1632 1612 τοῦ
1670 1540 1793 1630 μὲν
1833 1546 1908 1610 τὸ
1947 1557 2138 1630 σῶμα
2172 1570 2372 1613 κατα-

442 1655 712 1719 κόπτειν
747 1652 789 1737 ἢ
826 1651 1151 1730 καθέψειν
1190 1651 1579 1736 ἀποστῆναι,
1625 1650 2258 1738 προσποιησαμένην
2297 1652 2372 1720 δὲ

445 1762 590 1826 δεῖν
644 1763 970 1846 πρότερον
1034 1760 1229 1844 εὐχὰς
1291 1762 1704 1843 ποιήσασθαι
1765 1767 1844 1844 τῇ
1880 1760 2186 1845 σελήνῃ,
2253 1762 2372 1837 τὰς

444 1863 567 1952 μὲν
610 1864 993 1952 παρθένους
1047 1865 1447 1949 ἀναβιβάσαι
1503 1867 1663 1950 μετὰ
1719 1866 2082 1951 λαμπάδων
2135 1864 2242 1930 ἐπὶ
2289 1870 2371 1932 τὸ

444 1975 934 2060 μετεωρότατον
987 1971 1176 2056 τέγος
1234 1982 1371 2038 τῶν
1424 1974 1811 2056 βασιλείων,
1878 1972 2083 2057 αὐτὴν
2139 1966 2212 2037 δὲ
2273 1982 2365 2059 τῇ
2401 1992 2452 2035 15

444 2082 729 2165 Κολχίδι
758 2077 1076 2167 διαλέκτῳ
1103 2081 1432 2163 κατευχήν
1458 2102 1608 2145 τινα
1637 2081 1898 2165 μακρὰν
1927 2077 2370 2166 διερχομένην

444 2184 878 2272 ἐγχρονίζειν,
955 2187 1385 2271 ἀναστροφὴν
1450 2186 1775 2252 διδοῦσαν
1837 2196 1977 2263 τοῖς
2049 2184 2371 2270 μέλλουσι

372 2313 407 2361 4
443 2300 786 2360 ποιεῖσθαι
832 2295 956 2378 τὴν
1001 2292 1323 2358 ἐπίθεσιν.
1417 2293 1524 2358 διὸ
1570 2290 1681 2358 καὶ
1726 2295 1883 2370 τοὺς
1920 2289 2372 2378 Ἀργοναύτας

444 2399 572 2465 ἀπὸ
603 2409 720 2485 τῆς
737 2408 988 2484 σκοπῆς
1004 2401 1513 2485 καταμαθόντας
1539 2401 1614 2464 τὸ
1642 2409 1798 2485 πῦρ,
1826 2397 1938 2464 καὶ
1963 2402 2371 2484 νομίσαντας

445 2505 954 2574 συντετελέσθαι
1010 2509 1133 2592 τὴν
1189 2507 1534 2593 ἀναίρεσιν
1586 2516 1707 2572 τοῦ
1757 2504 2108 2590 βασιλέως,
2165 2507 2370 2593 ὁρμῆ-
2398 2526 2452 2566 20

444 2629 557 2678 σαι
594 2614 821 2699 δρόμῳ
858 2615 1024 2698 πρὸς
1056 2614 1181 2695 τὴν
1216 2614 1436 2696 πόλιν,
1478 2616 2043 2699 παρεισελθόντας
2080 2608 2143 2678 δ’
2180 2612 2371 2691 ἐντὸς
2479 2627 2489 2637 ·

442 2726 563 2782 τοῦ
616 2721 876 2802 τείχους
921 2717 1359 2802 ἐσπασμένοις
1410 2730 1551 2797 τοῖς
1596 2718 1856 2804 ξίφεσιν
1911 2722 2007 2796 εἰς
2050 2722 2132 2784 τὰ
2179 2723 2371 2803 βασί-

443 2828 587 2888 λεια
631 2831 1032 2907 καταντῆσαι
1085 2822 1196 2890 καὶ
1241 2828 1400 2901 τοὺς
1455 2823 2011 2910 ἐναντιουμένους
2054 2836 2190 2891 τῶν
2238 2850 2372 2909 φυ-

442 2931 665 2997 λάκων
712 2930 991 2996 ἀνελεῖν.
1050 2932 1165 3008 τὰς
1212 2928 1286 2997 δὲ
1331 2941 1454 2997 τοῦ
1494 2935 1747 2998 Πελίου
1791 2930 2170 3015 θυγατέρας
2215 2933 2370 3018 ἄρτι

441 3040 963 3123 καταβεβηκυίας
999 3037 1128 3104 ἀπὸ
1165 3047 1288 3104 τοῦ
1332 3037 1566 3122 τέγους
1600 3039 1766 3125 πρὸς
1803 3039 1925 3122 τὴν
1961 3037 2369 3122 καθέψησιν,
2400 3055 2454 3098 25

441 3143 551 3211 καὶ
606 3145 995 3232 παραδόξως
1048 3144 1122 3210 ἐν
1174 3156 1315 3223 τοῖς
1368 3147 1728 3229 βασιλείοις
1784 3145 2059 3220 ἰδούσας
2120 3146 2241 3209 τόν
2297 3169 2369 3210 τε

437 3245 698 3317 Ἰάσονα
741 3249 852 3316 καὶ
897 3253 1054 3328 τοὺς
1101 3251 1417 3337 ἀριστεῖς,
1462 3256 1839 3337 περιαλγεῖς
1893 3248 2000 3315 ἐπὶ
2044 3259 2124 3335 τῇ
2180 3266 2351 3335 συμ-
2372 3272 2479 3323 296

442 3364 623 3442 φορᾷ
668 3353 1015 3440 γενέσθαι·
1073 3358 1225 3423 οὔτε
1272 3359 1401 3443 γαρ
1447 3357 1834 3440 ἀμύνασθαι
1879 3357 2003 3442 τὴν
2049 3358 2372 3440 Μήδειαν

633 3517 665 3564 6
725 3507 1092 3597 ἐπαγγελίας]
1171 3511 1427 3581 πράξεως
1487 3513 1589 3568 OF
1839 3519 1903 3567 11
1968 3510 2073 3582 τὴν
2136 3530 2246 3568 om.
2314 3514 2370 3568 D

444 3582 508 3628 19
547 3581 914 3651 νομίσαντας]
953 3579 1272 3649 νοήσαντας
1309 3585 1344 3638 f.
1456 3590 1525 3637 23
1563 3585 1915 3653 καταντῆσαι
1951 3584 2161 3640 καὶοω.
2201 3584 2271 3638 ΙΙ.
