2569 4061
336 230 464 295 140
998 227 1307 283 DIODORI
1346 227 1578 284 SICULI

333 376 644 467 ὡσαύτως
691 387 765 455 δὲ
810 388 920 455 καὶ
957 400 1090 455 τῶν
1136 391 1360 454 ἄλλων
1402 387 1591 478 ζῴων·
1632 389 1881 480 ἑκάστω
1919 392 2098 474 γένει
2136 395 2257 476 τὴν

260 517 295 564 4
333 498 750 580 ἁρμόζουσαν
815 498 1076 582 τροφὴν
1128 505 1508 580 χορηγοῦσι.
1602 499 1717 574 τάς
1772 494 1846 563 δὲ
1901 498 2257 583 γινομένας

329 601 479 687 περὶ
524 612 729 667 ταῦτα
768 606 1181 687 λειτουργίας
1227 601 1349 686 οὐχ
1389 595 1535 667 οἷον
1580 602 2002 670 ἐκκλίνουσιν
2038 606 2078 689 ἢ
2118 615 2259 682 τοῖς

331 710 553 792 ὄχλοις
598 708 916 792 γενέσθαι
957 719 1362 793 καταφανεῖς
1400 709 1931 794 ἐπαισχύνονται,
1979 713 2257 778 τούναν-

330 818 476 879 τίον
498 808 559 879 δ’
585 814 674 890 ὡς
701 813 854 900 περὶ
872 816 989 891 τὰς
1016 816 1323 897 μεγίστας
1341 825 1474 879 τῶν
1486 821 1686 886 θεῶν
1704 818 2047 899 γινόμενοι
2067 820 2257 901 τιμὰς
2283 834 2310 873 5

204 994 229 1014 a
335 922 776 1004 σεμνύνονται
831 919 940 986 καὶ
989 923 1148 1004 μετὰ
1203 924 1496 1005 σημείων
1551 921 1745 986 ἰδίων
1798 922 2257 1008 περιέρχονται

332 1028 447 1103 τὰς
485 1028 709 1101 πόλεις
735 1024 846 1090 καὶ
885 1026 1007 1107 τὴν
1041 1026 1280 1111 χώραν.
1338 1029 1696 1111 πόρρωθεν
1733 1022 1796 1091 δ’
1831 1030 2018 1106 ὄντες
2054 1052 2254 1113 φανε-

332 1131 440 1217 ροὶ
497 1135 701 1196 τίνων
770 1127 950 1218 ζῴων
1005 1134 1229 1215 ἔχουσι
1293 1133 1416 1214 τὴν
1472 1131 1877 1217 ἐπιμέλειαν,
1932 1134 2061 1200 ὑπὸ
2123 1146 2257 1201 τῶν
2295 1154 2366 1203 94

265 1257 297 1302 5
338 1238 784 1301 ἀπαντώντων
829 1246 1364 1323 προσκυνοῦνται
1409 1237 1519 1303 καὶ
1563 1251 1896 1323 τιμῶνται.
1981 1242 2140 1306 ὅταν
2189 1240 2249 1306 δ’

334 1343 647 1428 ἀποθάνῃ
702 1366 765 1407 τι
810 1354 945 1408 τῶν
991 1342 1387 1428 εἰρημένων,
1439 1345 1702 1410 σινδόνι
1755 1349 2256 1425 κατακαλύψαν-
2286 1362 2337 1402 1⁰

333 1472 439 1525 τες
514 1446 625 1513 καὶ
697 1443 835 1532 μετ’
905 1449 1194 1532 οἰμωγῆς
1254 1452 1337 1514 τὰ
1403 1453 1616 1534 στήθη
1691 1453 2258 1536 καταπληξάμενοι

336 1553 663 1640 φέρουσιν
722 1557 816 1632 εἰς
860 1556 975 1632 τὰς
1018 1559 1374 1640 ταριχείας·
1431 1558 1651 1621 ἔπειτα
1695 1559 2257 1643 θεραπευθέντων

335 1662 557 1726 αὐτῶν
604 1662 836 1748 κεδρίᾳ
879 1659 989 1727 καὶ
1033 1673 1173 1739 τοῖς
1218 1663 1618 1746 δυναμένοις
1654 1664 1944 1729 εὐωδίαν
1989 1664 2256 1750 παρέχε-

337 1775 501 1832 σθαι
537 1767 647 1833 καὶ
676 1771 1123 1853 πολυχρόνιον
1159 1777 1280 1833 τοῦ
1310 1770 1613 1852 σώματος
1646 1773 1926 1855 τήρησιν
1961 1771 2256 1835 θάπτου-

266 1893 296 1940 6
335 1891 446 1939 σιν
484 1873 557 1939 ἐν
598 1875 802 1958 ἱεραῖς
837 1876 1095 1957 θήκαις.
1171 1873 1244 1950 ὃς
1283 1868 1345 1938 δ’
1379 1873 1464 1939 ἂν
1500 1877 1756 1941 τούτων
1800 1899 1862 1940 τι
1900 1886 2033 1940 τῶν
2073 1872 2256 1963 ζῴων
2286 1891 2337 1931 15

335 1978 504 2047 ἑκὼν
579 1981 970 2065 διαφθείρῃ,
1059 1980 1336 2069 θανάτῳ
1410 1986 1810 2069 περιπίπτει,
1892 1983 2067 2067 πλὴν
2141 1983 2258 2049 ἐὰν

335 2092 655 2173 αἴλουρον
707 2086 748 2170 ἢ
801 2088 925 2171 τὴν
983 2081 1118 2170 ἶβιν
1173 2087 1552 2175 ἀποκτείνῃ·
1618 2098 1824 2154 ταῦτα
1882 2086 1956 2155 δὲ
2016 2089 2134 2155 ἐάν
2188 2115 2257 2156 τε

336 2192 503 2259 ἑκὼν
550 2195 665 2259 ἐάν
702 2218 770 2260 τε
817 2195 996 2260 ἄκων
1033 2194 1409 2281 ἀποκτείνῃ,
1457 2197 1720 2274 πάντως
1758 2199 2032 2286 θανάτῳ
2079 2219 2260 2284 περι-

335 2302 575 2381 πίπτει,
623 2310 756 2365 τῶν
799 2301 1015 2384 ὄχλων
1062 2304 1564 2386 συντρεχόντων
1602 2300 1714 2365 καὶ
1760 2304 1878 2367 τὸν
1923 2304 2260 2388 πράξαντα

336 2407 681 2470 δεινότατα
719 2404 1178 2487 διατιθέντων,
1216 2404 1328 2470 καὶ
1364 2402 1544 2469 τοῦτ’
1581 2405 1794 2469 ἐνίοτε
1833 2412 2260 2492 πραττόντων
2289 2423 2340 2463 2⁰

266 2531 295 2578 7
335 2512 497 2575 ἄνευ
552 2515 843 2597 κρίσεως.
936 2512 1048 2575 διά
1103 2506 1177 2574 δὲ
1247 2511 1367 2573 τὸν
1434 2508 1541 2574 ἐπὶ
1594 2511 1859 2587 τούτοις
1913 2515 2135 2596 φόβον
2195 2516 2266 2578 οἱ

334 2619 740 2701 θεασάμενοι
776 2617 1101 2696 τεθνηκός
1143 2636 1207 2677 τι
1243 2615 1502 2680 τούτων
1537 2625 1673 2679 τῶν
1713 2612 1896 2703 ζῴων
1933 2616 2258 2681 ἀποστάν-

333 2746 438 2800 τες
483 2722 741 2807 μακρὰν
787 2725 1037 2804 βοῶσιν
1071 2720 1482 2804 ὀδυρόμενοί
1512 2745 1582 2786 τε
1618 2719 1731 2785 καὶ
1769 2725 2257 2807 μαρτυρόμενοι

266 2850 298 2897 8
337 2833 781 2910 κατειλῆφθαι
828 2825 1042 2906 [αὐτὸ]
1092 2830 1568 2910 τετελευτηκός.
1663 2827 1836 2892 οὕτω
1886 2825 1947 2892 δ’
1998 2826 2071 2892 ἐν
2116 2839 2258 2903 ταῖς

338 2944 471 2999 τῶν
517 2935 733 3017 ὄχλων
779 2941 1021 3016 ψυχαῖς
1066 2930 1408 3016 ἐντέτηκεν
1453 2932 1495 3015 ἡ
1543 2933 1709 3020 πρὸς
1743 2935 1825 2998 τά
1873 2937 2003 3022 ζῷα
2055 2943 2258 2998 ταῦτα
2286 2951 2339 2991 25

340 3041 827 3122 δεισιδαιμονία
863 3035 975 3102 καὶ
1019 3050 1160 3115 τοῖς
1194 3040 1488 3105 πάθεσιν
1534 3037 1953 3123 ἀμεταθέτως
1990 3038 2261 3116 ἕκαστος

342 3147 663 3212 διάκειται
699 3147 865 3232 πρὸς
902 3145 1024 3228 τὴν
1069 3145 1328 3210 τούτων
1364 3149 1581 3230 τιμήν,
1631 3147 1797 3211 ὥστε
1833 3144 1945 3211 καὶ
1980 3144 2135 3211 καθ’
2181 3145 2261 3211 ὃν

481 3344 513 3389 5
545 3334 618 3399 ὡς
636 3338 767 3404 περὶ
797 3337 1050 3406 Dindorf,
1080 3332 1265 3405 ὥσπερ
1287 3336 1368 3400 εἰς
1386 3337 1520 3392 libri
1594 3345 1625 3393 9
1655 3333 2037 3393 ἀπαντώντων
2058 3339 2258 3403 Ψοεε.,

339 3404 450 3480 τῶν
489 3405 549 3470 Ο,
586 3403 774 3462 αὐτῶν
814 3407 878 3476 G,
917 3404 1186 3463 ἁπάντων
1225 3411 1329 3464 cet.
1481 3414 1545 3463 15
1586 3405 1648 3464 ἐν
1687 3426 1793 3467 om.
1833 3408 1882 3462 D
2010 3415 2078 3464 24
2116 3405 2258 3464 αὐτὸ

339 3469 563 3537 Relske,
601 3492 707 3529 om.
746 3477 813 3544 D,
852 3476 916 3531 τὸ
954 3481 1104 3548 vulg.
1250 3485 1318 3534 25
1366 3474 1570 3552 ὄχλων]
1612 3476 1937 3550 ἀνθρώπων
1977 3481 2043 3535 II.
