2569 4061
1442 18 2533 112 ΙΙΙ-Ψ

2500 181 2539 466 ,ν--ε-ιιι-ι.

956 308 983 361 1
1020 315 1103 365 89.
1144 316 1227 364 90.
1942 311 2064 375 151

146 472 419 539 ελέσθαι
466 470 587 558 μὲν
632 475 756 556 τὴν
801 473 1025 558 χώραν
1071 475 1166 549 εἰς
1210 476 1413 537 πλείω
1461 474 1654 559 μέρη,
1711 472 1869 540 καθ’
1924 472 2065 538 ἕκα-

146 597 312 646 στον
357 578 416 644 δ’
473 580 694 644 αὐτῶν
738 578 1111 658 καταδεῖξαι
1168 589 1307 654 τοῖς
1365 577 1702 663 ἐγχωρίοις
1748 579 2075 664 σέβεσθαί

157 711 213 750 τι
270 691 435 775 ζῷον
488 686 529 771 ἢ
589 695 841 773 τροφῆς
893 709 1075 762 τινος
1130 686 1217 770 μὴ
1273 684 1626 768 γεύεσθαι,
1693 687 1867 763 ὅπως
1923 685 2065 759 ἑκά-

158 808 327 859 στων
388 795 462 860 τὸ
523 790 645 878 μὲν
708 790 862 879 παρ’
935 793 1161 869 αὐτοῖς
1224 792 1602 877 τιμώμενον
1666 792 2061 875 σεβομένων,

95 915 127 956 5
157 909 287 963 τῶν
341 898 413 966 δὲ
475 902 654 985 παρὰ
716 911 856 975 τοῖς
920 900 1143 975 ἄλλοις
1205 895 1685 983 ἀφιερωμένων
1737 919 2065 982 καταφρο-

153 1007 478 1090 νούντων,
535 1004 861 1091 μηδέποτε
918 1005 1281 1089 ὁμονοῆσαι
1338 1005 1673 1069 δύνωνται
1717 1003 1957 1080 πάντες
2003 1007 2073 1069 οἱ

150 1111 290 1177 κατ’
340 1120 704 1197 Αἴγυπτον.
793 1110 902 1177 καὶ
957 1121 1157 1176 τοῦτο
1213 1110 1284 1175 ἐκ
1343 1122 1477 1176 τῶν
1524 1111 2065 1195 ἀποτελεσμάτων
2107 1135 2133 1177 εἰ,

148 1222 448 1306 φανερὸν
485 1215 683 1284 εἶναι·
730 1219 981 1296 πάντας
1016 1218 1140 1303 γὰρ
1179 1222 1338 1294 τοὺς
1363 1218 1867 1304 πλησιοχώρους
1903 1219 2067 1303 πρὸς

152 1326 477 1411 ἀλλήλους
532 1324 1005 1411 διαφέρεσθαι,
1060 1327 1595 1409 προσκόπτοντας
1648 1336 1792 1403 ταῖς
1847 1326 1942 1402 εἰς
1985 1329 2063 1389 τὰ

67 1446 121 1486 10
148 1430 593 1517 προειρημένα
639 1433 1096 1515 παρανομίαις.

332 1536 626 1622 Φέρουσι
674 1532 747 1599 δὲ
792 1539 908 1600 καί
945 1558 1120 1611 τινες
1162 1536 1478 1619 τοιαύτην
1515 1539 1733 1602 αἰτίαν
1768 1547 1884 1621 τῆς
1929 1549 2063 1603 τῶν
2087 1539 2170 1597 [³1]

148 1640 335 1730 ζώων
384 1642 819 1726 ἀφιερώσεως.
904 1639 1380 1725 συναγομένων
1425 1644 1552 1726 γὰρ
1599 1642 1672 1707 ἐν
1718 1643 1882 1728 ἀρχη
1930 1656 2061 1708 τῶν

154 1748 531 1833 ἀνθρώπων
577 1746 648 1813 ἐκ
692 1756 813 1812 τοῦ
857 1748 1241 1832 θηριώδους
1290 1750 1465 1831 βίου,
1464 1748 1587 1849 τὸ
1635 1772 1778 1844 μεν
1779 1760 2063 1839 πρῶτον

152 1853 478 1938 ἀλλήλους
529 1840 907 1919 κατεσθίειν
962 1852 1073 1919 καὶ
1128 1858 1470 1938 πολεμεῖν,
1529 1851 1631 1918 ἀεὶ
1686 1862 1807 1918 τοῦ
1863 1841 2065 1918 πλέον

67 1978 120 2018 15
149 1960 532 2047 δυναμένου
602 1963 720 2028 τὸν
785 1959 1269 2047 ἀσθενέστερον
1338 1962 1831 2046 κατισχύοντος
1906 1963 2065 2045 μετὰ

147 2067 221 2135 δὲ
265 2078 472 2134 ταῦτα
517 2071 674 2146 τοὺς
719 2078 797 2154 τῇ
846 2069 1032 2154 ῥώμῃ
1080 2068 1512 2153 λειπομένους
1557 2068 1686 2133 ὑπὸ
1733 2077 1856 2133 τοῦ
1903 2085 2063 2153 συμ*

141 2175 471 2262 φέροντος
517 2168 957 2259 διδαχθέντας
1003 2175 1440 2261 ἀθροίζεσθαι
1484 2172 1595 2240 καὶ
1631 2184 1903 2258 ποιήσαι
1951 2192 2063 2258 ση-

145 2292 333 2365 μεῖον
372 2280 631 2357 ἑαυτοῖς
668 2280 739 2345 ἐκ
775 2291 910 2346 τῶν
946 2281 1230 2364 υστερον
1256 2279 1816 2366 καθιερωθέντων
1856 2278 2061 2370 ζῴων·

144 2389 308 2494 πρὸς
364 2385 437 2452 δὲ
491 2395 690 2453 τοῦτο
746 2388 821 2452 τὸ
878 2397 1154 2471 σημεῖον
1198 2397 1335 2453 τῶν
1383 2384 1483 2451 ἀεὶ
1541 2388 1860 2453 δεδιότων
1907 2404 2061 2453 συν-

61 2509 117 2548 2⁰
144 2497 580 2577 τρεχόντων,
598 2492 721 2557 οὐκ
765 2492 1352 2621 εὐκαταφρόνητον
1396 2503 1536 2570 τοῖς
1583 2491 2063 2579 ἐπιτιθεμένοις

144 2600 453 2680 γίνεσθαι
505 2600 581 2663 τὸ
638 2598 962 2682 σύστημα
1028 2599 1102 2663 τὸ
1160 2595 1220 2662 δ’
1275 2598 1438 2663 αὐτὸ
1497 2597 1607 2663 καὶ
1660 2611 1795 2665 τῶν
1839 2601 2059 2668 άλλων
2101 2622 2127 2666 2

38 2724 137 2772 101
160 2705 536 2770 ποιούντων
596 2705 944 2787 διαστῆναι
988 2701 1123 2790 ξμὲν
1180 2706 1261 2770 τά
1317 2708 1541 2790 πλήθη
1602 2708 1766 2772 κατὰ
1821 2714 2059 2793 συστή-

139 2835 330 2894 ματα,
378 2812 452 2875 τὸ
502 2807 576 2875 δὲ
625 2814 792 2898 ζῷον
837 2811 912 2874 τὸ
960 2819 1075 2893 τῆς
1123 2811 1486 2895 ἀσφαλείας
1533 2811 1829 2891 ἑκάστοις
1873 2818 2059 2897 γενόε

138 2940 343 3000 μενον
390 2923 605 2982 αἴτιον
652 2926 861 3001 τιμῶν
906 2928 1130 3001 τυχεῖν
1178 2917 1491 3002 ἰσοθέων,
1540 2920 1628 2996 ὡς
1671 2922 1752 2985 τά
1800 2920 2051 3004 μέγιστ’

56 3057 108 3096 25
137 3025 600 3110 εὐηργετηκός·
662 3025 891 3108 διόπερ
939 3024 1089 3108 ἄχρι
1136 3035 1270 3090 τῶν
1317 3034 1445 3090 νῦν
1490 3029 1754 3111 χρόνων
1799 3029 1880 3090 τὰ
1925 3039 2059 3091 τῶν

136 3133 527 3213 Αἰγυπτίων
575 3131 742 3213 ἔθνη
793 3131 1177 3214 διεστηκότα
1222 3139 1420 3214 τιμᾶν
1466 3132 1546 3196 τὰ
1592 3128 1744 3216 παρ’
1801 3129 2059 3204 ἑαυτοῖς

136 3235 201 3315 ἐξ
267 3236 472 3322 ἀρχῆς
535 3247 670 3300 τῶν
737 3231 918 3324 ζῴων
981 3235 1504 3320 καθιερωθέντα.
1611 3236 1911 3301 καθόλου
1987 3232 2065 3296 δέ

134 3360 299 3425 φασι
364 3343 522 3418 τοὺς
573 3344 986 3425 Αἰγυπτίους
1050 3340 1218 3427 ὑπὲρ
1278 3345 1436 3418 τοὺς
1498 3343 1740 3413 ἄλλους
1796 3336 2059 3422 ἀνθρώ-

277 3505 340 3553 11
380 3519 529 3562 τινες
564 3499 662 3554 καὶ
699 3499 851 3568 vulg.
992 3503 1057 3552 18
1097 3494 1160 3553 ἐν
1200 3492 1426 3558 ἑαυτοῖς
1462 3496 1534 3562 F3
1575 3489 1796 3551 ἑαυτοῖς
1827 3486 1895 3542 ἓν
1936 3492 2047 3546 τῶν

131 3569 274 3625 coni.
312 3569 556 3625 Dindorf
694 3575 762 3624 23
799 3564 1104 3638 γινόμενον
1144 3566 1215 3622 D.
