2569 4061
1079 334 1158 389 ΙΙΙ
1196 341 1281 391 21.
1313 343 1398 391 22.
1429 342 1513 392 23.
2122 339 2250 405 297

331 499 666 582 θαλάττης
729 498 801 564 ἐκ
857 502 1083 583 βυθοῦ
1146 501 1304 575 τοὺς
1378 499 1575 582 ἰχθῦς
1638 498 2256 587 συνεκφερομένους

334 607 447 671 διὰ
491 615 625 670 τῶν
668 611 907 692 θυρῶν
950 608 1473 692 παρεισπίπτειν,
1526 603 1999 692 ἀναχωρούσης
2047 604 2120 673 δὲ
2166 609 2254 692 μὴ

335 714 673 779 δύνασθαι
715 722 854 788 τοῖς
895 712 1131 798 ὑγροῖς
1166 712 1601 798 συνδιαρρεῖν
1647 712 1760 776 διὰ
1801 720 1918 795 τῆς
1961 723 2098 779 τῶν
2140 738 2255 780 κα-

334 821 563 905 λάμων
611 824 876 902 πλοκῆς.
970 820 1076 884 διὸ
1121 815 1233 884 καὶ
1286 819 1466 904 παρὰ
1524 819 1644 884 τὸν
1693 817 1988 883 ὠκεανὸν
2043 818 2255 887 ἐνίοτε

276 940 304 981 δ
337 930 597 1012 σωροὺς
652 927 913 1011 ἰχθύων
966 928 1387 1012 σπαιρόντων
1442 926 1609 1010 ὁρᾶν
1655 927 1793 990 ἔστι
1838 924 2254 1011 γινομένους,

334 1033 452 1111 οὓς
479 1033 955 1117 ἀναλεγόμενοι
982 1041 1276 1116 συνεχῶς
1296 1031 1368 1096 οἰ
1388 1032 1555 1116 πρὸς
1579 1031 1843 1107 τούτοις
1867 1030 2256 1115 τεταγμένοι

333 1141 634 1218 δαψιλεῖς
671 1138 1069 1215 ἀπολαύσεις
1114 1140 1342 1222 ἔχουσι
1378 1134 1490 1202 καὶ
1534 1136 1821 1222 μεγάλας
1857 1138 2254 1223 προσόδους.

332 1250 501 1312 ἔνιοι
548 1242 622 1312 δὲ
667 1256 801 1311 τῶν
843 1242 996 1330 περὶ
1031 1246 1188 1320 τοὺς
1232 1246 1479 1321 τόπους
1526 1245 2027 1330 διατριβόντων,
2074 1247 2256 1310 πεδι-
2293 1265 2329 1315 4

244 1394 247 1398 ι
334 1353 495 1430 άδος
521 1376 591 1417 τε
618 1350 729 1417 καὶ
755 1359 1066 1433 ταπεινῆς
1091 1359 1207 1433 τῆς
1234 1351 1451 1435 χώρας
1477 1350 1927 1437 ὑπαρχούσης,
1956 1353 2257 1440 τάφρους

255 1473 307 1514 10
335 1459 732 1544 ὀρύττουσιν
778 1457 905 1522 ἀπὸ
953 1457 1288 1539 θαλάττης
1323 1456 1581 1542 εὐρείας
1626 1457 1734 1523 ἐπὶ
1778 1462 2069 1537 πολλοὺς
2106 1476 2257 1525 στα-

337 1567 526 1641 δίους
580 1563 770 1648 με’χρι
826 1564 1018 1628 ἰδίων
1074 1562 1443 1646 ἐπαύλεων,
1509 1563 1856 1648 ῥαβδωτὰς
1911 1561 1985 1629 δὲ
2038 1567 2258 1651 θύρας

336 1664 438 1735 ἐπ’
477 1671 682 1752 ἄκρας
717 1669 918 1745 αὐτὰς
956 1668 1422 1751 ἐπιστήσαντες
1459 1668 1949 1753 ἀναβαινούσης
1986 1668 2108 1755 μὲν
2144 1681 2259 1755 τῆς

336 1775 748 1861 πλημυρίδος
810 1774 1230 1858 ἀνοίγουσιν,
1306 1776 1400 1851 εἰς
1465 1770 1539 1839 δὲ
1610 1774 2007 1840 τούναντίον
2070 1775 2259 1859 μετα-

335 1881 703 1965 πιπτούσης
755 1884 1111 1947 κλείουσιν.
1203 1875 1346 1946 εἷτα
1410 1890 1523 1965 τῆς
1578 1876 1700 1964 μὲν
1753 1881 2089 1963 θαλάττης
2148 1882 2259 1946 διὰ

255 2000 306 2042 1⁵
333 1998 470 2054 τῶν
521 1996 638 2072 τῆς
691 1989 911 2075 θύρας
964 1987 1405 2076 ἀραιωμάτων
1461 1987 1950 2074 ἀπορρεούσης,
2005 1997 2141 2053 τῶν
2190 1985 2249 2053 δ’

337 2083 595 2179 ἰχθύων
633 2095 1166 2180 ἀποληφθέντων
1204 2095 1279 2161 ἐν
1319 2106 1465 2173 ταῖς
1498 2096 1800 2182 τάφροις,
1834 2096 2260 2179 ταμιεύονται

333 2199 446 2266 καὶ
503 2202 961 2286 λαμβάνουσιν
1021 2203 1224 2278 ὅσους
1278 2200 1364 2267 ἂν
1421 2212 1876 2289 προαιρῶνται
1927 2200 2038 2267 καὶ
2096 2196 2253 2267 καθ’

336 2306 416 2372 ὃν
462 2306 547 2372 ἂν
591 2311 840 2394 χρόνον
885 2308 1276 2391 βούλωνται.

231 2429 332 2478 191
512 2418 1011 2499 Διεληλυθότες
1067 2412 1144 2479 δὲ
1186 2413 1338 2501 περὶ
1393 2426 1528 2481 τῶν
1581 2416 2084 2497 παροικούντων
2139 2418 2261 2500 τὴν
2281 2415 2367 2479 23

257 2532 312 2572 2⁰
340 2518 467 2584 ἀπὸ
501 2531 617 2605 τῆς
642 2524 1079 2606 Βαβυλωνίας
1114 2523 1444 2609 παράλιον
1491 2521 1614 2598 ἕως
1635 2519 1947 2606 Ἀραβίου
1983 2526 2258 2607 κόλπου,

338 2621 489 2712 περὶ
546 2637 680 2693 τῶν
736 2626 880 2711 ἑξῆς
932 2630 1194 2705 τούτοις
1248 2627 1473 2693 ἐθνῶν
1530 2627 1834 2712 διέξιμεν.
1923 2631 2088 2694 κατὰ
2132 2631 2259 2716 γὰρ

336 2733 460 2815 τὴν
497 2735 869 2799 Αἰθιοπίαν
913 2735 1036 2817 τὴν
1080 2730 1247 2819 ὑπὲρ
1284 2735 1634 2817 Αἰγύπτου
1679 2736 1857 2819 παρὰ
1900 2737 2020 2803 τὸν
2048 2735 2259 2801 ’Ἀσαν

335 2841 751 2925 καλούμενον
813 2841 1111 2925 ποταμὸν
1173 2851 1479 2927 παροικεῖ
1540 2842 1615 2906 τὸ
1680 2852 1816 2906 τῶν
1856 2839 2260 2926 Ῥιζοφάγων

337 2948 558 3023 ἔθνος.
649 2945 723 3012 ἐκ
783 2949 912 3032 γὰρ
976 2957 1111 3012 τῶν
1173 2949 1652 3033 πλησιοχώρων
1710 2949 1826 3025 τὰς
1889 2949 2068 3034 ῥίζας
2127 2959 2258 3012 τῶν

255 3061 308 3104 25
335 3053 651 3137 καλάμων
715 3053 1102 3139 ὀρύττοντες
1166 3055 1236 3118 οἱ
1290 3054 1616 3140 βάρβαροι
1677 3039 2009 3120 πλύνουσι
2071 3056 2260 3134 φιλο-

337 3161 562 3242 τίμως·
637 3163 1029 3244 ποιήσαντες
1104 3156 1177 3225 δὲ
1248 3162 1550 3248 καθαρὰς
1620 3165 1944 3227 κόπτουσι
2016 3160 2259 3240 λίθοις,

482 3393 517 3440 4
554 3381 814 3442 ὠκεανὸν
879 3383 1081 3455 καιρὸν
1118 3387 1167 3442 D
1277 3393 1311 3442 5
1352 3384 1700 3455 ἐπαιρόντων
1742 3385 1785 3441 0
1892 3390 1923 3440 9
1961 3403 2021 3439 τε
2061 3400 2171 3439 om.
2209 3384 2258 3438 D

340 3462 405 3511 ll
446 3453 765 3547 ῥαβδωτὰς]
805 3455 1036 3530 ράβδων
1074 3459 1146 3529 F,
1185 3455 1480 3532 ῥαβδωτὰς
1518 3456 1584 3513 ἐκ
1622 3452 1848 3528 ῥάβδων
1888 3453 2262 3523 συγκειμένας

338 3526 398 3597 C,
428 3524 655 3601 ῥάβδων
683 3533 870 3597 θυρας
895 3528 1291 3599 πεποιηκότες,
1319 3526 1420 3591 τὰς
1447 3527 1496 3581 D
1574 3535 1637 3582 12
1668 3524 1861 3588 αὐτοῖς
1898 3525 1946 3579 D
2023 3530 2088 3579 16
2120 3520 2259 3579 ἀπο·

338 3598 697 3668 λειφθέντων
735 3599 783 3653 D
856 3608 974 3665 τοῖς
1010 3602 1132 3655 cod.
1234 3607 1303 3655 22
1331 3597 1522 3670 Ἄσαν]
1556 3594 1897 3668 Ἀσταβάραν
1935 3596 2141 3666 Αςειίὼ.
2173 3599 2259 3649 50.
