2569 4061
1051 356 1129 410 ΠΙ
1169 362 1255 413 32.
1297 361 1382 412 33.
2055 360 2184 424 311

269 523 354 586 ἄν
385 544 560 597 τινες
590 525 922 606 τρωθῶσι,
969 516 1082 583 καὶ
1120 520 1195 584 τὸ
1233 519 1470 583 λοιπὸν
1508 517 1614 583 ἐπὶ
1649 521 1767 585 τὸν
1804 530 1941 585 τῶν
1976 518 2189 598 τόξων

266 628 491 710 ἀγῶνα
517 637 902 692 καταντῶσι.
967 624 1204 691 πολλοὶ
1233 622 1310 690 δὲ
1338 625 1411 690 ἐν
1449 625 1684 710 ἀκαρεῖ
1713 629 1931 712 χρόνῳ
1968 632 2188 692 τελευ-

261 745 485 818 τῶσιν,
540 734 629 811 ὡς
654 749 661 755 ·
682 732 767 798 ἂν
814 733 1141 817 εὐστόχως
1186 729 1310 816 μὲν
1355 733 1743 814 βαλλόντων
1789 733 1901 795 διὰ
1944 734 2068 817 τὴν
2114 733 2189 799 έν

267 841 528 918 τούτοις
582 842 896 924 ἄθλησιν,
957 841 1077 903 τὸν
1134 835 1208 904 δὲ
1264 839 1517 904 σκοπὸν
1583 837 1871 922 ἐχόντων
1929 842 2189 923 γυμνὸν

175 954 210 1005 5·
259 957 394 1012 τῶν
432 949 929 1032 σκεπαστηρίων
966 945 1206 1011 ὅπλων.
1281 945 1636 1009 διαλύουσι
1682 940 1757 1008 δὲ
1800 944 1925 1026 τὴν
1971 946 2187 1028 μάχην
2224 948 2261 998 4'

263 1064 399 1118 τῶν
455 1062 794 1136 γυναικῶν
855 1051 929 1116 αἰ
981 1051 1452 1137 πρεσβύτεραι,
1514 1052 2006 1136 προαλλόμεναι
2064 1046 2188 1134 μὲν

261 1161 354 1236 εἰς
410 1161 487 1224 τὸ
548 1159 782 1243 μέσον,
844 1157 1165 1243 ἐντροπῆς
1224 1153 1298 1222 δὲ
1360 1158 1837 1243 τυγχάνουσαι·
1900 1160 2187 1241 νόμιμον

260 1267 389 1351 γάρ
437 1265 618 1331 ἐστιν
665 1265 893 1341 αὐτοῖς
937 1265 1180 1365 ταύτας
1224 1265 1389 1329 κατὰ
1433 1263 1687 1348 μηδένα
1729 1274 1866 1330 τῶν
1919 1266 2188 1350 τρόπων

259 1373 550 1455 τύπτειν,
612 1371 777 1436 ὅθεν
837 1371 971 1454 ἅμα
1024 1378 1116 1458 τῷ
1173 1379 1467 1454 φανῆναι
1521 1373 1847 1436 παύονται
1901 1379 2023 1436 τοῦ
2077 1393 2185 1436 το-

182 1493 239 1533 1⁰
266 1475 498 1555 ξεύειν.
608 1477 679 1541 οἱ
739 1473 813 1541 δὲ
878 1477 989 1541 διὰ
1051 1477 1126 1540 τὸ
1191 1474 1400 1561 γῆρας
1463 1477 1544 1541 οὐ
1619 1479 1981 1562 δυνάμενοι
2044 1485 2189 1555 ταῖς
2225 1496 2258 1547 5

258 1585 570 1666 ποίμναις
630 1581 1033 1647 ἀκολουθεῖν
1091 1582 1250 1664 βοὸς
1306 1580 1476 1668 οὐρᾷ
1529 1583 1648 1646 τὸν
1708 1581 1951 1667 αὐχένα
2003 1569 2184 1689 avgg}

261 1687 656 1773 σφίγξαντες
710 1685 963 1753 ἑαυτῶν
1011 1686 1418 1752 ἀπολύονται
1461 1696 1583 1752 τοῦ
1631 1690 1746 1770 ζῆν
1790 1689 2184 1773 προθύμως·

257 1802 379 1858 τοῦ
436 1790 510 1858 δὲ
563 1794 682 1858 τὸν
734 1794 1036 1859 θάνατον
1091 1791 1636 1878 ἀναβαλλομένου
1692 1794 1815 1877 τὴν
1875 1791 2184 1872 ἐξουσίαν

257 1900 294 1965 ὁ
341 1903 752 1984 βουλόμενος
796 1903 929 1985 ἔχει
971 1901 1092 1964 τὸν
1139 1901 1386 1984 δεσμὸν
1431 1899 1521 1976 ὡς
1567 1898 1676 1965 ἐπ’
1725 1900 1957 1985 εὐνοίᾳ
2002 1921 2183 1986 περι-

176 2021 227 2063 15
257 2014 485 2074 θεῖναι
546 2005 659 2073 καὶ
722 2009 882 2092 μετὰ
945 2009 1408 2091 νουθετήσεως
1474 2014 1785 2093 στερῆσαι
1856 2014 1980 2071 τοῦ
2053 1990 2183 2092 ξῆν.

256 2114 499 2198 ὁμοίως
545 2111 620 2179 δὲ
664 2117 950 2199 νόμιμον
996 2114 1223 2190 αὐτοῖς
1271 2114 1410 2179 ἐστι
1454 2118 1612 2190 τοὺς
1656 2111 2092 2199 πηρωθέντας
2137 2113 2180 2198 ἢ
2218 2136 2250 2184 6

145 2236 255 2286 199
276 2223 503 2297 νόσοις
541 2221 881 2297 δυσιάτοις
919 2220 1406 2305 συνεχομένους
1452 2218 1709 2303 ἐξάγειν
1755 2218 1827 2285 ἐκ
1870 2228 1992 2284 τοῦ
2041 2222 2181 2302 ζῆν·

250 2326 562 2411 μέγιστον
614 2329 743 2412 γάρ
796 2338 931 2393 τῶν
985 2337 1208 2392 κακῶν
1266 2325 1588 2409 ἡγοῦνται
1646 2327 1722 2390 τὸ
1779 2331 2180 2410 φιλοψυχεῖν

251 2434 371 2497 τὸν
416 2430 857 2518 μηδὲν·άξιον
902 2441 1026 2499 τοῦ
1074 2437 1189 2518 ζῆν
1233 2434 1546 2519 πράττειν
1592 2433 1987 2516 δυνάμενον.
2072 2433 2178 2497 διὸ

162 2558 219 2602 20
249 2536 362 2602 καὶ
407 2540 655 2617 πάντας
702 2537 878 2625 [μὲν]
922 2542 1093 2605 ἰδεῖν
1140 2542 1279 2605 ἔστι
1324 2541 1482 2617 τοὺς
1536 2540 2016 2625 Τρωγλοδύτας
2062 2538 2178 2625 ἀρ·-

257 2647 441 2721 τίους
487 2642 608 2729 μὲν
651 2657 792 2724 τοϊς
838 2648 1158 2731 σώμασιν,
1209 2647 1560 2731 ἰσχύοντας
1606 2643 1666 2709 δ’
1709 2648 1804 2710 ἔτι
1848 2653 1991 2723 ταῖς
2034 2645 2175 2729 ἡλι-

252 2754 447 2834 κίαις,
487 2751 576 2829 ὡς
612 2750 696 2817 ἂν
724 2754 1010 2837 μηδενὸς
1036 2752 1570 2838 ὑπερβάλλοντος
1596 2753 1676 2817 τὰ
1704 2750 2018 2837 ἑξήκοντα
2046 2755 2176 2837 ἔτη.

418 2856 551 2924 Καὶ
579 2856 732 2944 περὶ
760 2856 882 2943 μὲν
922 2869 1060 2923 τῶν
1096 2860 1599 2944 Τρωγλοδυτῶν
1639 2859 1879 2936 ἱκανῶς
1916 2860 2177 2945 εἰρήκα-
2216 2877 2247 2927 ’1

244 2984 389 3049 μεν·
447 2966 509 3029 εἰ
560 2965 641 3030 δέ
689 2988 790 3041 τις
842 2975 978 3030 τῶν
1038 2964 1636 3050 ἀναγινωσκόντων
1684 2966 1796 3030 διὰ
1837 2967 1959 3030 τὸν
2006 2964 2177 3041 ξενι-

157 3093 211 3134 25
240 3073 411 3155 σμὸν
455 3068 567 3135 καὶ
612 3072 686 3136 τὸ
732 3070 1117 3156 παράδοξον
1170 3082 1307 3137 τῶν
1354 3070 1959 3156 ἀναγεγραμμένων
2004 3073 2174 3152 βίων

237 3175 588 3260 ἀπιστήσει
649 3188 795 3254 ταῖς
863 3178 1212 3263 ἱστορίαις,
1286 3176 1435 3254 θεὶς
1499 3179 1627 3260 πρὸ
1691 3186 1806 3261 τῆς
1871 3176 2172 3250 διανοίας

232 3280 387 3366 παρ’
449 3283 703 3366 ἄλληλα
755 3285 875 3347 τόν
934 3305 1005 3346 τε
1064 3280 1215 3368 περὶ
1272 3283 1397 3366 τὴν
1460 3283 1779 3347 Σκυθίαν
1839 3276 1999 3362 ἀέρα
2058 3276 2170 3342 καὶ

233 3388 359 3451 τὸν
421 3386 575 3470 περὶ
637 3388 761 3471 τὴν
829 3390 1412 3474 Τρωγλοδυτικήν,
1488 3385 1601 3452 καὶ
1662 3387 1777 3461 τὰς
1841 3381 2166 3467 ἑκατέρων

413 3549 441 3596 1
479 3545 592 3599 τῶν
629 3546 695 3614 Ι),
727 3563 795 3600 τε
835 3546 903 3614 O,
943 3562 1051 3603 om.
1092 3545 1154 3599 F
1351 3551 1382 3600 6
1420 3538 1878 3614 προβαλλόμεναι
1923 3536 2163 3607 (tudima,

232 3629 371 3669 cort.
409 3614 576 3670 Dind.
723 3621 793 3671 20
830 3614 936 3686 μὲν
976 3616 1084 3671 del.
1123 3615 1286 3671 Dind.
