2569 4061
1043 324 1095 377 11
1134 330 1217 380 31.
1249 331 1334 381 32.
2013 326 2144 391 223

221 488 469 563 οἰκείας
526 487 844 571 ἱστορίας·
900 484 1053 573 περὶ
1110 483 1183 551 δὲ
1230 495 1347 569 τῆς
1394 484 1761 572 Ἀσσυρίων
1806 491 2146 572 βασιλείας

216 594 306 670 ὡς
370 592 499 658 ὑπὸ
564 594 829 677 Μήδων
893 593 1228 677 κατελύθη
1302 598 1764 679 προειρηκότες
1828 594 2145 680 ἐπάνιμεν

215 699 385 764 ὅθεν
436 697 770 784 ἐξέβημεν.

387 798 565 871 Ἐπεὶ
614 801 688 870 δὲ
727 806 1190 891 διαφωνοῦσιν
1237 807 1309 872 oc
1339 809 1767 872 παλαιότατοι
1813 819 1946 872 τῶν
1983 826 2141 892 συγ-
2161 811 2249 876 32

162 929 190 970 6
219 911 535 998 γραφέων
580 910 732 999 περὶ
777 921 892 996 τῆς
937 915 1246 997 μεγίστης
1291 923 1425 978 τῶν
1460 913 1724 994 Μήδων
1769 911 2144 996 ἡγεμονίας,

215 1020 467 1085 οἰκεῖον
533 1014 706 1084 εἷναι
770 1019 1311 1103 διαλαμβάνομεν
1373 1029 1514 1095 τοῖς
1577 1020 1970 1104 φιλαλήθως
2032 1019 2147 1095 τὰς

218 1123 487 1210 πράξεις
553 1124 844 1211 ἱστορεῖν
917 1122 1356 1209 βουλομένοις
1415 1124 1540 1207 τὴν
1614 1125 1949 1209 διαφορὰν
2012 1134 2146 1188 τῶν

220 1231 758 1317 ἱστοριογράφων
804 1226 960 1318 παρ’
1012 1232 1266 1314 ἄλληλα
1308 1236 1550 1296 θεῖναι.
1615 1228 1980 1317 Ἡρόδοτος
2023 1226 2146 1315 μὲν
2183 1255 2214 1302 2

218 1332 344 1403 οὖν
390 1338 556 1403 κατά
603 1337 857 1424 Ξέρξην
911 1339 1204 1420 γεγονὼς
1248 1347 1388 1414 τοῖς
1439 1341 1706 1423 χρόνοις
1752 1337 1962 1422 φησὶν
2003 1335 2145 1402 Ἀσ-

133 1463 188 1502 10
217 1446 497 1529 συρίους
533 1445 643 1526 ἔτη
691 1445 1093 1508 πεντακόσια
1130 1445 1456 1528 πρότερον
1500 1453 1616 1527 τῆς
1654 1439 1872 1521 Ἀσίας
1909 1445 2144 1531 ἄρξαν-

212 1572 332 1625 τας
383 1549 515 1613 ὑπὸ
563 1550 826 1631 Μήδων
878 1554 1370 1631 καταλυθῆναι,
1430 1551 1651 1615 ἔπειτα
1695 1550 1968 1633 βασιλέα
2022 1547 2144 1635 μὲν

214 1652 472 1738 μηδένα
510 1653 828 1736 γενέσθαι
865 1654 984 1718 τὸν
1021 1654 1611 1739 ἀμφισβητήσοντα
1649 1666 1785 1719 τῶν
1823 1656 1999 1720 ὅλων
2038 1656 2144 1720 ἐπὶ

110 1784 215 1832 146
234 1760 488 1834 πολλὰς
534 1760 794 1842 γενεάς,
849 1762 966 1837 τὰς
1021 1757 1095 1826 δὲ
1140 1763 1366 1837 πόλεις
1417 1758 1575 1826 καθ’
1631 1759 1865 1836 ἕαυτάς
1924 1784 2146 1827 ταττο-

216 1863 421 1950 μένας
476 1866 875 1932 διοικεῖσθαι
936 1869 1462 1954 δημοκρατικῶς·
1516 1868 1592 1931 τὸ
1641 1862 1714 1931 δὲ
1768 1872 2147 1932 τελευταῖον

136 1993 189 2033 15
216 1977 487 2039 πολλῶν
542 1972 709 2039 ἐτῶν
764 1975 1179 2041 διελθόντων
1236 1976 1591 2062 αἱρεθῆναι
1644 1972 1919 2059 βασιλέα
1969 1975 2147 2060 παρὰ

214 2091 356 2157 τοῖς
418 2082 687 2163 Μήδοις
749 2082 962 2166 ἄνδρα
1026 2083 1421 2168 δικαιοσύνῃ
1497 2084 1860 2168 διάφορον,
1935 2083 2146 2164 ὄνομα

214 2187 596 2272 Κυαξάρην.
687 2197 929 2253 τοῦτον
995 2184 1068 2253 δὲ
1131 2200 1399 2272 πρῶτον
1469 2188 1875 2274 ἐπιχειρῆσαι
1941 2204 2145 2273 προσ-
2183 2208 2215 2256 3

217 2294 502 2377 άγεσθαι
538 2296 697 2369 τοὺς
733 2295 1257 2378 πλησιοχώρους,
1305 2292 1415 2359 καὶ
1460 2305 1601 2371 τοῖς
1637 2295 1907 2377 Μήδοις
1948 2293 2145 2379 ἀρχη-

216 2401 342 2482 γὸν
388 2399 705 2483 γενέσθαι
750 2409 864 2483 τῆς
910 2411 1044 2464 τῶν
1090 2400 1268 2465 ὅλων
1303 2400 1685 2484 ἡγεμονίας·
1732 2402 1953 2465 ἔπειτα
1989 2403 2146 2476 τοὺς

134 2523 193 2563 20
220 2504 538 2587 ἐκγόνους
594 2504 694 2572 ἀεὶ
739 2505 1463 2592 προσκατακτωμένους
1519 2507 1775 2590 πολλὴν
1818 2516 1934 2590 τῆς
1989 2505 2146 2591 ὁμό-

222 2633 350 2696 ρου
385 2612 599 2697 χώρας
646 2612 925 2696 αὐξῆσαι
962 2613 1085 2695 τὴν
1130 2616 1476 2696 βασιλείαν
1514 2611 1703 2698 μέχρι
1742 2611 2145 2696 Ἀστυάγους

217 2726 341 2782 τοῦ
412 2717 1077 2803 καταπολεμηθέντος
1147 2720 1277 2784 ὑπὸ
1358 2721 1590 2806 Κύρου
1661 2718 1769 2784 καὶ
1845 2724 2143 2807 Περσῶν.

217 2822 370 2910 περὶ
435 2819 531 2890 ὧν
586 2834 715 2889 νῦν
780 2825 969 2909 ἡμεῖς
1022 2827 1104 2889 τὰ
1167 2827 1495 2910 κεφάλαια
1549 2830 2013 2912 προειρηκότες
2065 2829 2146 2913 τά

218 2932 384 2996 κατὰ
430 2929 629 3016 μέρος
676 2931 957 3017 ὕστερον
1004 2932 1292 3016 ἀκριβῶς
1338 2932 1828 3018 ἀναγράψομεν,
1878 2933 2146 2998 ἐπειδὰν

138 3052 192 3093 2⁵
221 3035 327 3102 ἐπὶ
392 3039 552 3114 τοὺς
617 3038 905 3114 οἰκείους
959 3041 1245 3123 χρόνους
1304 3037 1743 3122 ἐπιβάλωμεν·
1798 3040 1961 3104 κατὰ
2015 3040 2143 3121 γὰρ

217 3144 292 3208 τὸ
360 3144 679 3228 δεύτερον
742 3145 887 3220 ἔτος
948 3153 1065 3227 τῆς
1129 3142 1678 3228 ἑπτακαιδεκάτης
1738 3144 2146 3229 ὀλυμπιάδος

217 3245 433 3335 ᾑρέθη
473 3252 787 3332 βασιλεὺς
821 3250 952 3315 ὑπὸ
990 3252 1255 3333 Μήδων
1293 3249 1646 3336 Κυαξάρης
1681 3247 1838 3314 καθ’
1866 3246 2145 3331 “Ηρόδο-

364 3446 399 3494 4
453 3438 848 3514 παλαιότατοι]
910 3440 1160 3513 μέγιστοι
1206 3442 1259 3495 ΙΙ
1405 3447 1472 3495 10
1523 3435 1719 3509 Ἄσίας]
1764 3435 2044 3502 Ἀσσυρίας
2094 3437 2143 3488 D

220 3516 285 3565 12
326 3506 837 3585 ἀμφισβητήσαντα
872 3515 918 3568 Ε
1068 3518 1131 3566 17
1170 3509 1447 3581 κυάξαριν
1484 3510 1533 3562 D
1672 3515 1738 3563 18
1775 3511 1891 3566 τοῖς
1927 3509 2007 3558 Μ.
2047 3504 2144 3559 καὶ

215 3580 370 3652 vulg.
517 3588 585 3637 27
623 3581 895 3654 κυάξαρις
930 3585 996 3640 D.
