2569 4061
1035 313 1116 367 111
1154 319 1238 370 72.
1272 321 1356 368 73.
2049 316 2175 380 387

435 480 585 541 Τῶν
615 473 689 541 δὲ
717 477 997 559 Λιβύων
1034 477 1397 562 εἰρηκότων
1435 477 1611 564 αὐτῷ
1649 479 1777 563 πρὸ
1816 487 1932 562 τῆς
1968 478 2178 562 μάχης
2201 480 2283 546 73

245 582 348 647 ὅτι
394 576 552 646 καθ’
606 581 687 647 ὃν
731 583 967 668 καιρὸν
1015 580 1319 660 ἐξέπεσεν
1364 580 1437 647 ἐκ
1480 590 1598 666 τῆς
1642 586 1980 667 βασιλείας
2016 583 2176 669 ’Ἀμ-

244 712 422 772 μων,
494 697 633 764 τοῖς
696 686 1041 774 ἐγχωρίοις
1103 688 1516 775 προειρηκὼς
1580 693 1682 771 εἴη
1756 689 2177 774 τεταγμένοις

242 797 511 880 χρόνοις
575 793 758 878 ἥξειν
820 795 974 860 υἱὸν
1040 794 1248 861 αὐτοῦ
1311 797 1690 875 Διόνυσον,
1755 794 1866 860 καὶ
1924 799 2047 879 τήν
2105 820 2175 864 τε

188 926 214 967 5
242 896 557 989 πατρῴαν
622 901 1114 985 ἀνακτήσεσθαι
1177 902 1525 983 βασιλείαν
1600 898 1711 965 καὶ
1775 901 1990 984 πάσης
2060 911 2177 985 τῆς

244 1007 636 1093 οἰκουμένης
680 1008 1123 1096 κυριεύσαντα
1167 1006 1337 1072 θεὸν
1382 1009 1957 1091 νομισθήσεσθαι,
2012 1007 2175 1073 ὑπο-

241 1116 466 1199 λαβὼν
526 1114 747 1198 ἀληθῆ
807 1113 1158 1198 γεγονέναι
1213 1113 1454 1198 μάντιν
1508 1117 1585 1179 τό
1637 1138 1708 1179 τε
1768 1116 2175 1201 χρηστήριον

136 1231 237 1281 242
263 1221 581 1308 ἱδρύσατο
635 1229 759 1286 τοῦ
813 1223 1063 1307 πατρὸς
1118 1218 1230 1286 καὶ
1284 1221 1409 1305 τὴν
1471 1224 1671 1288 πόλιν
1727 1223 2175 1307 οἰκοδομήσας

240 1329 430 1412 τιμὰς
465 1328 709 1414 ὥρισεν
747 1328 836 1403 ὡς
870 1333 1010 1417 θεῷ
1049 1325 1161 1392 καὶ
1198 1329 1357 1404 τοὺς
1402 1326 2005 1413 ἐπιμελησομένους
2050 1336 2172 1394 τοῦ

158 1460 211 1499 10
238 1437 556 1520 μαντείου
590 1433 963 1517 κατέστησε.
1040 1435 1549 1520 παραδεδόσθαι
1588 1430 1662 1500 δὲ
1696 1437 1817 1501 τὸν
1849 1434 2171 1521 ’Ἀμμωνα

238 1544 414 1625 ἔχειν
450 1549 645 1627 κριοῦ
682 1541 983 1625 κεφαλὴν
1017 1538 1509 1625 τετυπωμένην,
1546 1541 1943 1626 παράσημον
1981 1541 2169 1626 ἐσχη-

237 1648 430 1722 κότος
490 1646 698 1711 αὐτοῦ
755 1648 831 1711 τὸ
891 1648 1138 1733 κράνος
1195 1646 1362 1711 κατὰ
1417 1647 1534 1722 τὰς
1588 1651 1946 1732 στρατείας.
2040 1646 2170 1712 εἰσὶ
2207 1669 2238 1717 2

239 1752 297 1816 δ’
347 1753 419 1817 οἰ
458 1756 1003 1836 μυθολογοῦντες
1049 1753 1227 1842 αὐτῷ
1274 1753 1442 1838 πρὸς
1479 1751 1805 1835 ἀλήθειαν
1850 1752 2170 1835 γενέσθαι

233 1853 392 1924 καθ’
444 1856 758 1944 ἑκάτερον
818 1858 1018 1946 μέρος
1075 1871 1211 1925 τῶν
1275 1859 1634 1945 κροτάφων
1697 1860 1995 1945 κεράτια·
2063 1861 2167 1924 διὸ

154 1989 206 2029 15
234 1962 345 2030 καὶ
380 1966 502 2030 τὸν
538 1967 905 2049 Διόνυσον,
944 1967 1098 2032 υἱὸν
1138 1965 1347 2032 αὐτοῦ
1385 1967 1730 2049 γεγονότα,
1767 1966 1890 2049 τὴν
1928 1963 2169 2050 ὁμοίαν

234 2075 410 2159 ἔχειν
455 2076 811 2160 πρόσοψιν,
857 2071 968 2138 καὶ
1014 2083 1154 2150 τοῖς
1200 2070 1692 2157 ἐπιγινομένοις
1727 2082 1863 2137 τῶν
1902 2072 2168 2159 ἀνθρώ-

232 2201 378 2246 πων
422 2180 930 2266 παραδεδόσθαι
974 2181 1096 2245 τὸν
1130 2182 1301 2245 θεὸν
1335 2187 1579 2244 τοῦτον
1617 2180 1940 2262 γεγονότα
1975 2202 2166 2265 κερα-

232 2289 397 2352 τίαν.
492 2288 653 2372 μετὰ
699 2281 760 2351 δ’
815 2281 941 2352 οὖν
986 2287 1111 2369 τὴν
1156 2294 1271 2369 τῆς
1316 2288 1570 2362 πόλεως
1619 2286 2011 2369 οἰκοδομίαν
2055 2284 2166 2351 καὶ
2203 2307 2237 2355 3

231 2394 353 2475 τὴν
407 2392 558 2478 περὶ
612 2395 685 2459 τὸ
745 2396 1151 2480 χρηστήριον
1209 2393 1612 2458 κατάστασιν
1671 2395 1937 2479 πρῶτόν
1997 2409 2165 2476 φασι

151 2520 206 2560 20
231 2499 353 2563 τὸν
411 2503 754 2565 Διόνυσον
806 2503 1189 2586 χρήσασθαι
1242 2506 1334 2587 τῷ
1390 2505 1531 2587 θεῷ
1586 2497 1739 2585 περὶ
1796 2508 1913 2582 τῆς
1968 2513 2164 2584 στρα-

231 2607 439 2688 τείας,
502 2605 612 2671 καὶ
675 2609 906 2690 λαβεῖν
968 2607 1148 2688 παρὰ
1209 2613 1331 2670 τοῦ
1397 2607 1643 2691 πατρὸς
1700 2606 2001 2692 χρησμὸν
2061 2605 2162 2670 ὅτι

229 2713 387 2788 τοὺς
433 2711 840 2799 ἀνθρώπους
883 2712 1251 2798 εὐεργετῶν
1286 2712 1579 2790 τεύξεται
1615 2721 1732 2795 τῆς
1770 2711 2161 2791 ἀθανασίας.

230 2819 337 2883 διὸ
382 2817 495 2884 καὶ
541 2817 1072 2905 μετεωρισθέντα
1117 2827 1196 2903 τῇ
1242 2826 1422 2903 ψυχῇ
1469 2819 1544 2882 τὸ
1593 2814 1715 2903 μὲν
1751 2828 2017 2904 πρῶτον
2055 2816 2161 2883 ἐπὶ
2199 2840 2233 2887 4

227 2926 350 3008 τὴν
414 2930 764 3009 Αἴγυπτον
829 2933 1256 3011 στρατεῦσαι,
1331 2921 1442 2989 καὶ
1506 2931 1621 3006 τῆς
1684 2925 1902 3010 χώρας
1963 2948 2159 2989 κατα-

145 3049 199 3091 25
227 3040 465 3115 στῆσαι
519 3029 797 3114 βασιλέα
849 3034 987 3096 Δία
1041 3032 1161 3095 τὸν
1206 3032 1482 3115 Κρόνου
1533 3028 1645 3096 καὶ
1691 3029 1899 3113 Ῥέας,
1952 3031 2159 3093 παῖδα

224 3138 347 3219 τὴν
410 3138 678 3220 ἡλικίαν
741 3138 920 3202 ὄντα.
1031 3146 1611 3223 παρακαταστῆσαι
1679 3130 1739 3200 δ’
1806 3134 1984 3220 αὐτῷ
2048 3132 2158 3198 καὶ

224 3242 580 3327 ἐπιστάτην
626 3242 993 3327 Ὄλυμπον,
1052 3239 1166 3326 ἀφ’
1222 3238 1305 3308 οὗ
1359 3244 1479 3308 τὸν
1524 3244 1661 3306 Δία
1707 3237 2157 3305 παιδευθέντα

404 3442 436 3489 6
486 3432 999 3507 ὀνομασθήσεσθαι
1045 3435 1094 3489 D
1277 3440 1310 3489 8
1360 3431 1625 3505 ἱδρύσατο
1701 3434 1929 3500 ἵδρυσεν
1975 3428 2038 3485 τὸ
2089 3432 2153 3496 D,

223 3523 331 3562 om.
370 3506 415 3559 F
489 3502 945 3576 ἀνοικοδομήσας
973 3506 1138 3561 Dind.
1245 3512 1310 3560 11
1351 3511 1504 3576 σχεῖν
1538 3505 1585 3559 Ο
1751 3509 1815 3557 13
1856 3501 2156 3573 γενέσθαι]

222 3578 483 3647 φυσικῶς
519 3579 645 3634 add.
675 3578 826 3648 vulg.
938 3585 1008 3634 26
1049 3574 1213 3649 ὄντα]
1243 3574 1376 3664 νέον
1407 3573 1546 3632 ὄντα
1574 3576 1727 3645 vulg.
1839 3579 1906 3629 27
1937 3568 2044 3643 ὑφ’
2084 3572 2152 3626 II.

1688 3663 1798 3717 52*
