2569 4061
1037 349 1117 404 111
1156 357 1241 408 64.
1273 357 1357 406 65.
2037 353 2166 418 373

237 509 311 577 δὲ
365 522 509 588 ταῖς
562 523 699 577 τῶν
751 523 1092 595 γυναικῶν
1146 510 1334 597 χερσὶ
1390 516 1634 591 ζῶντας
1681 516 2165 599 διαμελίζοντα·

237 618 447 683 ἐνίοτε
505 615 579 683 δὲ
632 617 744 701 καὶ
799 620 912 683 διὰ
966 628 1080 703 τῆς
1135 627 1572 706 στρατηγικῆς
1617 620 1913 699 ἐπινοίας
1957 643 2167 708 παρα-

240 726 280 789 δ
285 724 447 804 όξως
475 725 775 811 ἀναιρεῖν
800 728 959 802 τοὺς
986 725 1694 811 ἐναντιοπραγοῦντας.
1770 727 2167 794 ἀναδιδόναι

239 833 365 916 γὰρ
394 842 536 908 ταῖς
571 834 847 917 βάκχαις
883 831 1032 897 ἀντὶ
1068 844 1203 897 τῶν
1240 834 1522 918 θύρσων
1560 835 1803 916 λόγχας
1839 843 1931 921 τῷ
1970 845 2165 921 κιττῷ

109 1008 115 1027 Ι
184 954 210 994 5
236 938 731 1024 κεκαλυμμένας
776 939 900 1022 τὴν
946 938 1160 1022 ἀκμὴν
1205 948 1326 1005 τοῦ
1373 941 1684 1026 σιδήρου·
1732 941 1838 1004 διὸ
1886 937 1998 1004 καὶ
2035 951 2168 1006 τῶν

238 1044 566 1128 βασιλέων
622 1047 734 1110 διὰ
786 1045 911 1128 τὴν
965 1046 1246 1137 ἄγνοιαν
1291 1047 1903 1133 καταφρονούντων
1948 1046 2038 1122 ὡς
2083 1044 2169 1111 ἀν

237 1163 597 1235 γυναικῶν,
644 1149 753 1217 καὶ
791 1153 903 1216 διὰ
939 1149 1120 1216 τοῦτ’
1165 1151 1646 1239 ἀπαρασκεύων
1693 1155 1931 1237 ὄντων,
1979 1152 2167 1218 ἀνελ-

206 1261 482 1335 ,πίστως
536 1257 999 1342 ἐπιτιθέμενον
1052 1262 1558 1339 κατακοντίζειν.
1650 1273 1786 1326 τῶν
1843 1258 1916 1326 δὲ
1971 1265 2164 1326 κολα·
2202 1281 2237 1329 4

238 1365 544 1431 σθέντων
618 1363 732 1429 ὑπ’
806 1366 1013 1430 αὐτοῦ
1088 1381 1298 1448 φασιν
1362 1365 1930 1451 ἐπιφανεστάτους
1996 1363 2165 1434 εἶναι

158 1488 210 1527 10
240 1471 513 1537 Πενθέα
568 1467 690 1556 μὲν
744 1473 922 1557 παρὰ
965 1482 1106 1548 τοῖς
1149 1470 1455 1556 ““Ἐλλησι,
1500 1474 1880 1559 Μύρρανον
1928 1470 2002 1539 δὲ
2047 1476 2167 1540 τὸν

236 1574 513 1660 βασιλέα
539 1574 696 1658 παρ’
734 1571 989 1661 Ἰνδοῖς,
1026 1582 1430 1665 Λυκοῦργον
1459 1575 1533 1643 δὲ
1560 1580 1738 1662 παρὰ
1765 1588 1907 1655 τοῖς
1939 1581 2165 1667 Θρᾳξί.

237 1686 699 1767 μυθολογοῦσι
744 1685 870 1768 γὰρ
918 1685 1036 1749 τὸν
1080 1686 1430 1749 Διόνυσον
1477 1683 1548 1749 ἐκ
1593 1693 1708 1767 τῆς
1748 1682 1968 1760 Ἀσίας
2014 1684 2168 1769 μέλ-

239 1796 440 1854 λοντα
495 1789 619 1872 τὴν
683 1789 975 1875 δύναμιν
1038 1790 1450 1874 διαβιβάζειν
1495 1792 1590 1867 εἰς
1634 1791 1758 1874 τὴν
1801 1790 2167 1875 Εὐρώπην,

237 1894 620 1962 συνθέσθαι
694 1899 928 1981 φιλίαν
1000 1898 1166 1983 πρὸς
1237 1902 1641 1983 Λυκοῦργον
1713 1899 1832 1963 τὸν
1901 1895 2170 1984 Θρᾴκης

158 2021 209 2063 15
237 2001 514 2088 βασιλέα
588 2011 703 2088 τῆς
775 1999 883 2087 ἐφ’
942 2000 1438 2093 Ἑλλησπόντῳ·
1515 2005 2032 2088 διαβιβάσαντος
2097 2000 2170 2069 δὲ

239 2112 446 2178 αὐτοῦ
509 2112 772 2197 πρώτας
834 2113 951 2189 τάς
1014 2114 1260 2197 βάκχας
1326 2114 1414 2190 ὡς
1475 2115 1569 2190 εἰς
1628 2116 1860 2195 φιλίαν
1919 2113 2170 2200 χώραν,

239 2219 355 2284 τὸν
410 2215 533 2303 μὲν
587 2221 991 2305 Λυκοῦργον
1047 2224 1485 2305 παραγγεῖλαι
1538 2229 1678 2296 τοῖς
1737 2219 2171 2303 στρατιώταις

240 2327 477 2402 νυκτὸς
541 2323 902 2390 ἐπιθέσθαι
966 2323 1078 2389 καὶ
1141 2327 1260 2389 τόν
1324 2348 1393 2390 τε
1456 2327 1804 2390 Διόνυσον
1868 2322 1980 2388 καὶ
2054 2326 2170 2400 τὰς

242 2432 566 2514 μαινάδας
623 2431 839 2509 πάσας
899 2432 1194 2515 ἀνελεῖν,
1260 2433 1382 2497 τὸν
1443 2428 1518 2496 δὲ
1577 2434 1926 2496 Διόνυσον
1991 2431 2170 2516 παρά

160 2554 214 2594 20
243 2558 424 2611 τινος
467 2546 600 2601 τῶν
655 2537 1013 2622 ἐγχωρίων,
1070 2537 1143 2614 ὃς
1199 2537 1492 2603 ἐκαλεῖτο
1541 2537 1807 2622 Χάροψ,
1864 2539 2169 2621 μαθόντα

240 2642 365 2725 τὴν
423 2642 784 2728 ἐπιβουλὴν
843 2650 1337 2728 καταπλαγῆναι
1401 2646 1514 2710 διὰ
1566 2646 1642 2709 τὸ
1698 2645 1821 2727 τὴν
1879 2644 2169 2728 δύναμιν

241 2748 314 2813 ἐν
357 2758 449 2837 τῷ
497 2749 707 2838 πέραν
753 2746 947 2835 εἶναι,
993 2757 1330 2829 παντελῶς
1377 2746 1443 2816 δ’
1495 2751 1765 2835 ὀλίγους
1811 2750 1989 2840 αὐτῷ
2035 2763 2171 2817 τῶν

241 2858 459 2939 φίλων
506 2856 1117 2942 συνδιαβεβηκέναι.
1194 2859 1428 2943 διόπερ
1465 2858 1690 2945 λάθρᾳ
1734 2858 1980 2923 τούτου
2028 2860 2168 2923 δια·
2207 2875 2239 2924 5

240 2962 652 3039 πλεύσαντος
687 2965 854 3048 πρὸς
890 2965 963 3028 τὸ
1004 2962 1332 3048 σφέτερον
1370 2966 1844 3050 στρατόπεδον,
1891 2966 2011 3028 τὸν
2049 2962 2170 3047 μὲν

159 3084 213 3125 25
240 3072 644 3155 Λυκοῦργόν
699 3086 907 3160 φασιν
962 3068 1363 3153 ἐπιθέμενον
1407 3082 1550 3146 ταῖς
1596 3071 1912 3154 μαινάσιν
1959 3066 2032 3132 ἐν
2077 3076 2168 3154 τῷ

239 3174 627 3263 καλουμένῳ
667 3178 904 3263 Νυσίῳ
941 3176 1155 3252 πάσας
1202 3175 1607 3259 ἀποκτεῖναι,
1653 3176 1770 3253 τὸν
1809 3169 1883 3237 δὲ
1919 3174 2168 3237 Διόνυ-

241 3296 365 3345 σον
408 3263 870 3369 περαιώσαντα
914 3283 1031 3359 τάς
1076 3284 1394 3368 δυνάμεις
1438 3281 1623 3367 ’μάχῃ
1669 3286 1990 3365 κρατῆσαι
2035 3289 2171 3343 τῶν

243 3390 549 3474 Θρακῶν,
595 3386 707 3454 καὶ
742 3390 862 3454 τὸν
898 3393 1304 3474 Λυκοῦργον
1353 3390 1776 3473 ζωγρήσαντα
1820 3388 2179 3470 τυφλῶσαί

421 3550 453 3600 5
492 3541 583 3601 διὸ
617 3563 725 3602 om.
755 3546 809 3600 II
921 3553 987 3601 14
1014 3544 1115 3601 τὸν
1148 3548 1227 3615 Θρ
1231 3543 1306 3621 giu
1309 3566 1460 3615 η-ς
1488 3552 1552 3600 17
1583 3543 1911 3611 Λυκουργον
1942 3560 2049 3599 om.
2071 3543 2173 3596 AD

243 3620 310 3670 19
350 3613 659 3689 μαινάδας]
699 3615 914 3688 βάκχας
950 3619 999 3672 D
1127 3568 1227 3673 209
1238 3566 1442 3687 Θάηροψ
1483 3616 1535 3669 II
1651 3619 1718 3668 22
1759 3609 1843 3682 ἐν]
1882 3611 1988 3683 μὲν
2027 3608 2088 3669 ἐν
2126 3614 2170 3666 f.
