2569 4061
368 269 497 336 188
1033 267 1342 325 DIODORI
1378 267 1616 325 SICULI

294 455 299 460 ⁴
367 449 506 509 σεις
548 442 682 496 τῶν
725 429 995 497 ὑδάτων
1041 431 1319 516 ὄργανα,
1367 426 1455 495 δι’
1510 425 1607 495 ὧν
1654 429 1984 496 ἀνεσπᾶτο
2032 435 2295 515 πλῆθος

365 540 610 613 ὕδατος
664 535 736 602 ἐκ
788 545 911 603 τοῦ
963 544 1297 620 ποταμοῦ,
1363 536 1648 621 μηδενὸς
1700 547 1836 602 τῶν
1898 536 2154 615 ἔξωθεν
2216 540 2294 603 τὸ

364 644 722 727 γινόμενον
785 644 1089 709 συνιδεῖν
1148 639 1550 726 δυναμένου.
1645 637 1841 720 οὗτος
1895 640 2019 728 μὲν
2075 637 2202 710 οὖν
2255 643 2293 710 ὁ

363 749 790 835 παράδεισος,
836 750 927 827 ὡς
969 758 1315 835 προεῖπον,
1364 747 1650 834 ὕστερον
1693 751 2213 833 κατεσκευάσθη.

262 858 341 922 11
533 851 630 920 Ἡ
667 853 742 921 δὲ
776 859 1147 943 Σεμίραμις
1191 858 1406 921 ἔκτισε
1450 854 1565 921 καὶ
1601 857 1803 934 ἄλλας
1847 859 2073 933 πόλεις
2118 857 2296 943 παρὰ
2324 872 2352 912 5

364 963 485 1027 τὸν
528 965 828 1048 ποταμὸν
872 965 992 1027 τόν
1034 984 1107 1027 τε
1151 961 1524 1047 Εὐφράτην
1568 961 1682 1028 καὶ
1725 964 1845 1029 τὸν
1899 967 2165 1049 Τίγριν,
2222 962 2298 1028 ἐν

362 1061 473 1146 αἶς
520 1068 800 1154 ἐμπόρια
843 1069 1282 1134 κατεσκεύασε
1318 1078 1459 1145 τοῖς
1504 1072 1752 1156 φορτία
1798 1072 2298 1155 διακομίζουσιν

367 1174 441 1240 ἐκ
492 1183 610 1257 τῆς
662 1175 934 1258 Μηδίας
995 1173 1108 1240 καὶ
1164 1179 1679 1261 Παραιτακηνῆς
1740 1175 1853 1242 καὶ
1915 1177 2129 1259 πάσης
2180 1182 2300 1258 τῆς

369 1282 697 1363 σύνεγγυς
732 1281 967 1365 χώρας.
1049 1282 1211 1364 μετὰ
1256 1282 1386 1368 γὰρ
1430 1284 1551 1348 τὸν
1587 1285 1842 1348 Νεῖλον
1876 1281 1986 1349 καὶ
2027 1284 2298 1366 Γάγγην

370 1387 558 1462 ὄντες
595 1384 1062 1470 ἐπισημότατοι
1098 1389 1343 1472 σχεδὸν
1378 1398 1516 1454 τῶν
1551 1390 1718 1455 κατὰ
1752 1390 1877 1472 τὴν
1915 1385 2145 1454 Ἀσίαν
2180 1410 2299 1454 πο-
2329 1406 2383 1445 1⁰

368 1503 596 1577 ταμῶν
632 1492 997 1578 Εὐφράτης
1030 1491 1143 1559 καὶ
1187 1497 1418 1577 Τίγρις
1453 1497 1570 1572 τὰς
1619 1493 1744 1581 μὲν
1780 1496 1995 1579 πηγὰς
2030 1497 2299 1580 ἔχουσιν

371 1600 446 1665 ἐκ
498 1610 634 1665 τῶν
690 1597 1057 1685 Ἀρμενίων
1110 1601 1322 1687 ὀρῶν,
1384 1603 1766 1685 διεστήκασι
1822 1599 1883 1666 δ’
1940 1596 2051 1668 ἀπ’
2106 1602 2300 1686 ἀλλή-

299 1726 332 1776 2
370 1711 512 1773 λων
576 1708 889 1784 σταδίους
963 1708 1332 1790 δισχιλίους
1403 1705 1515 1772 καὶ
1586 1710 2089 1784 πεντακοσίους·
2165 1707 2302 1772 ε’νε-

370 1812 647 1898 χθέντες
701 1808 777 1879 δὲ
833 1814 946 1878 διὰ
1001 1813 1273 1895 Μηδίας
1329 1810 1443 1878 καὶ
1497 1817 2012 1899 Παραιτακηνῆς
2066 1813 2303 1899 ἐμβάλ-

371 1923 609 1985 λουσιν
655 1921 751 1996 εἰς
794 1919 918 2002 τὴν
963 1921 1523 2003 Μεσοποταμίαν,
1583 1919 1671 2003 ἣν
1717 1919 2301 2003 ἀπολαμβάνοντες
2330 1935 2382 1975 15

371 2028 467 2103 εἰς
521 2024 728 2111 μέσον
784 2030 986 2091 αἴτιοι
1039 2023 1451 2109 κατέστησαν
1504 2034 1586 2112 τῇ
1639 2026 1824 2114 χώρα
1886 2026 2129 2109 ταύτης
2187 2033 2304 2108 τῆς

372 2136 848 2220 προσηγορίας·
896 2133 1058 2218 μετὰ
1105 2129 1179 2198 δὲ
1222 2141 1432 2199 ταῦτα
1476 2133 1601 2216 τὴν
1637 2137 2083 2217 Βαβυλωνίαν
2130 2134 2303 2197 διελ-

371 2241 616 2316 θόντες
681 2240 776 2316 είς
837 2239 962 2321 τὴν
1017 2235 1360 2325 Ἐρυθρὰν
1427 2237 1883 2325 ἐξερεύγονται
1940 2237 2302 2303 θάλατταν.

304 2367 337 2417 3
374 2347 651 2431 μεγάλοι
697 2342 759 2411 δ’
805 2348 993 2422 ὄντες
1028 2343 1140 2412 καὶ
1185 2346 1442 2430 συχνὴν
1477 2345 1704 2430 χώραν
1751 2346 2305 2430 διαπορευόμενοι

373 2454 623 2528 πολλὰς
667 2450 974 2536 ἀφορμὰς
1026 2447 1426 2535 παρέχονται
1480 2460 1622 2526 τοῖς
1677 2450 1998 2536 ἐμπορικῇ
2053 2449 2304 2537 χρωμέ-
2331 2468 2388 2508 20

373 2580 518 2633 νοις
572 2556 872 2642 ἐργασίᾳ·
940 2557 1046 2620 διὸ
1109 2552 1223 2619 καὶ
1288 2556 1641 2640 συμβαίνει
1703 2558 1862 2631 τοὺς
1925 2576 2305 2639 παραποτα-

375 2664 570 2746 μίους
635 2663 881 2738 τόπους
943 2662 1216 2747 πλήρεις
1289 2659 1613 2745 ὑπάρχειν
1678 2658 2013 2745 ἐμπορίων
2080 2660 2304 2726 εὐδαι-

377 2769 603 2853 μόνων
661 2764 773 2831 καὶ
835 2765 1087 2851 μεγάλα
1150 2764 1717 2851 συμβαλλομένων
1780 2767 1946 2851 πρὸς
2008 2767 2134 2850 τὴν
2190 2777 2307 2851 τῆς

306 2895 342 2944 4
378 2874 814 2956 Βαβυλωνίας
878 2871 1292 2957 ἐπιφάνειαν.
1384 2872 1425 2955 ἡ
1483 2869 1557 2938 δὲ
1611 2875 1981 2960 Σεμίραμις
2040 2872 2113 2939 ἐκ
2168 2885 2304 2939 τῶν

365 2975 732 3066 Ἀρμενίων
788 2979 968 3066 ὀρῶν
1021 2981 1224 3044 λίθον
1279 2980 1464 3063 ἔτεμε
1517 2980 1594 3044 τὸ
1655 2975 1777 3063 μὲν
1822 2987 2030 3064 μῆκος
2074 2982 2304 3046 ποδῶν
2331 2997 2388 3039 25

380 3088 613 3155 ἑκατὸν
658 3084 769 3153 καὶ
811 3086 1197 3173 τριάκοντα,
1253 3087 1330 3151 τὸ
1389 3080 1464 3150 δὲ
1506 3085 1752 3162 πλάτος
1796 3082 1908 3149 καὶ
1963 3087 2171 3173 πάχος
2215 3091 2304 3152 εἴ-

367 3354 375 3363 ·
489 3322 522 3371 8
560 3315 979 3383 παραετακίνης
1014 3313 1064 3366 D
1178 3319 1245 3368 13
1283 3313 1495 3382 χιλίους
1521 3312 1573 3367 Π
1683 3319 1752 3368 14
1788 3309 1928 3385 παρ’
1962 3314 2226 3382 ετακίνης
2252 3312 2302 3366 D

381 3393 446 3442 17
497 3384 825 3449 διελθόντες
871 3385 1179 3455 Gemistue,
1238 3382 1523 3447 διελόντες
1569 3383 1791 3440 codices
1934 3452 1949 3471 ἱ
1975 3391 2038 3438 19
2087 3382 2302 3508 χώρανέ

379 3455 608 3524 ἔχοντες
643 3457 743 3511 καὶ
779 3456 906 3512 add.
947 3456 1041 3512 OF
1222 3461 1292 3510 26
1331 3455 1430 3510 καὶ
1469 3470 1574 3509 om.
1614 3454 1710 3510 DF
1890 3474 1954 3509 το
1994 3459 2201 3517 πλατος
2236 3456 2272 3508 δ

373 3524 528 3591 vulg.
