2569 4061
411 159 588 217 XCIV
964 158 1330 216 ARGUMEN
1331 160 1489 217 TUM
1523 159 1663 218 LIB.
1700 160 1798 219 IV.

413 278 521 330 Gap.

415 346 503 397 58.
542 339 711 397 Victo
750 338 1063 407 Eurystheo
1114 336 1449 393 Heraclidae
1496 336 1637 392 duce
1684 336 1854 407 Hyllo
1893 338 2344 409 Peloponnesum

592 420 651 473 et
695 417 1057 486 Mycenarum
1101 432 1339 488 regnum
1387 431 1719 487 recuperare
1766 419 1986 488 parant.
2067 419 2236 488 Hyllo
2282 421 2343 475 in

595 497 868 569 singulari
905 498 1213 555 certamine
1252 513 1418 552 caeso
1447 496 1783 554 Heraclidae
1823 499 1896 553 ad
1933 497 2347 570 quinquaginta

592 595 770 635 annos
806 595 981 649 regno
1020 580 1079 633 et
1115 577 1507 647 Peloponneso
1559 578 1773 633 exclusi
1808 578 2048 634 redeunt
2083 579 2341 648 Tricory-

588 658 767 715 thum.
842 657 1204 729 Tlepolemus
1241 658 1483 727 occupat
1519 658 1799 714 Rhodum.

417 744 503 795 59.
543 738 749 795 Thesei
777 755 970 810 genus.
1012 737 1343 807 Coryneten‚
1366 735 1543 806 Sinin,
1574 754 1773 808 aprum
1792 737 2342 809 Crommyonensem‚

594 818 882 875 Scironem
896 860 912 888 ,
963 818 1332 885 Cercyonem,
1369 816 1702 873 Procrusten
1739 820 1983 889 superat.
2057 819 2342 876 Maratho-

589 899 748 954 nium
783 901 1008 953 taurum
1048 897 1258 953 domat.

412 986 499 1036 60.
536 979 758 1034 Fabula
804 977 874 1031 de
921 975 1276 1032 Minotauro..
1337 975 1536 1032 Cretae
1585 977 1826 1033 historia
1873 982 1932 1034 et
1977 995 2174 1049 regum
2213 977 2340 1034 Cre-

585 1057 831 1113 tensium
856 1072 1136 1112 recensus.
1183 1058 1514 1129 Androgeos
1543 1056 1752 1112 Minois
1780 1058 1931 1114 filius
1967 1077 2068 1128 per
2101 1057 2339 1116 insidias

593 1139 665 1194 ab
704 1140 895 1206 Aegeo
932 1136 1364 1194 Atheniensium
1400 1154 1533 1209 rege
1568 1139 1956 1209 interemptus.

408 1223 493 1274 61.
533 1218 731 1272 Attica
775 1235 810 1272 a
854 1215 1043 1271 Minoe
1096 1217 1248 1272 bello
1301 1220 1357 1273 et
1399 1217 1551 1273 fame
1607 1234 1819 1288 pressa.
1905 1217 2145 1274 Oraculo
2197 1216 2340 1273 iussi

587 1297 958 1354 Athenienses
1006 1313 1247 1367 poenam
1294 1297 1434 1354 dant
1481 1301 1699 1368 septem
1755 1315 1959 1368 pueros
2005 1297 2342 1369 puellasque

569 1378 906 1434 -Minotauro
952 1376 1324 1446 proiciendos.
1401 1379 1653 1435 Theseus
1690 1378 1975 1434 Ariadnae
2012 1395 2117 1448 ope
2155 1376 2338 1432 Mino-

584 1461 812 1513 taurum
860 1456 1084 1514 oecidit.
1168 1458 1417 1514 Ariadne
1476 1458 1536 1515 in
1591 1459 1780 1514 insula
1823 1460 1984 1515 Naxo
2035 1473 2071 1512 a
2117 1458 2337 1513 Baccho

583 1540 764 1610 rapta.
829 1539 1053 1610 Aegeus
1092 1536 1269 1610 nigris
1307 1538 1451 1595 velis
1488 1539 1759 1610 deceptus
1788 1539 1968 1596 vitam
2005 1538 2144 1594 finit.
2204 1539 2338 1593 Suc·

585 1621 789 1676 cedens
824 1618 1073 1674 Theseus
1110 1618 1334 1710 legibus
1374 1620 1432 1672 et
1466 1618 1747 1675 institutis
1784 1620 2026 1689 patriam
2066 1621 2255 1708 auget.

405 1704 491 1757 62.
531 1699 787 1755 Phaedra
822 1697 1028 1753 Thesei
1074 1698 1278 1751 coniux
1321 1697 1695 1766 Hippolytum
1745 1699 2070 1768 privignum
2114 1697 2336 1765 impuro

584 1794 773 1833 amore
800 1776 1173 1846 prosequitur.
1230 1776 1538 1845 Utriusque
1564 1776 1842 1831 interitus.
1901 1777 2151 1830 Theseus
2190 1775 2335 1832 exul.

405 1865 491 1916 63.
530 1857 781 1913 Theseus
838 1858 896 1911 et
948 1854 1235 1910 Pirithous
1292 1854 1523 1923 rapiunt
1565 1856 1860 1909 Helenam.
1942 1853 2338 1924 Proserpinam

582 1936 802 2007 rapturi
839 1934 1188 1990 descendunt
1224 1933 1300 1988 ad
1335 1933 1560 1990 inferos.

404 2024 490 2075 64.
533 2017 762 2089 Septem
817 2016 889 2072 ad
935 2014 1178 2071 Thebas.
1249 2014 1424 2070 Laius
1470 2015 1792 2072 Thebarum
1848 2032 1948 2072 rex
1992 2016 2052 2070 et
2096 2016 2332 2072 Iocasta.

585 2097 833 2169 Oedipus
870 2097 1080 2153 inscius
1106 2099 1332 2167 patrem
1369 2095 1581 2151 occidit
1617 2098 1676 2151 et
1713 2096 2038 2168 aenigmate
2066 2095 2337 2168 Sphingis

585 2178 772 2234 soluto
809 2180 1050 2233 matrem
1085 2194 1318 2234 uxorem
1357 2175 1527 2232 ducit.

403 2262 488 2312 65.
530 2255 753 2312 Scelere
792 2257 1018 2313 detecto
1057 2260 1117 2312 et
1154 2256 1374 2325 Oedipo
1409 2254 1628 2311 incluso
1664 2255 1769 2310 filii
1806 2272 1980 2328 regno
2020 2257 2332 2326 potiuntur.

578 2335 876 2404 Polynices
913 2353 949 2390 a
984 2336 1160 2390 fratre
1195 2352 1372 2405 regno
1423 2335 1619 2404 pulsus
1655 2336 1727 2388 ab
1766 2335 2010 2391 Adrasto
2058 2336 2333 2391 auxilium

578 2415 865 2485 impetrat.
932 2415 1162 2483 Septem
1197 2415 1368 2469 duces
1409 2413 1620 2468 Thebis
1658 2412 1872 2467 bellum
1906 2414 2172 2470 inferunt.
2231 2415 2333 2470 Ca·

582 2495 723 2550 dunt
761 2511 952 2550 omnes
990 2496 1214 2564 praeter
1249 2494 1572 2549 Adrastum.

398 2581 486 2633 66.
527 2575 756 2645 Septem
793 2575 998 2629 ducum
1027 2573 1131 2628 filii
1158 2573 1405 2645 Epigoni
1433 2571 1572 2628 dicti
1597 2570 1812 2627 bellum
1841 2575 2133 2631 renovant.
2182 2576 2330 2632 The-

582 2654 716 2710 bani
744 2653 884 2710 victi
919 2652 981 2707 in
1007 2670 1206 2723 agrum
1233 2653 1660 2723 Tilphossaeum
1688 2652 1950 2723 migrant.
2000 2653 2228 2710 Thebae
2256 2657 2330 2710 ab

577 2733 851 2804 Epigonis
890 2734 1105 2802 captae.
1162 2732 1401 2802 Daphne
1428 2732 1676 2790 Tiresiae
1711 2732 1830 2788 filia
1866 2731 2119 2804 Delphos
2156 2735 2334 2791 missa

579 2812 763 2870 evasit
800 2811 1033 2880 Sibylla.

399 2901 486 2953 67.
523 2892 783 2950 Thebani
829 2891 1033 2947 deinde
1080 2891 1180 2948 alii
1227 2893 1585 2950 Doriensium
1639 2896 1819 2949 terras
1870 2897 2170 2963 occupant,
2228 2893 2330 2949 alii

576 2973 817 3029 redeunt
861 2971 1101 3028 Thebas.
1148 3005 1221 3014 —
1267 2974 1509 3030 Aeolum
1561 2975 1620 3029 et
1667 2973 2007 3030 Boeotorum
2063 2972 2327 3044 origines.

575 3051 776 3109 Boeoti
810 3052 999 3123 pr'oles
1034 3071 1213 3124 usque
1250 3054 1327 3110 ad
1360 3055 1574 3110 bellum
1611 3054 1932 3109 Troianum.

400 3141 486 3193 68.
523 3133 691 3191 Aeoli
717 3134 1018 3204 progenies
1040 3133 1371 3189 Salmoneus
1400 3138 1460 3190 et
1478 3135 1653 3203 Tyroz
1679 3133 1881 3188 horum
1908 3130 2121 3201 posteri
2149 3149 2328 3202 usque

577 3216 651 3271 ad
687 3215 985 3270 Nestorem
1022 3215 1081 3270 et
1116 3212 1331 3270 bellum
1367 3213 1687 3269 T10ianum.

400 3300 486 3352 69.
526 3293 901 3365 Lapitharum
928 3311 1125 3366 genus,
1163 3309 1232 3349 ex
1261 3311 1374 3364 quo
1416 3296 1570 3351 ortus
1598 3293 1759 3347 Ixion
1787 3291 1973 3363 gignit
2000 3292 2323 3350 Centauros.

400 3377 484 3427 70.
525 3372 933 3430 Centaurorum
970 3375 1182 3430 bellum
1223 3374 1494 3431 adversus
1529 3372 1807 3444 Lapithas
1849 3373 2160 3443 horumque
2197 3374 2326 3429 reli-

579 3468 757 3517 qulae.
