2569 4061
935 415 961 469 1
999 422 1085 471 47.
1124 422 1210 472 48.
1947 421 2032 486 83

100 600 219 654 τας
264 578 467 642 λίθου
513 576 797 662 μέλανος
842 588 963 643 τοῦ
1007 579 1384 663 Συηνίτου,
1443 580 1554 647 καὶ
1608 582 1866 649 τούτων
1911 582 2032 649 ἕνα

102 680 226 767 μὲν
261 688 647 769 καθήμενον
682 684 1007 770 ὑπάρχειν
1044 683 1359 770 μέγιστον
1395 686 1665 754 πάντων
1700 701 1836 756 τῶν
1879 685 2025 756 κατ’

99 796 476 875 Αἴγυπτον,
538 785 622 856 οὗ
681 792 800 857 τὸν
853 794 1029 857 πόδα
1079 793 1536 878 μετρούμενον
1591 793 2028 879 ὑπερβάλλειν

0 919 57 969 57
96 900 258 974 τοὺς
302 895 459 963 ἑπτα
503 900 755 982 πήχεις,
800 896 1067 983 ἑτέρους
1104 895 1178 964 δὲ
1218 899 1345 963 δύο
1383 899 1550 984 πρὸς
1584 909 1725 975 τοῖς
1768 904 2026 985 γόνασι,

41 1022 69 1063 5
97 1005 219 1069 τὸν
263 1002 384 1089 μὲν
428 1004 501 1071 ἐκ
548 1003 806 1088 δεξιῶν,
853 1007 972 1070 τὸν
1018 1001 1094 1069 δὲ
1138 1003 1207 1082 ἐξ
1254 1004 1645 1089 εὐωνύμων,
1689 1008 2028 1091 θυγατρὸς

96 1108 208 1175 καὶ
261 1114 538 1197 μητρός,
596 1119 690 1200 τῷ
743 1109 1014 1195 μεγέθει
1068 1110 1504 1195 λειπομένους
1548 1117 1671 1177 τοῦ
1716 1130 2027 1198 προειρη-

96 1216 321 1301 μένου.
400 1220 478 1283 τὸ
525 1212 588 1281 δ’
640 1219 841 1304 ἔργον
886 1225 1084 1283 τοῦτο
1130 1218 1219 1301 μὴ
1265 1220 1480 1301 μόνον
1525 1212 1700 1285 εἶναι
1745 1220 1914 1285 κατὰ
1949 1221 2023 1285 τὸ
2061 1227 2095 1273 4

95 1321 384 1407 μέγεθος
434 1317 770 1408 ἀποδοχῆς
824 1324 1043 1406 ἄξιον,
1098 1322 1264 1387 ἀλλὰ
1319 1322 1431 1390 καὶ
1482 1334 1563 1410 τῇ
1609 1326 1807 1411 τέχνῃ
1852 1331 2025 1391 θαυ-

94 1433 349 1513 μαστὸν
384 1428 496 1495 καὶ
531 1439 611 1515 τῇ
647 1439 771 1495 τοῦ
807 1432 1011 1494 λίθου
1050 1429 1249 1513 φύσει
1291 1430 1637 1517 διαφέρον,
1678 1433 1771 1509 ὡς
1815 1431 1902 1498 ἂν
1948 1432 2023 1499 έν

13 1556 66 1595 10
92 1537 461 1623 τηλικούτῳ
492 1533 761 1619 μεγέθει
789 1537 949 1619 μήτε
987 1535 1362 1617 διαφυάδος
1397 1539 1557 1620 μήτε
1592 1540 1864 1621 κηλῖδος
1900 1563 2020 1624 μη-

95 1644 327 1726 δεμιᾶς
389 1638 882 1723 θεωρουμένης.
974 1638 1462 1725 ἐπιγεγράφθαι
1527 1636 1588 1705 δ’
1649 1642 1749 1707 ἐπ’
1812 1646 2020 1709 αὐτοῦ

97 1749 473 1833 ,,Βασιλεὺς
507 1741 837 1827 βασιλέων
868 1740 1324 1829 Ὀσυμανδύας
1360 1748 1510 1829 εἰμί
1584 1748 1648 1811 εἰ
1690 1745 1770 1811 δέ
1797 1769 1899 1823 τις
1932 1752 2021 1813 εὖ-

98 1851 288 1917 δέναι
326 1850 637 1935 βούλεται
670 1853 947 1935 πηλίκος
980 1848 1116 1937 εἰμὶ
1158 1850 1272 1917 καὶ
1315 1860 1453 1917 ποῦ
1489 1861 1732 1936 κεῖμαι,
1776 1855 2020 1919 νικάτω

90 1982 158 2024 τι
194 1970 332 2024 τῶν
367 1958 545 2045 ἐμῶν
578 1958 856 2047 ἔργων.“
928 1954 1102 2025 εἶναι
1138 1956 1213 2028 δὲ
1248 1956 1361 2025 καὶ
1396 1960 1612 2044 ἄλλην
1645 1959 1872 2024 εἰκόνα
1905 1968 2022 2044 τῆς
2055 1968 2087 2016 ὅ

6 2087 61 2127 15
89 2068 337 2153 μητρὸς
383 2067 591 2133 αὐτοῦ
634 2061 793 2134 καθ’
835 2067 1050 2150 αὑτὴν
1093 2079 1326 2152 πηχῶν
1372 2074 1584 2133 εἴκοσι
1620 2069 2018 2153 μονόλιθον,

89 2178 378 2260 ἔχουσαν
416 2170 490 2239 δὲ
524 2185 701 2259 τρεῖς
736 2177 1082 2258 βασιλείας·
1112 2172 1218 2239 ἐπὶ
1254 2183 1374 2257 τῆς
1405 2180 1722 2260 κεφαλῆς,
1761 2174 1840 2252 ἃς
1875 2177 2018 2240 διαὸ

90 2284 438 2366 σημαίνειν
487 2281 589 2346 ὅτι
634 2278 744 2346 καὶ
779 2281 1089 2365 θυγάτηρ
1134 2278 1246 2346 καὶ
1281 2281 1455 2363 γυνὴ
1501 2279 1613 2346 καὶ
1650 2284 1863 2368 μήτηρ
1900 2285 2017 2365 βα-

90 2387 324 2466 σιλέως
384 2386 650 2474 ὑπῆρξε.
742 2388 903 2471 μετὰ
968 2383 1045 2452 δὲ
1107 2388 1228 2452 τὸν
1284 2391 1563 2452 πυλῶνα
1614 2389 2017 2474 περίστυλον
2053 2413 2083 2460 6

89 2490 262 2560 εἶναι
316 2504 441 2561 τοῦ
494 2491 825 2580 προτέρου
876 2492 1432 2580 ἀξιολογώτερον,
1499 2493 1573 2559 έν
1637 2485 1692 2582 ᾧ
1754 2497 2016 2582 γλυφὰς

6 2618 63 2658 20
91 2601 410 2687 ὑπάρχειν
462 2604 782 2678 παντοίας
836 2602 1172 2685 δηλούσας
1222 2603 1342 2666 τὸν
1395 2603 1690 2686 πόλεμον
1742 2604 1862 2668 τὸν
1906 2627 2013 2687 γε·

87 2709 373 2791 νόμενον
411 2708 589 2796 αὐτῷ
626 2708 792 2793 πρὸς
826 2711 986 2784 τοὺς
1031 2707 1104 2773 ἐν
1148 2717 1288 2785 τοῖς
1324 2707 1650 2794 Βάκτροις
1686 2707 2010 2776 ἀποστάν-

84 2834 226 2890 τας·
275 2813 381 2898 ἐφ’
434 2814 553 2892 οὓς
598 2813 1078 2900 ἐστρατεῦσθαι
1122 2817 1335 2893 πεζῶν
1373 2811 1495 2898 μὲν
1530 2817 2011 2903 τετταράκοντα

84 2921 435 3007 μυριάσιν,
485 2921 752 2986 ἱππεῦσι
799 2915 873 2984 δὲ
921 2921 1330 3007 δισμυρίοις,
1385 2922 1480 2997 εἰς
1523 2919 1798 3007 τέτταρα
1843 2921 2008 3009 μέρη

84 3025 492 3112 διῃρημένης
533 3035 652 3110 τῆς
694 3027 911 3110 πάσης
956 3036 1284 3112 στρατιᾶς,
1332 3021 1428 3092 ὧν
1466 3026 1778 3093 ἁπάντων
1817 3027 2011 3105 υἱοὺς

0 3149 54 3190 25
81 3142 205 3198 τοῦ
260 3130 583 3211 βασιλέως
635 3131 981 3217 ἐσχηκέναι
1032 3133 1157 3216 τὴν
1209 3131 1589 3216 ἡγεμονίαν.
1680 3131 1790 3199 καὶ
1843 3134 2008 3196 κατὰ
2029 3133 2113 3196 48

82 3236 206 3324 μὲν
243 3241 363 3304 τὸν
399 3249 665 3325 πρῶτον
702 3248 837 3304 τῶν
872 3241 1115 3323 τοίχων
1151 3240 1272 3304 τὸν
1303 3237 1581 3322 βασιλέα
1616 3235 2008 3304 κατεσκευά-

82 3351 250 3411 σθαι
289 3351 782 3431 πολιορκοῦντα
825 3355 1040 3430 τεῖχος
1082 3345 1213 3410 ὑπὸ
1258 3353 1561 3429 ποταμοῦ
1606 3346 2009 3430 περίρρυτον

79 3450 195 3517 καὶ
257 3453 872 3536 προκινδυνεύοντα
918 3454 1101 3539 ,πρός
1161 3474 1349 3527 τινας
1419 3443 2010 3530 ἀντιτεταγμένους

232 3615 259 3662 1
301 3606 543 3678 μέλανος
576 3607 849 3678 ΗοτίῑΙοὶιι,
888 3606 1195 3677 Μέμνονος
1230 3605 1366 3660 libri
1468 3609 1533 3657 12
1573 3597 1922 3671 ὃσυμανδίας
1958 3600 2008 3652 D

82 3683 151 3733 15
182 3681 364 3735 εἴκοσι
401 3679 596 3749 πηχῶν
632 3679 787 3751 vulg.
916 3683 981 3732 21
1027 3670 1303 3749 βακτῶοις
1339 3675 1389 3726 D
1533 3666 1864 3806 246ιξὶπάσης
1900 3668 2008 3720 CF.
