2569 4061
1 1881 4 1992 1

826 390 925 446 DE
962 388 1448 450 EDITIONIBUS.
1943 392 2101 449 XXV

166 559 368 620 editio
425 558 675 621 Diodori
738 560 1119 621 emitteretur
1171 560 1367 621 forma
1426 559 1620 621 habili
1675 564 1740 622 et
1791 561 1870 621 ad
1933 579 2110 621 usum

170 656 485 734 expedita,
550 659 830 733 textuum
885 657 1080 718 nitida
1144 657 1543 735 descriptione
1597 658 2109 735 commendabilia,

171 752 657 815 annotationum
683 755 843 814 mole
878 773 1000 815 non
1050 757 1288 833 onusta,
1332 754 1691 832 omninoque
1727 756 1839 816 tali
1875 756 2110 834 habitu,

170 870 365 929 quam
408 852 472 912 et
514 871 715 913 emere
759 853 1037 927 valerent
1077 870 1200 913 non
1233 851 1414 912 nimis
1452 852 1686 912 numati
1721 871 1831 913 nec
1868 871 2111 930 respue-

167 951 321 1010 rent
363 949 611 1027 copiosi,
666 952 731 1009 et
770 952 1035 1011 tractare
1088 950 1320 1011 vellent
1372 948 1463 1024 hi,
1520 949 1626 1025 qui
1678 963 1901 1026 magna
1943 951 2111 1011 volu-

168 1047 347 1106 mina
398 1048 915 1121 exhorrescentes,
978 1045 1144 1123 ipsos
1201 1047 1517 1108 dumtaxat
1579 1047 1929 1126 scriptores,
1990 1066 2112 1107 nen

170 1162 391 1204 eorum
417 1147 776 1221 quaererent
803 1147 1199 1205 enarratores,
1238 1145 1502 1205 Proinde
1528 1142 1683 1204 nihil
1717 1144 1850 1221 ipse
1892 1144 2111 1204 addere

122 1231 129 1237 ’
170 1242 577 1303 constituerat
647 1244 889 1319 praeter
960 1243 1300 1303 notationes
1373 1246 1715 1319 temporum
1780 1244 1843 1301 et
1904 1241 2115 1302 brevia

171 1341 558 1415 argumenta.
624 1338 993 1416 Wesselingi
1028 1342 1222 1416 notas,
1267 1341 1563 1400 incertum
1608 1341 1760 1413 erat,
1804 1357 1885 1399 an
1928 1333 2115 1399 libra-

169 1438 309 1498 rius
357 1437 610 1498 subinde
653 1457 762 1514 per
807 1438 996 1498 alium
1039 1437 1237 1499 virum
1296 1438 1538 1497 doctum
1563 1439 1904 1498 'curaturus
1950 1439 2116 1497 esset

172 1537 478 1613 singulari
502 1590 507 1595 ,
529 1534 834 1596 volumine
896 1533 1253 1595 adiciendae.
1348 1533 1724 1611 Quamquam
1777 1534 1917 1593 huic
1971 1550 2113 1593 con-

171 1634 316 1693 silio
352 1632 602 1697 minime
653 1631 1091 1692 adversabatur
1125 1630 1400 1704 Wolfius,
1445 1633 1607 1691 recte
1646 1630 1919 1692 iudicans
1956 1649 2113 1691 com·

170 1727 500 1789 mentariis
562 1727 936 1803 huiusmodi,
999 1727 1103 1802 qui
1157 1727 1282 1786 rari
1346 1727 1574 1802 essent,
1638 1728 1831 1788 denuo
1887 1730 1951 1788 et
2001 1727 2116 1789 vili

167 1825 382 1902 pretio
436 1820 790 1882 recudendis
845 1839 1129 1898 magnam
1172 1840 1211 1881 a
1253 1823 1464 1882 multis
1520 1823 1782 1899 gratiam
1836 1824 1979 1882 iniri
2034 1825 2112 1883 si-

170 1923 431 1998 mulque
475 1919 675 1996 ipsum
721 1918 997 1979 adiuvari
1041 1918 1277 1980 doctius
1326 1919 1593 1980 studium
1638 1914 2061 1995 antiquitatis?

360 2017 652 2078 Ludovici
688 2016 1007 2078 Dindorf
1044 2036 1263 2079 nomen
1297 2037 1448 2096 prae
1485 2035 1551 2079 se
1586 2017 1794 2078 ferunt
1829 2018 2117 2094 quattuor

175 2116 433 2177 Diodori
489 2115 782 2176 editiones
839 2108 1266 2198 (praeterimus
1325 2116 1486 2177 enim
1540 2116 1835 2178 editiones
1882 2115 2115 2175 Tauch-

175 2206 531 2293 nitzianas):
594 2213 928 2290 Lipsiensis
984 2214 1127 2273 anni
1175 2215 1346 2274 1826
1410 2205 1481 2294 (4
1527 2216 1644 2274 vol.
1702 2212 1865 2289 apud
1909 2212 2114 2272 Weid-

180 2330 367 2372 mann
429 2313 495 2370 in
554 2302 723 2391 12⁰),
784 2311 1114 2386 Lipsiensis
1166 2311 1605 2371 1828—1831
1666 2301 1737 2390 (5
1784 2309 1901 2370 vol.
1958 2309 2118 2384 apud

178 2408 526 2469 Hartmann
559 2407 625 2467 in
663 2399 760 2488 8⁰)
808 2408 1119 2469 continens
1148 2406 1517 2483 Wesselingi
1553 2409 1728 2466 notas
1768 2407 1832 2465 et
1866 2422 2118 2482 appara-

180 2509 318 2565 tum
353 2506 644 2583 criticum,
690 2504 967 2565 Parisina
999 2506 1443 2566 1842—1844
1482 2499 1550 2584 (2
1580 2504 1695 2565 vol.
1734 2504 1897 2582 apud
1932 2503 2119 2564 Didot

179 2603 245 2663 in
297 2594 392 2683 8⁰)
439 2602 668 2663 Graece
722 2604 785 2663 et
841 2602 1085 2677 Latine,
1149 2602 1483 2680 Lipsiensis
1542 2603 1985 2663 1866—1868
2045 2597 2115 2683 (5

180 2701 301 2761 vol.
356 2701 516 2777 apud
572 2692 898 2780 Teubner).
1005 2698 1237 2770 Quibus
1303 2698 1669 2760 editionibus
1736 2699 1812 2759 ad
1865 2699 2117 2760 Diodori

181 2798 375 2858 libros
429 2797 814 2874 castigandos
860 2797 1230 2874 permultum
1286 2797 1542 2858 contulit
1601 2816 1738 2857 oum
1790 2796 2116 2873 ingeniosis

182 2895 547 2957 coniecturis
600 2897 734 2954 tum
788 2912 860 2954 ea
903 2912 995 2968 re,
1052 2892 1211 2969 quod
1264 2893 1497 2970 primus
1560 2894 1774 2970 quanti
1831 2893 2017 2954 codex
2060 2894 2116 2952 D

185 2994 269 3052 sit
313 2989 614 3052 intellexit
658 2991 906 3068 eiusque
951 2990 1240 3051 lectiones
1301 2991 1587 3051 sescentis
1634 2991 1782 3051 locis
1826 2990 2116 3052 restituit.

188 3088 428 3166 Optime
475 3090 677 3148 autem
714 3088 966 3147 meritus
1003 3090 1099 3146 est
1145 3087 1218 3145 de
1270 3087 1628 3165 fragmentis
1667 3087 2019 3165 colligendis
2056 3093 2121 3148 et

186 3185 592 3262 disponendis,
681 3184 772 3243 At
815 3184 880 3243 in
924 3185 1158 3245 codices
1202 3185 1368 3261 ipsos
1413 3202 1534 3245 non
1581 3184 1913 3262 descendit3
1976 3203 2117 3245 nam

185 3282 376 3343 verba
421 3281 551 3341 eius
594 3281 660 3341 in
704 3279 900 3356 prima
942 3282 1167 3359 pagina
1213 3281 1492 3342 editionis
1532 3301 1585 3342 a.
1625 3283 1832 3342 1866:
1878 3275 2120 3340 ‘codicis

186 3377 561 3441 Monacensis
617 3377 692 3438 de
755 3376 977 3455 legatis
1039 3378 1203 3439 tituli
1258 3396 1319 3439 n.
1369 3381 1495 3441 267
1562 3377 1834 3438 nonnihil
1894 3375 2124 3451 profuit

189 3476 526 3537 accuratior
577 3475 655 3535 ab
686 3473 808 3535 'me
878 3475 1010 3554 ipso
1064 3474 1349 3535 instituta
1412 3465 1804 3553 comparatio'
1869 3468 2124 3527 ridicula

188 3593 313 3635 non
355 3572 553 3634 videri
583 3590 702 3634 non
739 3575 995 3649 possunt
1040 3572 1471 3649 reputantibus
1516 3574 1581 3630 in
1625 3569 1734 3627 illo
1781 3563 1979 3622 codice
2022 3564 2121 3623 vix

195 3671 458 3734 ducenta
485 3668 672 3732 verba
698 3669 949 3729 Diodori
994 3660 1238 3750 (fragm.
1266 3667 1464 3725 XXXI
1494 3667 1599 3736 15,
1620 3648 1824 3733 2—3)
1853 3655 2125 3713 inveniri·
