2569 4061
405 176 643 247 xxxlv
1140 170 1570 247 PRAEFArio.

409 378 656 420 versum
709 358 870 435 apud
925 357 1294 437 Oenomaum
1340 358 1589 419 Eusebii
1611 398 1617 403 -
1640 358 1851 434 Praep.
1894 358 1932 418 5
1980 377 2040 434 p.
2079 359 2203 417 231
2253 356 2337 416 D:

408 454 524 528 Εἰς
568 455 799 536 πάτρην
844 456 1122 537 φυγάδας
1157 454 1431 538 κατάγων
1467 454 1793 534 Δήμητραν
1830 451 2105 532 ἀμήσεις,
2151 474 2338 532 quum

406 554 472 613 in
528 553 720 615 altero
774 551 1065 616 facillima
1119 556 1200 616 sit
1252 554 1543 616 eorrectio
1597 545 1863 632 Δήμητρ’
1930 548 2165 613 ὁππότε.
2255 552 2337 611 Et

406 650 671 711 vicissim
717 650 938 728 ubique
981 653 1149 730 Κῶν,
1194 652 1357 728 quod
1401 655 1495 715 est
1537 652 1603 711 in
1647 650 1923 712 omnibus
1976 654 2076 730 19,
2126 653 2228 730 68,
2277 653 2337 729 4,

409 748 556 808 alibi
581 749 688 809 Κῶ
726 750 1144 811 exhibentibus
1180 750 1292 811 aut
1325 749 1487 808 inter
1513 749 1624 809 hoo
1661 752 1725 809 et
1759 747 2339 826 illudvariantibuS,

407 849 479 905 ut
525 847 722 908 solent
766 847 1001 908 librarii
1034 870 1082 911 ,ν
1127 849 1192 908 in
1234 846 1582 908 huiusmodi
1627 847 1986 908 accusativis
2032 845 2339 908 interdum

407 944 745 1022 neglegere,
800 949 871 1005 ut
923 946 1196 1024 plerique
1256 947 1322 1005 in
1365 940 1503 1005 Κέω
1558 948 1626 1023 4,
1675 947 1787 1022 82,
1838 947 1903 1023 1,
1957 945 2230 1005 nonnulli
2272 945 2338 1004 in

406 1039 582 1101 ἵλεων
639 1033 750 1120 (D,
798 1036 1024 1104 Ἰόλαον
1072 1036 1164 1123 II)
1213 1046 1281 1119 4,
1330 1044 1445 1118 24,
1490 1044 1560 1120 4,
1623 1037 1944 1119 Πηνέλεων
1991 1044 2060 1117 4,
2110 1046 2222 1121 67,
2270 1045 2337 1119 7,

407 1138 740 1220 χρυσόκερω
786 1140 841 1199 D
881 1143 940 1217 4,
983 1144 1084 1215 13,
1126 1145 1194 1215 1,
1244 1138 1564 1218 Τύνδαρεω
1613 1142 1672 1218 4,
1712 1142 1815 1219 33,
1855 1142 1913 1217 5,
1960 1139 2068 1200 sed
2110 1140 2337 1201 ibidem

413 1235 771 1316 Τυνδάρεων
815 1237 891 1297 D.
934 1269 1010 1280 —
1063 1239 1391 1300 Nominum
1448 1257 1592 1301 vero
1646 1239 1713 1298 in
1764 1260 1838 1315 ης
1894 1239 2113 1299 tertiae
2158 1238 2338 1299 deeli-

406 1334 671 1395 nationis
717 1336 1090 1397 accusativos
1137 1339 1253 1397 etsi
1291 1340 1537 1413 excepto
1576 1331 1878 1413 Εὐμένης,
1924 1336 2092 1396 ouius
2130 1355 2334 1396 acoen-

407 1435 509 1491 tus
555 1432 825 1494 novicius
872 1431 1176 1513 Εὗμενής,
1223 1435 1297 1495 de
1341 1454 1460 1511 quo
1507 1433 1631 1493 dixi
1677 1434 1755 1494 ad
1802 1434 1978 1497 Thes,
2029 1433 2338 1511 Stephani,

410 1530 753 1591 excluderet
824 1554 862 1591 ν
879 1578 895 1610 ,
969 1533 1095 1593 fere
1169 1534 1234 1592 in
1306 1551 1386 1608 ην
1458 1531 1788 1592 terminant
1857 1532 2000 1592 libri
2070 1531 2337 1605 Diodori,

408 1627 569 1687 haud
625 1646 819 1705 pauca
874 1632 1082 1691 tamen
1140 1630 1395 1691 alterius
1453 1628 1684 1689 formae
1745 1631 2020 1706 exempla
2067 1629 2132 1688 in
2195 1647 2339 1689 non-

405 1727 592 1788 nullis
659 1730 820 1787 oerte
884 1732 1028 1789 sunt
1093 1727 1433 1788 nominibus
1497 1726 1733 1803 relicta,
1801 1729 1872 1785 ut
1934 1723 2211 1804 Διομήδη
2273 1726 2341 1785 in

407 1824 685 1883 omnibus
730 1825 976 1899 praeter
1011 1823 1066 1882 D
1115 1827 1175 1901 4,
1226 1824 1328 1900 15,
1368 1825 1435 1898 3,
1464 1815 1616 1900 ’Ἇρη
1662 1823 1727 1880 in
1772 1840 1891 1881 uno
1931 1821 1977 1881 C
2028 1823 2085 1897 5,
2126 1824 2227 1899 74,
2265 1826 2339 1901 4,

406 1918 730 1999 Πολυχάρη
771 1924 827 1995 8,
867 1923 928 2000 5,
976 1924 1176 1998 1-6,
1222 1915 1590 1996 Δημοσθένη
1640 1908 1742 1995 1'2,
1785 1921 1887 1997 60,
1928 1922 1991 1996 1,
2039 1916 2339 2010 Παμμένη
2458 1939 2464 1944 ·

410 2019 512 2095 16,
552 2019 654 2095 34,
695 2020 760 2097 2,
810 2011 1110 2101 Ἀντνγένη
1151 2020 1253 2092 19,
1305 2021 1405 2093 17,
1453 2018 1512 2092 4,
1556 2020 1628 2078 ut
1671 2018 1942 2096 plerique
1994 2020 2094 2098 19,
2146 2021 2225 2079 12
2276 2023 2342 2080 et

334 2189 346 2210 l
411 2118 522 2194 13,
569 2111 905 2197 Ξενοπείθη
956 2122 1057 2194 19,
1109 2121 1210 2193 16,
1260 2121 1327 2196 1,
1374 2111 1753 2198 Ἀριστομένη
1805 2119 1907 2194 28,
1960 2119 2070 2195 14,
2117 2118 2338 2193 quibus

407 2213 700 2275 accedunt
762 2219 1003 2277 servata
1072 2216 1137 2276 in
1197 2217 1503 2275 nonnullis
1560 2208 1928 2293 Ἑρμοκράτη
1988 2216 2069 2274 13
2085 2262 2100 2293 ,
2148 2218 2188 2274 4
2203 2260 2218 2288 ,
2269 2218 2336 2293 1,

399 2303 715 2388 Ἐχεκρᾶτη
759 2315 858 2390 16,
900 2315 1000 2386 26,
1044 2315 1108 2388 6,
1155 2309 1490 2390 Λεωσθένη
1532 2315 1633 2387 17,
1676 2315 1821 2386 111,
1863 2314 1930 2389 3,
1971 2306 2335 2391 Ἀριστοτέλη

411 2408 513 2480 19,
562 2408 665 2483 68,
713 2409 773 2486 3,
819 2412 883 2468 et
937 2427 1092 2486 quae
1140 2408 1449 2470 Gemistus
1494 2409 1747 2485 praebet
1792 2406 2157 2489 Λεωσθένη,
2202 2415 2337 2471 Λα-

400 2503 621 2583 omnim,
667 2503 1070 2584 Εὐθυκράτη,
1115 2503 1443 2585 Λασθένη,
1494 2506 1603 2566 ubi
1644 2505 1789 2565 libri
1832 2506 2083 2568 Diodori
2130 2528 2339 2570 omnes

405 2623 531 2678 -ην.
623 2600 815 2663 Credo
859 2603 1049 2680 igitur
1095 2604 1189 2664 his
1234 2605 1619 2680 quantumvis
1665 2622 1786 2664 non
1832 2603 1921 2664 ita
1963 2606 2171 2666 multis
2216 2607 2340 2667 for-

405 2717 539 2759 mae
584 2700 647 2759 in
701 2722 742 2777 η
799 2702 1085 2777 exemplis
1140 2704 1344 2760 tamen
1402 2702 1652 2761 alterius
1711 2701 1912 2762 omnia
1963 2721 2084 2763 non
2138 2704 2338 2764 minus

405 2796 691 2873 redargui
752 2817 930 2876 quam
992 2797 1152 2875 apud
1209 2797 1483 2858 Cassium
1547 2799 1802 2860 Dionem
1866 2799 1988 2859 dixi
2049 2801 2335 2878 redargui

404 2894 521 2954 vol.
565 2897 601 2954 5
649 2915 706 2971 p.
743 2894 816 2971 X,
863 2899 924 2956 et
959 2896 1123 2956 haud
1160 2896 1341 2957 dubie
1387 2897 1570 2957 etiam
1618 2897 1779 2975 apud
1817 2884 2340 2988 chrysostomum,

408 2992 481 3053 de
529 3011 648 3069 quo
695 2993 816 3052 dixi
860 2994 976 3054 vol.
1020 2998 1051 3054 1
1103 3015 1160 3070 p.
1193 2995 1299 3056 IX.

584 3091 935 3152 Accusativi
989 3091 1421 3153 adieetivorum
1465 3094 1529 3152 in
1583 3113 1655 3167 ης
1708 3091 1771 3149 in
1817 3112 1854 3166 η
1912 3112 2128 3167 purum
2180 3094 2339 3154 desi-

405 3192 616 3249 nentes
664 3188 778 3248 etsi
824 3189 1176 3267 plerumque
1221 3211 1330 3266 per
1374 3212 1413 3267 η
1462 3189 1671 3264 scripti
1724 3194 1867 3247 sunt
1909 3189 1973 3249 in
2018 3190 2214 3263 libris,
2262 3197 2336 3252 ut

408 3283 686 3363 αὐτοφυῆ
726 3288 784 3361 3,
815 3287 918 3363 45,
951 3291 1017 3363 7,
1064 3273 1263 3365 εὐφυῆ
1306 3290 1364 3365 3,
1405 3291 1507 3360 67,
1539 3287 1604 3363 5,
1644 3284 1835 3366 διφυῆ
1874 3278 2010 3366 (pro
2050 3283 2336 3371 ἰδιοφυῆ)

409 3384 466 3456 2,
515 3385 619 3459 57,
666 3385 734 3459 5,
780 3385 839 3455 4,
890 3386 990 3460 77,
1039 3386 1076 3443 3
1127 3375 1261 3464 (ubi
1297 3383 1352 3442 D
1392 3375 1675 3465 διφυήν),
1721 3391 1970 3463 συμφυῆ
2022 3385 2076 3463 1,
2120 3389 2220 3463 10,
2263 3392 2341 3466 7,

412 3481 470 3546 1,
501 3479 602 3548 30,
635 3481 699 3552 6,
746 3476 1028 3559 ὑπερφυῆ
1067 3483 1125 3556 4,
1167 3485 1270 3560 22,
1311 3484 1376 3558 3,
1424 3485 1483 3558 4,
1524 3485 1627 3560 34,
1668 3485 1734 3560 2,
1774 3486 1833 3560 4,
1875 3486 1976 3559 72,
2022 3487 2081 3558 4,
2128 3487 2333 3544 tamen
