2569 4061
774 302 1476 403 ARGUMENTUMgLIB.
1514 331 1555 384 1.
1902 328 2134 385 Lxm

197 451 309 499 Gap.

204 520 295 569 68.
336 508 538 582 Apries
564 507 774 579 viginti
801 508 943 563 duos
972 523 1150 562 annos
1178 523 1420 577 regnans
1447 509 1612 565 urbes
1640 509 1909 566 finitimas
1937 508 2133 564 vincit.

392 589 615 644 Amasis
642 605 677 642 a
703 587 980 643 militibus
1000 585 1300 657 Aegyptiis
1328 603 1425 643 rex
1442 588 1669 643 factus
1652 589 1951 660 imperium
1977 593 2137 646 tenet
2561 560 2562 627 1

391 667 805 740 quinquaginta
870 667 1116 736 quinque
1174 681 1368 721 annos
1452 666 1756 736 Cambyses
1810 671 2135 740 Aegyptum

386 750 570 805 Persis
608 747 814 804 subicit
853 746 940 802 01.
970 752 1055 815 63,
1085 753 1136 803 3.

204 839 297 889 69.
335 828 746 900 Aegyptiorum
780 825 1058 883 instituta.
1128 825 1333 882 Graeci
1362 828 1864 882 commemoramur
1902 828 2001 896 qui
2026 829 2134 884 Ae-

385 912 625 979 gyptum
662 906 939 964 adierunt.

213 998 300 1049 70.
341 991 561 1061 Regum
596 988 1006 1059 Aegyptiorum
1042 986 1178 1056 vita,
1220 985 1422 1057 officia,
1458 985 1661 1043 victus.

211 1158 302 1208 72.
343 1151 529 1220 Reges
563 1148 772 1205 mortui
808 1149 1173 1218 septuaginta
1208 1147 1349 1202 duos
1398 1146 1518 1203 dies
1561 1148 1852 1217 lugentur,
1908 1161 2143 1215 quorum

392 1228 595 1285 ultimo
633 1227 727 1282 die
761 1228 1050 1298 publicum
1086 1227 1357 1283 iudicium
1394 1227 1464 1283 de
1499 1230 1723 1284 mortuo
1760 1228 1943 1283 datur.

213 1317 303 1367 73.
341 1307 513 1365 Nomi
548 1307 958 1378 Aegyptiorum
1007 1309 1066 1361 et
1114 1309 1467 1363 nomarchae.
1540 1306 1859 1363 Incolarum
1907 1307 2116 1364 classes
2128 1326 2147 1377 εΙ

394 1389 732 1455 sacerdotes,
768 1403 950 1458 reges,
986 1385 1212 1441 milites,

211 1476 302 1525 74.
343 1469 661 1539 Agricolae,
697 1468 971 1537 pastores,
1010 1464 1271 1522 artifices.

212 1555 299 1606 75.
340 1548 686 1608 Iudiciorum
714 1546 867 1616 apud
897 1544 1209 1614 Aegyptios
1241 1545 1404 1602 ratio.
1446 1546 1825 1602 Dicasterium
1862 1565 2143 1602 summum

401 1626 644 1696 triginta
688 1625 953 1680 virorum.
1028 1623 1312 1680 Praesidis
1357 1624 1581 1695 insigne
1615 1624 1858 1681 Veritas.
1931 1627 2148 1683 Causae

401 1724 516 1762 non
554 1704 758 1773 dictae,
797 1704 896 1758 sed
933 1703 1192 1772 scriptae.

215 1797 308 1846 76.
352 1785 680 1842 Causidicos
716 1782 986 1853 Aegyptii
1020 1799 1133 1837 non
1170 1782 1494 1839 admittunt.

221 1876 310 1926 77.
350 1866 530 1938 Leges
547 1862 960 1935 Aegyptiorum
976 1861 1038 1916 in
1054 1861 1328 1932 periuroS,
1350 1862 1803 1932 calumniatores,
1822 1862 2151 1933 parricidas.

221 1955 308 2005 78.
348 1947 526 2017 Leges
563 1946 622 2000 in
663 1945 996 2013 desertores,
1034 1942 1371 2015 proditores,
1409 1943 1687 2013 falsarios,
1728 1943 2029 2000 adulteros.

223 2035 313 2085 79.
350 2025 757 2098 Aegyptiorum
796 2025 953 2096 leges
991 2024 1060 2080 de
1099 2024 1449 2081 commerciis
1487 2027 1549 2080 et
1584 2023 1788 2082 fenore.

222 2115 312 2165 80.
352 2107 754 2178 Aegyptiorum
781 2107 939 2175 leges
975 2105 1045 2160 de
1081 2105 1249 2161 furto,
1307 2106 1489 2177 Leges
1519 2106 1591 2160 de
1616 2106 1833 2176 nuptiis
1862 2122 1927 2163 88
1954 2105 2151 2163 liberis

402 2185 722 2241 educandis.

223 2274 315 2325 81.
353 2264 697 2322 Litterarum
734 2265 886 2334 apud
920 2265 1233 2336 Aegyptios
1272 2267 1476 2322 studia.
1542 2268 1609 2321 In
1644 2269 1953 2337 astrologia
1990 2267 2153 2323 Chal-

415 2343 543 2398 daei
580 2345 709 2397 sunt
746 2345 1149 2413 Aegyptiorum
1189 2346 1376 2401 coloni
1413 2348 1474 2402 et
1508 2346 1739 2401 alumni.
1803 2347 2153 2403 Palaestram

412 2425 495 2480 et
504 2420 776 2477 musicam
811 2423 962 2478 haud
998 2427 1199 2481 curant
1232 2426 1517 2496 Aegyptii.

6 2497 9 2648 y
222 2517 316 2571 82,
354 2506 462 2561 Ars
498 2503 717 2559 medica
749 2504 1172 2575 Aegyptiorum.

229 2599 319 2651 8.ss
360 2585 648 2643 Animalia
685 2602 848 2641 sacra
884 2586 1108 2657 publice
1155 2587 1317 2643 alunt
1351 2586 1635 2674 Aegyptii.
1710 2593 1917 2645 Eorum
1954 2590 2154 2646 caedes

6 2663 11 2810 .
403 2669 584 2725 morte
618 2666 908 2723 multatur.

6 2815 7 2818 Ἴ
239 2759 325 2810 84.
366 2748 563 2822 Apim,
602 2747 884 2815 Mneuim,
918 2746 1165 2815 hircum,
1215 2747 1584 2817 crocodilum,
1631 2749 1852 2804 leonem
1889 2749 2160 2820 Aegyptii

6 2827 8 2902 J
194 2843 203 2850 “
413 2828 719 2902 praecipua
755 2842 892 2881 cura
928 2827 1089 2881 alunt
1127 2826 1185 2881 et
1220 2829 1575 2882 venerantur.

224 2919 318 3050 ἓξ.
352 2912 443 3048 ἓξ.
471 2908 671 3045 Acgiisisea
711 2985 967 3056 religiosi
1009 2985 1323 3042 bestiarum
1370 2983 1552 3040 cultus
1567 2983 1867 3057 mythice..
1942 2984 2159 3043 Causae

408 3070 574 3128 81188.

236 3158 324 3209 88.
358 3151 564 3207 Η118118
609 3148 885 3206 fecundae
931 3144 1314 3216 generationis
1369 3143 1706 3214 symbolum.
1778 3145 1963 3199 Boves
2007 3145 2162 3199 rufos

414 3229 710 3287 molare
744 3226 926 3285 1181111.
998 3224 1145 3296 Lupi
1178 3224 1479 3295 Aegyptiis
1516 3224 1678 3280 sacri.

236 3316 322 3367 89.
360 3308 626 3381 Inprimis
662 3304 934 3363 crocodili
969 3305 1120 3375 apud
1155 3302 1467 3374 Aegyptios
1506 3304 1782 3358 coluntur.

235 3397 323 3447 90.
363 3388 696 3448 Sanctitatis
731 3387 1040 3443 bestiarum
1076 3383 1193 3440 alia
1228 3399 1415 3438 causa.
2016 3450 2029 3462 ·
2149 3448 2162 3459 ο

236 3476 325 3525 91.
362 3470 616 3526 Mortuos
651 3464 886 3537 lugendi
923 3479 1225 3532 eorumque
1255 3477 1491 3532 corpora
1520 3459 1751 3516 secandi
1778 3456 1838 3511 et
1866 3448 2167 3506 condlendl

240 3548 649 3692 92.Ὲξ1811ῗξ118
673 3597 1106 3699 Aegyptiorum.
1173 3620 1452 3677 Iudicium
1489 3617 1781 3687 publicum
1818 3608 1891 3659 de
1917 3602 2172 3656 mortuis.
