2569 4061
383 285 515 349 434
1056 283 1366 341 DlODORI
1403 285 1633 342 SICULI

378 442 760 532 Ὀλυμπίοις
803 452 993 523 θεοῖς
1038 448 1449 535 πανηγύρεσι
1495 447 1605 514 καὶ
1639 451 1915 526 θυσίαις
1959 456 2330 536 λαμπραῖς,

390 557 622 639 καίπερ
695 554 859 618 κατὰ
931 555 1091 630 τοὺς
1162 555 1548 639 ἔμπροσθεν
1628 558 1914 641 χρόνους
1988 557 2328 642 οὐδεμίαν

383 662 637 725 θυσίαν
690 661 1249 745 προσδεχόμενος,
1303 662 1449 725 τότε
1503 661 1779 746 πρώτως
1834 663 2323 748 συνευδόκησε,

384 776 507 833 τοῦ
537 767 896 851 δαιμονίου
929 765 1054 848 τὴν
1092 764 1473 832 ἀθανασίαν
1513 766 1691 853 αὐτῷ
1720 771 2322 852 προσημαίνοντος.

314 876 346 924 2
386 873 553 939 ὀδοῦ
607 874 736 959 γὰρ
795 873 1001 954 οὔσης
1057 871 1181 936 οὐκ
1246 872 1521 936 ἄπωθεν
1577 881 1693 956 τῆς
1750 874 2005 949 πόλεως
2063 876 2319 959 πετρώ-
2352 896 2384 936 5

387 981 585 1063 δους,
648 980 723 1044 αἱ
774 982 929 1063 βόες
985 979 1066 1041 τὰ
1128 984 1276 1062 ἴχνη
1338 979 1641 1062 καθάπερ
1701 976 1807 1044 ἐπὶ
1862 988 2074 1065 κηροῦ
2133 1004 2323 1058 τινος

386 1086 865 1152 ἀπετυποῦντο.
975 1084 1219 1167 ὁμοίως
1286 1081 1358 1150 δὲ
1422 1083 1531 1150 καὶ
1598 1086 1776 1174 αὐτῷ
1841 1093 1933 1174 τῷ
2000 1084 2327 1171 “Ηρακλεῑ·

384 1195 630 1260 τούτου
687 1193 1202 1275 συμβαίνοντος,
1264 1189 1377 1255 καὶ
1430 1200 1552 1256 τοῦ
1606 1193 1828 1257 ἄθλου
1884 1192 2165 1258 δεκάτου
2208 1216 2314 1257 τε-

385 1298 739 1382 λουμένου,
775 1301 1055 1380 νομίσας
1090 1297 1220 1381 ἤδη
1258 1321 1324 1361 τι
1361 1299 1726 1383 λαμβάνειν
1762 1306 1878 1381 τῆς
1916 1298 2310 1382 ἀθανασίας,

382 1401 821 1489 προσεδέχετο
859 1404 974 1479 τὰς
1008 1402 1411 1487 τελουμένας
1447 1403 1575 1468 ὑπὸ
1612 1415 1747 1468 τῶν
1785 1402 2127 1489 ἐγχωρίων
2161 1403 2310 1470 κατ’
2344 1426 2403 1465 10

314 1510 347 1558 3
385 1511 698 1577 ἐνιαυτὸν
762 1513 1026 1586 θυσίας.
1122 1510 1355 1596 διόπερ
1417 1519 1556 1587 τοῖς
1621 1509 2135 1594 εὐδοκουμένοις
2192 1510 2311 1588 τὰς

384 1617 659 1702 χάριτας
698 1616 1083 1699 ἀποδιδούς,
1120 1617 1249 1700 πρὸ
1289 1612 1410 1699 μὲν
1445 1625 1560 1699 τῆς
1595 1618 1848 1693 πόλεως
1874 1617 2308 1682 κατεσκεύασε

384 1728 649 1810 λίμνην,
707 1726 993 1809 ἔχουσαν
1047 1724 1168 1788 τὸν
1212 1725 1572 1806 περίβολον
1618 1723 1911 1788 σταδίων
1955 1723 2308 1809 τεττάρων,

382 1832 472 1915 ἢν
521 1830 876 1914 ἐπώνυμον
914 1828 1092 1915 αὐτῷ
1130 1832 1483 1892 καλεῖσθαι
1518 1827 1945 1914 προσέταξεν·
1994 1830 2309 1905 ὡσαύτως

387 1934 459 2003 δὲ
520 1936 632 2002 καὶ
689 1946 825 2000 τῶν
884 1937 1065 2017 βοῶν
1122 1944 1261 2009 τοῖς
1318 1933 1859 2000 ἀποτυπωθεῖσιν
1917 1942 2121 2021 ἴχνεσι
2176 1936 2304 2018 τὴν
2338 1956 2395 1996 15

385 2040 492 2129 ἐφ’
531 2043 771 2110 ἑαυτοῦ
817 2043 1275 2127 προσηγορίαν
1324 2040 1600 2124 ἐπιθείς,
1647 2039 1918 2126 τέμενος
1962 2044 2308 2109 κατεσκεύ-

384 2167 550 2215 ασεν
589 2152 758 2235 ἥρωι
788 2150 1121 2236 Γηρυόνῃ,
1169 2147 1206 2213 ὃ
1253 2145 1443 2233 μέχρι
1486 2156 1609 2211 τοῦ
1654 2156 1785 2213 νῦν
1830 2158 2093 2234 τιμᾶται
2129 2151 2308 2235 παρὰ

310 2256 347 2304 4
382 2269 524 2335 τοῖς
570 2256 928 2345 ἐγχωρροις.
1014 2252 1271 2320 Ἰολάου
1318 2277 1389 2318 τε
1432 2262 1553 2318 τοῦ
1600 2253 1967 2338 ἀδελφιδοῦ
2024 2272 2307 2342 συστρα-

383 2365 695 2441 τεύοντος
741 2363 1010 2448 τέμενος
1056 2361 1410 2445 ἀξιόλογον
1456 2360 1753 2444 ἐποίησε,
1801 2360 1913 2425 καὶ
1957 2363 2149 2447 τιμὰς
2193 2361 2306 2427 καὶ

384 2475 631 2546 θυσίας
676 2469 1047 2549 κατέδειξεν
1093 2467 1270 2556 αὐτῷ
1319 2470 1631 2549 γίνεσθαι
1666 2464 1808 2532 κατ’
1844 2467 2154 2534 ἐνιαυτὸν
2191 2470 2307 2547 τὰς
2335 2490 2396 2529 20

384 2575 574 2659 μέχρι
638 2585 760 2639 τοῦ
823 2583 953 2644 νῦν
1017 2571 1455 2657 τηρουμένας·
1518 2575 1760 2650 πάντες
1823 2575 1949 2660 γὰρ
2015 2576 2086 2640 οἶ
2141 2577 2307 2640 κατὰ

383 2681 634 2763 ταύτην
690 2680 814 2763 τὴν
868 2682 1067 2743 πόλιν
1127 2680 1467 2755 οἰκοῦντες
1513 2678 1584 2744 ἐκ
1629 2689 1897 2764 γενετῆς
1942 2683 2057 2758 τὰς
2101 2684 2307 2765 κόμας

388 2788 622 2871 [ἱερὰς]
684 2783 911 2871 Ἰολάῳ
976 2782 1328 2869 τρέφουσι,
1394 2782 1583 2870 μέχρι
1648 2784 1733 2850 ἂν
1798 2786 1957 2851 ὅτου
2030 2789 2312 2864 θυσίαις

384 2890 906 2978 μεγαλοπρεπέσι
933 2893 1482 2976 καλλιερήσαντες
1517 2892 1636 2957 τὸν
1672 2893 1841 2957 θεὸν
1879 2893 2077 2958 ’ἵλεων
2112 2917 2305 2958 κατα-

311 3016 346 3064 5
385 3000 775 3067 σκευάσωσι.
867 2999 1154 3081 τοσαύτη
1205 2993 1266 3063 δ’
1320 2998 1500 3063 ἐστὶν
1548 2998 1780 3081 ἁγνεία
1825 2998 1937 3063 καὶ
1983 3001 2304 3084 σεμνότης
2332 3020 2393 3060 25

384 3108 536 3195 περὶ
572 3110 647 3174 τὸ
684 3107 955 3192 τέμενος
993 3107 1157 3170 ὥστε
1194 3108 1352 3181 τοὺς
1397 3105 1484 3188 μὴ
1515 3109 1887 3188 ,τελοῦντας
1931 3107 2048 3183 τὰς
2094 3107 2302 3171 εἰθισ-

563 3339 594 3386 2
634 3333 862 3402 καίπερ]
905 3331 1000 3385 καὶ
1039 3331 1130 3385 OD
1279 3338 1309 3385 7
1345 3331 1421 3403 τῷ
1462 3348 1568 3385 om.
1611 3331 1715 3386 OF
1858 3338 1922 3386 11
1964 3328 2300 3403 ευδοκιμου-

380 3399 576 3467 μένοις
612 3403 768 3469 libri,
807 3417 944 3456 corr.
982 3401 1146 3456 Dind.
1308 3407 1373 3456 16
1412 3395 1522 3470 ἀφ’
1562 3403 1714 3470 vulg.
1860 3403 2298 3474 κατεσκεύασεν]

381 3469 741 3536 καθιέρωσεν
779 3471 833 3523 ΙΙ
1015 3479 1078 3525 17
1120 3464 1150 3526 ὃ
1183 3502 1250 3509 -
1283 3468 1572 3539 ἐγχωρίοις
1608 3489 1714 3527 om.
1752 3471 1856 3525 ΕΜ
2038 3481 2106 3529 23
2147 3471 2302 3543 ἱερὰς

380 3550 489 3590 om.
529 3539 578 3589 D
703 3546 775 3593 24
808 3542 938 3594 ἵλεω
978 3539 1044 3609 D,
1083 3539 1278 3595 ἰόλαον
1314 3540 1384 3596 Π.
