<?xml version="1.0" encoding="UTF-8"?>
<!DOCTYPE html PUBLIC "-//W3C//DTD XHTML 1.0 Transitional//EN"
    "http://www.w3.org/TR/xhtml1/DTD/xhtml1-transitional.dtd">
<html xmlns="http://www.w3.org/1999/xhtml" xml:lang="en" lang="en">
 <head>
  <title>
</title>
<meta http-equiv="Content-Type" content="text/html;charset=utf-8" />
  <meta name='ocr-system' content='tesseract 3.04.00' />
  <meta name='ocr-capabilities' content='ocr_page ocr_carea ocr_par ocr_line ocrx_word'/>
</head>
<body>
  <div class='ocr_page' id='page_1' title='image "./diodoribiblioth02dindgoog_0050.png"; bbox 0 0 2569 4061; ppageno 0'>
   <div class='ocr_carea' id='block_1_1' title="bbox 420 174 1598 247">
    <p class='ocr_par' dir='ltr' id='par_1_1' title="bbox 420 174 1598 247">
     <span class='ocr_line' id='line_1_1' title="bbox 420 174 1598 247; baseline 0.003 -17"><span class='ocrx_word' id='word_1_1' title='bbox 420 174 597 232; x_wconf 76' lang='lat' dir='ltr'>xmn</span> <span class='ocrx_word' id='word_1_2' title='bbox 1168 175 1598 247; x_wconf 56' lang='lat' dir='ltr'>PRAEFATm.</span> 
     </span>
    </p>
   </div>
   <div class='ocr_carea' id='block_1_2' title="bbox 415 338 2357 2770">
    <p class='ocr_par' dir='ltr' id='par_1_2' title="bbox 415 338 2357 2671">
     <span class='ocr_line' id='line_1_2' title="bbox 593 338 2354 426; baseline 0.003 -22"><span class='ocrx_word' id='word_1_3' title='bbox 593 338 912 424; x_wconf 86' lang='grc' dir='ltr'><strong><em>’Λπόρροια</em></strong></span> <span class='ocrx_word' id='word_1_4' title='bbox 958 348 1018 424; x_wconf 92' lang='grc'>2,</span> <span class='ocrx_word' id='word_1_5' title='bbox 1065 347 1170 424; x_wconf 87' lang='grc'>49,</span> <span class='ocrx_word' id='word_1_6' title='bbox 1217 347 1257 405; x_wconf 86' lang='grc'>4</span> <span class='ocrx_word' id='word_1_7' title='bbox 1299 349 1361 406; x_wconf 88' lang='lat' dir='ltr'>et</span> <span class='ocrx_word' id='word_1_8' title='bbox 1399 349 1456 421; x_wconf 89' lang='lat'>3,</span> <span class='ocrx_word' id='word_1_9' title='bbox 1504 349 1611 425; x_wconf 87' lang='lat'>46,</span> <span class='ocrx_word' id='word_1_10' title='bbox 1659 348 1697 406; x_wconf 87' lang='lat'>5</span> <span class='ocrx_word' id='word_1_11' title='bbox 1744 366 1821 407; x_wconf 87' lang='lat' dir='ltr'>ne</span> <span class='ocrx_word' id='word_1_12' title='bbox 1868 348 2169 409; x_wconf 85' lang='lat' dir='ltr'>Diodorus</span> <span class='ocrx_word' id='word_1_13' title='bbox 2216 350 2354 426; x_wconf 88' lang='lat' dir='ltr'>qui-</span> 
     </span>
     <span class='ocr_line' id='line_1_3' title="bbox 423 442 2357 522; baseline 0.004 -21"><span class='ocrx_word' id='word_1_14' title='bbox 423 442 558 501; x_wconf 86' lang='lat' dir='ltr'>dem</span> <span class='ocrx_word' id='word_1_15' title='bbox 605 443 912 519; x_wconf 80' lang='lat' dir='ltr'>scripsisse</span> <span class='ocrx_word' id='word_1_16' title='bbox 949 444 1206 519; x_wconf 76' lang='lat' dir='ltr'>videtur,</span> <span class='ocrx_word' id='word_1_17' title='bbox 1257 444 1382 521; x_wconf 86' lang='lat' dir='ltr'>sed,</span> <span class='ocrx_word' id='word_1_18' title='bbox 1427 444 1587 521; x_wconf 85' lang='lat' dir='ltr'>quod</span> <span class='ocrx_word' id='word_1_19' title='bbox 1631 445 2023 522; x_wconf 81' lang='lat' dir='ltr'>Phrynichus,</span> <span class='ocrx_word' id='word_1_20' title='bbox 2070 446 2237 507; x_wconf 89' lang='lat' dir='ltr'>cuius</span> <span class='ocrx_word' id='word_1_21' title='bbox 2274 448 2357 508; x_wconf 86' lang='lat' dir='ltr'>de</span> 
     </span>
     <span class='ocr_line' id='line_1_4' title="bbox 416 540 2348 621; baseline 0.003 -22"><span class='ocrx_word' id='word_1_22' title='bbox 416 543 737 616; x_wconf 87' lang='lat' dir='ltr'>praecepto</span> <span class='ocrx_word' id='word_1_23' title='bbox 784 540 909 601; x_wconf 86' lang='lat' dir='ltr'>dixi</span> <span class='ocrx_word' id='word_1_24' title='bbox 953 542 1143 618; x_wconf 84' lang='lat' dir='ltr'>praef.</span> <span class='ocrx_word' id='word_1_25' title='bbox 1188 543 1266 603; x_wconf 86' lang='lat' dir='ltr'>ad</span> <span class='ocrx_word' id='word_1_26' title='bbox 1310 542 1726 619; x_wconf 77' lang='lat' dir='ltr'>Xenophontis</span> <span class='ocrx_word' id='word_1_27' title='bbox 1771 543 1931 603; x_wconf 89' lang='lat' dir='ltr'>Hist.</span> <span class='ocrx_word' id='word_1_28' title='bbox 1968 542 2073 604; x_wconf 79' lang='lat' dir='ltr'>Gr.</span> <span class='ocrx_word' id='word_1_29' title='bbox 2115 564 2173 621; x_wconf 91' lang='lat' dir='ltr'>p.</span> <span class='ocrx_word' id='word_1_30' title='bbox 2202 544 2348 604; x_wconf 91' lang='lat' dir='ltr'>XIX</span> 
     </span>
     <span class='ocr_line' id='line_1_5' title="bbox 418 635 2351 720; baseline 0.003 -24"><span class='ocrx_word' id='word_1_31' title='bbox 418 637 510 697; x_wconf 88' lang='lat' dir='ltr'>ed.</span> <span class='ocrx_word' id='word_1_32' title='bbox 557 638 803 717; x_wconf 86' lang='lat' dir='ltr'>tertiae,</span> <span class='ocrx_word' id='word_1_33' title='bbox 850 637 1201 720; x_wconf 81' lang='grc' dir='ltr'><strong><em>σεμνότερον</em></strong></span> <span class='ocrx_word' id='word_1_34' title='bbox 1246 639 1501 716; x_wconf 86' lang='lat' dir='ltr'>iudicat,</span> <span class='ocrx_word' id='word_1_35' title='bbox 1549 635 1882 719; x_wconf 79' lang='grc' dir='ltr'><strong><em>ἀπορροάς,</em></strong></span> <span class='ocrx_word' id='word_1_36' title='bbox 1926 644 1998 702; x_wconf 90' lang='lat' dir='ltr'>ut</span> <span class='ocrx_word' id='word_1_37' title='bbox 2044 660 2247 703; x_wconf 91' lang='lat' dir='ltr'>omnes</span> <span class='ocrx_word' id='word_1_38' title='bbox 2287 644 2351 718; x_wconf 89' lang='lat'>2,</span> 
     </span>
     <span class='ocr_line' id='line_1_6' title="bbox 419 733 2350 817; baseline 0.002 -23"><span class='ocrx_word' id='word_1_39' title='bbox 419 735 477 810; x_wconf 88' lang='lat'>8,</span> <span class='ocrx_word' id='word_1_40' title='bbox 508 737 565 808; x_wconf 93' lang='lat'>2,</span> <span class='ocrx_word' id='word_1_41' title='bbox 604 757 789 814; x_wconf 86' lang='lat' dir='ltr'>quum</span> <span class='ocrx_word' id='word_1_42' title='bbox 825 733 1034 817; x_wconf 79' lang='grc' dir='ltr'><strong><em>ἐκροὰς</em></strong></span> <span class='ocrx_word' id='word_1_43' title='bbox 1076 741 1175 812; x_wconf 94' lang='grc'>11,</span> <span class='ocrx_word' id='word_1_44' title='bbox 1207 740 1311 815; x_wconf 91' lang='grc'>25,</span> <span class='ocrx_word' id='word_1_45' title='bbox 1342 740 1380 798; x_wconf 90' lang='grc'><strong>3</strong></span> <span class='ocrx_word' id='word_1_46' title='bbox 1427 737 1490 796; x_wconf 92' lang='lat' dir='ltr'>in</span> <span class='ocrx_word' id='word_1_47' title='bbox 1525 738 1833 798; x_wconf 85' lang='lat' dir='ltr'>nonnullis</span> <span class='ocrx_word' id='word_1_48' title='bbox 1868 738 2016 798; x_wconf 90' lang='lat' dir='ltr'>item</span> <span class='ocrx_word' id='word_1_49' title='bbox 2054 739 2350 816; x_wconf 83' lang='lat' dir='ltr'>scriptum</span> 
     </span>
     <span class='ocr_line' id='line_1_7' title="bbox 421 830 2345 914; baseline 0.002 -20"><span class='ocrx_word' id='word_1_50' title='bbox 421 833 502 895; x_wconf 87' lang='lat' dir='ltr'>sit</span> <span class='ocrx_word' id='word_1_51' title='bbox 547 830 810 914; x_wconf 81' lang='grc' dir='ltr'>ἕκροίας,</span> <span class='ocrx_word' id='word_1_52' title='bbox 856 839 919 895; x_wconf 84' lang='lat' dir='ltr'>et</span> <span class='ocrx_word' id='word_1_53' title='bbox 963 836 1266 913; x_wconf 87' lang='lat' dir='ltr'>plerisque</span> <span class='ocrx_word' id='word_1_54' title='bbox 1315 833 1628 896; x_wconf 73' lang='lat' dir='ltr'>Strabonis</span> <span class='ocrx_word' id='word_1_55' title='bbox 1661 837 1742 895; x_wconf 87' lang='lat'>15</span> <span class='ocrx_word' id='word_1_56' title='bbox 1790 857 1848 913; x_wconf 90' lang='lat' dir='ltr'>p.</span> <span class='ocrx_word' id='word_1_57' title='bbox 1892 838 2036 911; x_wconf 88' lang='lat'>702,</span> <span class='ocrx_word' id='word_1_58' title='bbox 2083 836 2191 895; x_wconf 91' lang='lat' dir='ltr'>ubi</span> <span class='ocrx_word' id='word_1_59' title='bbox 2235 855 2345 914; x_wconf 91' lang='lat' dir='ltr'>pro</span> 
     </span>
     <span class='ocr_line' id='line_1_8' title="bbox 416 929 2350 1012; baseline 0.002 -20"><span class='ocrx_word' id='word_1_60' title='bbox 416 929 759 1011; x_wconf 81' lang='grc' dir='ltr'><strong><em>ἀπορροιῶν</em></strong></span> <span class='ocrx_word' id='word_1_61' title='bbox 796 932 1062 1008; x_wconf 86' lang='lat' dir='ltr'>optimus</span> <span class='ocrx_word' id='word_1_62' title='bbox 1097 932 1431 994; x_wconf 71' lang='lat' dir='ltr'>Vaticanus</span> <span class='ocrx_word' id='word_1_63' title='bbox 1477 929 1811 1012; x_wconf 82' lang='grc' dir='ltr'><strong><em>ἀπορροῶν.</em></strong></span> <span class='ocrx_word' id='word_1_64' title='bbox 1902 933 2041 995; x_wconf 87' lang='lat' dir='ltr'>Non</span> <span class='ocrx_word' id='word_1_65' title='bbox 2077 933 2350 995; x_wconf 86' lang='lat' dir='ltr'>melioris</span> 
     </span>
     <span class='ocr_line' id='line_1_9' title="bbox 415 1025 2349 1109; baseline 0.001 -20"><span class='ocrx_word' id='word_1_66' title='bbox 415 1029 558 1090; x_wconf 87' lang='lat' dir='ltr'>fidei</span> <span class='ocrx_word' id='word_1_67' title='bbox 584 1030 826 1091; x_wconf 84' lang='lat' dir='ltr'>videtur</span> <span class='ocrx_word' id='word_1_68' title='bbox 861 1025 1131 1108; x_wconf 78' lang='grc' dir='ltr'><strong><em>ἐπίρροια</em></strong></span> <span class='ocrx_word' id='word_1_69' title='bbox 1161 1031 1290 1105; x_wconf 90' lang='grc'><strong>2,2,</strong></span> <span class='ocrx_word' id='word_1_70' title='bbox 1308 1033 1365 1107; x_wconf 90' lang='grc'>1,</span> <span class='ocrx_word' id='word_1_71' title='bbox 1393 1030 1498 1089; x_wconf 90' lang='lat' dir='ltr'>ubi</span> <span class='ocrx_word' id='word_1_72' title='bbox 1525 1026 1731 1109; x_wconf 76' lang='grc' dir='ltr'><strong><em>εὔροια</em></strong></span> <span class='ocrx_word' id='word_1_73' title='bbox 1771 1031 1976 1108; x_wconf 88' lang='lat' dir='ltr'>potius</span> <span class='ocrx_word' id='word_1_74' title='bbox 2017 1030 2349 1092; x_wconf 87' lang='lat' dir='ltr'>desiderari</span> 
     </span>
     <span class='ocr_line' id='line_1_10' title="bbox 416 1126 2356 1210; baseline 0.001 -21"><span class='ocrx_word' id='word_1_75' title='bbox 416 1127 574 1189; x_wconf 84' lang='lat' dir='ltr'>vidit</span> <span class='ocrx_word' id='word_1_76' title='bbox 600 1126 1059 1203; x_wconf 67' lang='lat' dir='ltr'>Herwerdenus,</span> <span class='ocrx_word' id='word_1_77' title='bbox 1094 1130 1156 1188; x_wconf 90' lang='lat' dir='ltr'>et</span> <span class='ocrx_word' id='word_1_78' title='bbox 1176 1128 1235 1204; x_wconf 86' lang='lat'>5,</span> <span class='ocrx_word' id='word_1_79' title='bbox 1251 1129 1352 1206; x_wconf 87' lang='lat'>25,</span> <span class='ocrx_word' id='word_1_80' title='bbox 1367 1129 1425 1202; x_wconf 93' lang='lat'>3,</span> <span class='ocrx_word' id='word_1_81' title='bbox 1452 1130 1525 1188; x_wconf 90' lang='lat' dir='ltr'>ut</span> <span class='ocrx_word' id='word_1_82' title='bbox 1543 1128 1797 1206; x_wconf 80' lang='lat' dir='ltr'>Polybio</span> <span class='ocrx_word' id='word_1_83' title='bbox 1829 1131 2003 1207; x_wconf 92' lang='lat'>2,32,</span> <span class='ocrx_word' id='word_1_84' title='bbox 2025 1133 2062 1189; x_wconf 93' lang='lat'>2</span> <span class='ocrx_word' id='word_1_85' title='bbox 2087 1126 2356 1210; x_wconf 80' lang='grc' dir='ltr'><strong><em>’συρροὰς</em></strong></span> 
     </span>
     <span class='ocr_line' id='line_1_11' title="bbox 416 1222 2352 1307; baseline 0.001 -24"><span class='ocrx_word' id='word_1_86' title='bbox 416 1222 862 1285; x_wconf 83' lang='lat' dir='ltr'>restituendum</span> <span class='ocrx_word' id='word_1_87' title='bbox 888 1243 997 1300; x_wconf 88' lang='lat' dir='ltr'>pro</span> <span class='ocrx_word' id='word_1_88' title='bbox 1027 1223 1327 1304; x_wconf 84' lang='grc' dir='ltr'><strong><em>συρροίας,</em></strong></span> <span class='ocrx_word' id='word_1_89' title='bbox 1366 1245 1554 1301; x_wconf 89' lang='lat' dir='ltr'>quum</span> <span class='ocrx_word' id='word_1_90' title='bbox 1588 1227 1770 1288; x_wconf 90' lang='lat' dir='ltr'>huius</span> <span class='ocrx_word' id='word_1_91' title='bbox 1808 1246 2043 1307; x_wconf 88' lang='lat' dir='ltr'>quoque</span> <span class='ocrx_word' id='word_1_92' title='bbox 2069 1227 2352 1297; x_wconf 76' lang='lat' dir='ltr'>vocabuli</span> 
     </span>
     <span class='ocr_line' id='line_1_12' title="bbox 415 1318 2346 1408; baseline -0.001 -26"><span class='ocrx_word' id='word_1_93' title='bbox 415 1324 611 1383; x_wconf 82' lang='lat' dir='ltr'>forma</span> <span class='ocrx_word' id='word_1_94' title='bbox 646 1318 890 1401; x_wconf 80' lang='grc' dir='ltr'><strong><em>ἐπιρροὴ</em></strong></span> <span class='ocrx_word' id='word_1_95' title='bbox 928 1325 1180 1383; x_wconf 80' lang='lat' dir='ltr'>utantur</span> <span class='ocrx_word' id='word_1_96' title='bbox 1223 1326 1477 1402; x_wconf 82' lang='lat' dir='ltr'>veteres,</span> <span class='ocrx_word' id='word_1_97' title='bbox 1520 1327 1594 1384; x_wconf 78' lang='lat' dir='ltr'>ut</span> <span class='ocrx_word' id='word_1_98' title='bbox 1637 1326 1847 1408; x_wconf 81' lang='lat' dir='ltr'>fallere</span> <span class='ocrx_word' id='word_1_99' title='bbox 1893 1328 2103 1401; x_wconf 89' lang='lat' dir='ltr'>putem</span> <span class='ocrx_word' id='word_1_100' title='bbox 2149 1343 2346 1383; x_wconf 80' lang='lat' dir='ltr'>exem·</span> 
     </span>
     <span class='ocr_line' id='line_1_13' title="bbox 416 1420 2351 1501; baseline 0 -21"><span class='ocrx_word' id='word_1_101' title='bbox 416 1422 588 1497; x_wconf 90' lang='lat' dir='ltr'>plum</span> <span class='ocrx_word' id='word_1_102' title='bbox 625 1420 1030 1497; x_wconf 85' lang='lat' dir='ltr'>Theophrasti</span> <span class='ocrx_word' id='word_1_103' title='bbox 1046 1420 1145 1501; x_wconf 30' lang='lat' dir='ltr'>‘ad</span> <span class='ocrx_word' id='word_1_104' title='bbox 1180 1421 1357 1482; x_wconf 84' lang='lat' dir='ltr'>Thes.</span> <span class='ocrx_word' id='word_1_105' title='bbox 1396 1421 1688 1499; x_wconf 77' lang='lat' dir='ltr'>Stephani</span> <span class='ocrx_word' id='word_1_106' title='bbox 1732 1423 2001 1483; x_wconf 89' lang='lat' dir='ltr'>citatum.</span> <span class='ocrx_word' id='word_1_107' title='bbox 2047 1421 2144 1480; x_wconf 86' lang='lat' dir='ltr'>Ita</span> <span class='ocrx_word' id='word_1_108' title='bbox 2179 1441 2351 1498; x_wconf 80' lang='grc' dir='ltr'><strong><em>περι-</em></strong></span> 
     </span>
     <span class='ocr_line' id='line_1_14' title="bbox 415 1518 2345 1598; baseline 0.002 -21"><span class='ocrx_word' id='word_1_109' title='bbox 415 1518 653 1591; x_wconf 85' lang='grc' dir='ltr'><strong><em>πνοίαις</em></strong></span> <span class='ocrx_word' id='word_1_110' title='bbox 695 1537 806 1596; x_wconf 83' lang='lat' dir='ltr'>pro</span> <span class='ocrx_word' id='word_1_111' title='bbox 842 1522 1190 1598; x_wconf 79' lang='grc' dir='ltr'><strong><em>περιπνοαῖς</em></strong></span> <span class='ocrx_word' id='word_1_112' title='bbox 1232 1520 1477 1580; x_wconf 89' lang='lat' dir='ltr'>illatum</span> <span class='ocrx_word' id='word_1_113' title='bbox 1511 1520 1814 1597; x_wconf 86' lang='lat' dir='ltr'>plerisque</span> <span class='ocrx_word' id='word_1_114' title='bbox 1851 1519 2104 1580; x_wconf 85' lang='lat' dir='ltr'>Diodori</span> <span class='ocrx_word' id='word_1_115' title='bbox 2141 1521 2200 1598; x_wconf 87' lang='lat'>3,</span> <span class='ocrx_word' id='word_1_116' title='bbox 2243 1522 2345 1595; x_wconf 86' lang='lat'>19,</span> 
     </span>
     <span class='ocr_line' id='line_1_15' title="bbox 419 1613 2356 1696; baseline 0 -20"><span class='ocrx_word' id='word_1_117' title='bbox 419 1619 478 1694; x_wconf 86' lang='lat'>4,</span> <span class='ocrx_word' id='word_1_118' title='bbox 533 1617 809 1677; x_wconf 88' lang='lat' dir='ltr'>omnibus</span> <span class='ocrx_word' id='word_1_119' title='bbox 863 1617 929 1676; x_wconf 90' lang='lat' dir='ltr'>in</span> <span class='ocrx_word' id='word_1_120' title='bbox 983 1613 1320 1688; x_wconf 80' lang='grc' dir='ltr'><strong><em>ἀναπνοαῖς</em></strong></span> <span class='ocrx_word' id='word_1_121' title='bbox 1378 1617 1871 1679; x_wconf 84' lang='lat' dir='ltr'>convenientibus</span> <span class='ocrx_word' id='word_1_122' title='bbox 1919 1620 1978 1694; x_wconf 90' lang='lat'>2,</span> <span class='ocrx_word' id='word_1_123' title='bbox 2029 1619 2130 1696; x_wconf 89' lang='lat'>12,</span> <span class='ocrx_word' id='word_1_124' title='bbox 2178 1619 2237 1692; x_wconf 89' lang='grc'>2,</span> <span class='ocrx_word' id='word_1_125' title='bbox 2285 1620 2356 1676; x_wconf 79' lang='lat' dir='ltr'>et</span> 
     </span>
     <span class='ocr_line' id='line_1_16' title="bbox 415 1711 2347 1791; baseline -0.001 -17"><span class='ocrx_word' id='word_1_126' title='bbox 415 1711 631 1787; x_wconf 83' lang='grc' dir='ltr'><strong><em>πνοιὰς</em></strong></span> <span class='ocrx_word' id='word_1_127' title='bbox 677 1715 776 1776; x_wconf 86' lang='lat' dir='ltr'>vel</span> <span class='ocrx_word' id='word_1_128' title='bbox 821 1716 1048 1790; x_wconf 89' lang='lat' dir='ltr'>optimo</span> <span class='ocrx_word' id='word_1_129' title='bbox 1093 1712 1337 1789; x_wconf 82' lang='lat' dir='ltr'>Polybii</span> <span class='ocrx_word' id='word_1_130' title='bbox 1386 1716 1442 1790; x_wconf 87' lang='lat'>1,</span> <span class='ocrx_word' id='word_1_131' title='bbox 1481 1716 1584 1791; x_wconf 87' lang='grc'>56,</span> <span class='ocrx_word' id='word_1_132' title='bbox 1622 1717 1683 1789; x_wconf 90' lang='grc'>4,</span> <span class='ocrx_word' id='word_1_133' title='bbox 1729 1717 1792 1774; x_wconf 94' lang='lat' dir='ltr'>et</span> <span class='ocrx_word' id='word_1_134' title='bbox 1835 1714 2139 1790; x_wconf 89' lang='lat' dir='ltr'>plerisque</span> <span class='ocrx_word' id='word_1_135' title='bbox 2178 1714 2347 1774; x_wconf 84' lang='lat' dir='ltr'>Stra·</span> 
     </span>
     <span class='ocr_line' id='line_1_17' title="bbox 415 1806 2349 1887; baseline -0.001 -14"><span class='ocrx_word' id='word_1_136' title='bbox 415 1812 587 1872; x_wconf 87' lang='lat' dir='ltr'>bonis</span> <span class='ocrx_word' id='word_1_137' title='bbox 639 1815 720 1873; x_wconf 88' lang='grc'>16</span> <span class='ocrx_word' id='word_1_138' title='bbox 783 1831 840 1886; x_wconf 88' lang='lat' dir='ltr'>p.</span> <span class='ocrx_word' id='word_1_139' title='bbox 884 1813 1058 1885; x_wconf 92' lang='grc'><strong>769,.</strong></span> <span class='ocrx_word' id='word_1_140' title='bbox 1099 1813 1163 1870; x_wconf 90' lang='lat' dir='ltr'>et</span> <span class='ocrx_word' id='word_1_141' title='bbox 1217 1806 1359 1887; x_wconf 73' lang='grc' dir='ltr'><strong><em>ῥόας</em></strong></span> <span class='ocrx_word' id='word_1_142' title='bbox 1416 1829 1488 1868; x_wconf 82' lang='lat' dir='ltr'>ex</span> <span class='ocrx_word' id='word_1_143' title='bbox 1542 1811 1769 1886; x_wconf 90' lang='lat' dir='ltr'>optimo</span> <span class='ocrx_word' id='word_1_144' title='bbox 1825 1811 1880 1869; x_wconf 93' lang='lat' dir='ltr'>D</span> <span class='ocrx_word' id='word_1_145' title='bbox 1935 1811 2179 1870; x_wconf 88' lang='lat' dir='ltr'>restitui</span> <span class='ocrx_word' id='word_1_146' title='bbox 2233 1831 2349 1886; x_wconf 83' lang='lat' dir='ltr'>pro</span> 
     </span>
     <span class='ocr_line' id='line_1_18' title="bbox 418 1902 2350 1988; baseline 0 -20"><span class='ocrx_word' id='word_1_147' title='bbox 418 1906 585 1988; x_wconf 74' lang='grc' dir='ltr'><strong><em>ῥοιὰς</em></strong></span> <span class='ocrx_word' id='word_1_148' title='bbox 633 1911 692 1986; x_wconf 86' lang='grc'>4,</span> <span class='ocrx_word' id='word_1_149' title='bbox 740 1909 842 1981; x_wconf 87' lang='grc'>35,</span> <span class='ocrx_word' id='word_1_150' title='bbox 890 1910 950 1981; x_wconf 94' lang='lat'>4,</span> <span class='ocrx_word' id='word_1_151' title='bbox 1006 1910 1068 1966; x_wconf 91' lang='lat' dir='ltr'>et</span> <span class='ocrx_word' id='word_1_152' title='bbox 1114 1902 1299 1984; x_wconf 79' lang='grc' dir='ltr'><strong><em>χροιᾶ·</em></strong></span> <span class='ocrx_word' id='word_1_153' title='bbox 1336 1925 1447 1981; x_wconf 87' lang='lat' dir='ltr'>pro</span> <span class='ocrx_word' id='word_1_154' title='bbox 1495 1903 1639 1984; x_wconf 84' lang='grc' dir='ltr'><strong><em>χρόα</em></strong></span> <span class='ocrx_word' id='word_1_155' title='bbox 1690 1906 1934 1967; x_wconf 90' lang='lat' dir='ltr'>illatum</span> <span class='ocrx_word' id='word_1_156' title='bbox 1981 1912 2085 1985; x_wconf 92' lang='lat'>17,</span> <span class='ocrx_word' id='word_1_157' title='bbox 2136 1909 2237 1985; x_wconf 87' lang='lat'>75,</span> <span class='ocrx_word' id='word_1_158' title='bbox 2287 1911 2350 1986; x_wconf 87' lang='lat'>3,</span> 
     </span>
     <span class='ocr_line' id='line_1_19' title="bbox 417 2002 2347 2085; baseline 0.001 -18"><span class='ocrx_word' id='word_1_159' title='bbox 417 2010 629 2069; x_wconf 87' lang='lat' dir='ltr'>contra</span> <span class='ocrx_word' id='word_1_160' title='bbox 674 2008 1051 2067; x_wconf 87' lang='lat' dir='ltr'>constantem</span> <span class='ocrx_word' id='word_1_161' title='bbox 1094 2002 1347 2065; x_wconf 84' lang='lat' dir='ltr'>Diodori</span> <span class='ocrx_word' id='word_1_162' title='bbox 1392 2005 1904 2082; x_wconf 83' lang='lat' dir='ltr'>consuetudinem,</span> <span class='ocrx_word' id='word_1_163' title='bbox 1954 2008 2012 2082; x_wconf 90' lang='lat'>3,</span> <span class='ocrx_word' id='word_1_164' title='bbox 2048 2009 2156 2085; x_wconf 83' lang='lat'>47,</span> <span class='ocrx_word' id='word_1_165' title='bbox 2204 2008 2242 2068; x_wconf 90' lang='grc'>8</span> <span class='ocrx_word' id='word_1_166' title='bbox 2284 2010 2347 2068; x_wconf 88' lang='lat' dir='ltr'>et</span> 
     </span>
     <span class='ocr_line' id='line_1_20' title="bbox 419 2103 2351 2184; baseline -0.002 -16"><span class='ocrx_word' id='word_1_167' title='bbox 419 2110 486 2183; x_wconf 80' lang='lat'>93</span> <span class='ocrx_word' id='word_1_168' title='bbox 534 2108 593 2183; x_wconf 88' lang='lat'>3,</span> <span class='ocrx_word' id='word_1_169' title='bbox 642 2107 745 2182; x_wconf 89' lang='grc'>50,</span> <span class='ocrx_word' id='word_1_170' title='bbox 793 2109 860 2183; x_wconf 82' lang='grc'>2;</span> <span class='ocrx_word' id='word_1_171' title='bbox 917 2107 977 2182; x_wconf 84' lang='grc'>4,</span> <span class='ocrx_word' id='word_1_172' title='bbox 1025 2106 1128 2183; x_wconf 88' lang='grc'>22,</span> <span class='ocrx_word' id='word_1_173' title='bbox 1178 2107 1235 2182; x_wconf 89' lang='grc'>1,</span> <span class='ocrx_word' id='word_1_174' title='bbox 1290 2103 1451 2179; x_wconf 85' lang='lat' dir='ltr'>quod</span> <span class='ocrx_word' id='word_1_175' title='bbox 1514 2104 1699 2164; x_wconf 81' lang='lat' dir='ltr'>etiam</span> <span class='ocrx_word' id='word_1_176' title='bbox 1739 2105 1889 2165; x_wconf 51' lang='lat' dir='ltr'>*aliis</span> <span class='ocrx_word' id='word_1_177' title='bbox 1947 2104 2351 2184; x_wconf 82' lang='lat' dir='ltr'>eximendum,</span> 
     </span>
     <span class='ocr_line' id='line_1_21' title="bbox 416 2199 2346 2282; baseline -0.001 -18"><span class='ocrx_word' id='word_1_178' title='bbox 416 2208 487 2264; x_wconf 88' lang='lat' dir='ltr'>ut</span> <span class='ocrx_word' id='word_1_179' title='bbox 542 2204 827 2265; x_wconf 83' lang='lat' dir='ltr'>Straboni</span> <span class='ocrx_word' id='word_1_180' title='bbox 885 2206 967 2264; x_wconf 88' lang='lat'>16</span> <span class='ocrx_word' id='word_1_181' title='bbox 1022 2225 1078 2279; x_wconf 89' lang='lat' dir='ltr'>p.</span> <span class='ocrx_word' id='word_1_182' title='bbox 1123 2205 1277 2281; x_wconf 87' lang='grc'><strong>779,</strong></span> <span class='ocrx_word' id='word_1_183' title='bbox 1342 2203 1447 2278; x_wconf 86' lang='lat' dir='ltr'>qui</span> <span class='ocrx_word' id='word_1_184' title='bbox 1501 2199 1646 2282; x_wconf 86' lang='grc' dir='ltr'><strong><em>χρόα</em></strong></span> <span class='ocrx_word' id='word_1_185' title='bbox 1706 2204 1894 2264; x_wconf 85' lang='lat' dir='ltr'>habet</span> <span class='ocrx_word' id='word_1_186' title='bbox 1943 2208 2021 2265; x_wconf 92' lang='lat'>17</span> <span class='ocrx_word' id='word_1_187' title='bbox 2088 2223 2147 2279; x_wconf 89' lang='lat' dir='ltr'>p.</span> <span class='ocrx_word' id='word_1_188' title='bbox 2195 2205 2346 2279; x_wconf 88' lang='grc'><strong>809,</strong></span> 
     </span>
     <span class='ocr_line' id='line_1_22' title="bbox 420 2298 2345 2378; baseline -0.002 -16"><span class='ocrx_word' id='word_1_189' title='bbox 420 2303 569 2378; x_wconf 87' lang='grc'><strong>823,</strong></span> <span class='ocrx_word' id='word_1_190' title='bbox 614 2306 923 2377; x_wconf 84' lang='lat' dir='ltr'>tamquam</span> <span class='ocrx_word' id='word_1_191' title='bbox 969 2316 1218 2375; x_wconf 89' lang='lat' dir='ltr'>prorsus</span> <span class='ocrx_word' id='word_1_192' title='bbox 1263 2298 1530 2359; x_wconf 86' lang='lat' dir='ltr'>alienum</span> <span class='ocrx_word' id='word_1_193' title='bbox 1575 2319 1611 2358; x_wconf 87' lang='lat' dir='ltr'>a</span> <span class='ocrx_word' id='word_1_194' title='bbox 1654 2318 1852 2375; x_wconf 87' lang='lat' dir='ltr'>prosa,</span> <span class='ocrx_word' id='word_1_195' title='bbox 1907 2303 1979 2359; x_wconf 92' lang='lat' dir='ltr'>ut</span> <span class='ocrx_word' id='word_1_196' title='bbox 2023 2300 2122 2360; x_wconf 85' lang='lat' dir='ltr'>vel</span> <span class='ocrx_word' id='word_1_197' title='bbox 2161 2299 2345 2378; x_wconf 86' lang='grc' dir='ltr'><strong><em>χρωία</em></strong></span> 
     </span>
     <span class='ocr_line' id='line_1_23' title="bbox 417 2389 2348 2477; baseline -0.001 -19"><span class='ocrx_word' id='word_1_198' title='bbox 417 2398 668 2458; x_wconf 85' lang='lat' dir='ltr'>Diodori</span> <span class='ocrx_word' id='word_1_199' title='bbox 705 2416 862 2457; x_wconf 89' lang='lat' dir='ltr'>unus</span> <span class='ocrx_word' id='word_1_200' title='bbox 900 2389 1012 2477; x_wconf 77' lang='lat' dir='ltr'>(G)</span> <span class='ocrx_word' id='word_1_201' title='bbox 1048 2416 1156 2473; x_wconf 87' lang='lat' dir='ltr'>pro</span> <span class='ocrx_word' id='word_1_202' title='bbox 1196 2394 1341 2473; x_wconf 85' lang='grc' dir='ltr'><strong><em>χρόα</em></strong></span> <span class='ocrx_word' id='word_1_203' title='bbox 1380 2399 1437 2472; x_wconf 90' lang='grc'>2,</span> <span class='ocrx_word' id='word_1_204' title='bbox 1462 2400 1562 2475; x_wconf 87' lang='lat'>14,</span> <span class='ocrx_word' id='word_1_205' title='bbox 1582 2399 1640 2458; x_wconf 87' lang='lat'>4.</span> <span class='ocrx_word' id='word_1_206' title='bbox 1703 2398 1824 2457; x_wconf 83' lang='lat' dir='ltr'>Pro</span> <span class='ocrx_word' id='word_1_207' title='bbox 1869 2396 2076 2469; x_wconf 79' lang='grc' dir='ltr'><strong><em>πτοίας</em></strong></span> <span class='ocrx_word' id='word_1_208' title='bbox 2115 2399 2218 2472; x_wconf 88' lang='grc'>20,</span> <span class='ocrx_word' id='word_1_209' title='bbox 2241 2400 2348 2471; x_wconf 89' lang='grc'>69,</span> 
     </span>
     <span class='ocr_line' id='line_1_24' title="bbox 423 2493 2350 2580; baseline 0.001 -26"><span class='ocrx_word' id='word_1_210' title='bbox 423 2498 479 2569; x_wconf 91' lang='grc'>1,</span> <span class='ocrx_word' id='word_1_211' title='bbox 523 2514 649 2554; x_wconf 86' lang='lat' dir='ltr'>una</span> <span class='ocrx_word' id='word_1_212' title='bbox 693 2495 782 2555; x_wconf 86' lang='lat' dir='ltr'>ed.</span> <span class='ocrx_word' id='word_1_213' title='bbox 830 2493 1015 2554; x_wconf 87' lang='lat' dir='ltr'>Basil.</span> <span class='ocrx_word' id='word_1_214' title='bbox 1060 2501 1274 2572; x_wconf 77' lang='grc' dir='ltr'><strong><em>πτοῆς,</em></strong></span> <span class='ocrx_word' id='word_1_215' title='bbox 1332 2495 1492 2572; x_wconf 86' lang='lat' dir='ltr'>quod</span> <span class='ocrx_word' id='word_1_216' title='bbox 1530 2494 1814 2580; x_wconf 63' lang='lat' dir='ltr'>yideatur</span> <span class='ocrx_word' id='word_1_217' title='bbox 1858 2512 1987 2556; x_wconf 85' lang='lat' dir='ltr'>esse</span> <span class='ocrx_word' id='word_1_218' title='bbox 2023 2494 2350 2574; x_wconf 80' lang='grc' dir='ltr'><strong><em>πτοήσεως,</em></strong></span> 
     </span>
     <span class='ocr_line' id='line_1_25' title="bbox 419 2592 1112 2671; baseline -0.003 -17"><span class='ocrx_word' id='word_1_219' title='bbox 419 2592 580 2671; x_wconf 85' lang='lat' dir='ltr'>quod</span> <span class='ocrx_word' id='word_1_220' title='bbox 625 2597 719 2654; x_wconf 90' lang='lat' dir='ltr'>est</span> <span class='ocrx_word' id='word_1_221' title='bbox 767 2595 868 2669; x_wconf 89' lang='grc'>20,</span> <span class='ocrx_word' id='word_1_222' title='bbox 909 2595 1011 2668; x_wconf 91' lang='grc'>66,</span> <span class='ocrx_word' id='word_1_223' title='bbox 1051 2594 1112 2652; x_wconf 86' lang='grc'>4.</span> 
     </span>
    </p>

    <p class='ocr_par' dir='ltr' id='par_1_3' title="bbox 581 2684 2349 2770">
     <span class='ocr_line' id='line_1_26' title="bbox 581 2684 2349 2770; baseline 0.001 -19"><span class='ocrx_word' id='word_1_224' title='bbox 581 2684 869 2751; x_wconf 75' lang='grc' dir='ltr'><strong><em>’Ἀπωθεν</em></strong></span> <span class='ocrx_word' id='word_1_225' title='bbox 922 2709 1032 2767; x_wconf 87' lang='lat' dir='ltr'>pro</span> <span class='ocrx_word' id='word_1_226' title='bbox 1088 2685 1327 2751; x_wconf 70' lang='grc' dir='ltr'><strong><em>ἄποθεν</em></strong></span> <span class='ocrx_word' id='word_1_227' title='bbox 1382 2690 1626 2751; x_wconf 79' lang='lat' dir='ltr'>restitui</span> <span class='ocrx_word' id='word_1_228' title='bbox 1675 2693 1732 2768; x_wconf 93' lang='lat'>2,</span> <span class='ocrx_word' id='word_1_229' title='bbox 1781 2692 1841 2766; x_wconf 89' lang='lat'>4,</span> <span class='ocrx_word' id='word_1_230' title='bbox 1890 2694 1956 2770; x_wconf 82' lang='lat'>23</span> <span class='ocrx_word' id='word_1_231' title='bbox 1995 2695 2074 2769; x_wconf 91' lang='lat'>-3,</span> <span class='ocrx_word' id='word_1_232' title='bbox 2125 2694 2226 2770; x_wconf 89' lang='lat'>15,</span> <span class='ocrx_word' id='word_1_233' title='bbox 2274 2695 2349 2770; x_wconf 72' lang='lat'>33</span> 
     </span>
    </p>
   </div>
   <div class='ocr_carea' id='block_1_3' title="bbox 418 2848 847 2857">
    <p class='ocr_par' dir='ltr' id='par_1_4' title="bbox 418 2848 847 2857">
     <span class='ocr_line' id='line_1_27' title="bbox 418 2848 847 2857; baseline 0 0"><span class='ocrx_word' id='word_1_234' title='bbox 418 2848 847 2857; x_wconf 95' lang='lat' dir='ltr'> </span> 
     </span>
    </p>
   </div>
   <div class='ocr_carea' id='block_1_4' title="bbox 418 2918 2408 3554">
    <p class='ocr_par' dir='ltr' id='par_1_5' title="bbox 552 2918 1667 2991">
     <span class='ocr_line' id='line_1_28' title="bbox 552 2918 1667 2991; baseline 0 -15"><span class='ocrx_word' id='word_1_235' title='bbox 552 2918 764 2986; x_wconf 75' lang='grc' dir='ltr'><strong><em>’Ἄστεος</em></strong></span> <span class='ocrx_word' id='word_1_236' title='bbox 804 2940 997 2979; x_wconf 88' lang='lat' dir='ltr'>omnes</span> <span class='ocrx_word' id='word_1_237' title='bbox 1033 2938 1136 2991; x_wconf 85' lang='lat' dir='ltr'>pro</span> <span class='ocrx_word' id='word_1_238' title='bbox 1174 2918 1386 2983; x_wconf 80' lang='grc' dir='ltr'><strong><em>ἄστεως</em></strong></span> <span class='ocrx_word' id='word_1_239' title='bbox 1427 2926 1471 2988; x_wconf 90' lang='grc'>1,</span> <span class='ocrx_word' id='word_1_240' title='bbox 1502 2926 1587 2989; x_wconf 88' lang='grc'>28,</span> <span class='ocrx_word' id='word_1_241' title='bbox 1617 2928 1667 2976; x_wconf 88' lang='lat'>4.</span> 
     </span>
    </p>

    <p class='ocr_par' dir='ltr' id='par_1_6' title="bbox 418 2998 2408 3312">
     <span class='ocr_line' id='line_1_29' title="bbox 562 2998 2408 3073; baseline 0 -15"><span class='ocrx_word' id='word_1_242' title='bbox 562 2998 722 3070; x_wconf 79' lang='grc' dir='ltr'><em>Αῧξω</em></span> <span class='ocrx_word' id='word_1_243' title='bbox 763 3002 1022 3059; x_wconf 89' lang='lat' dir='ltr'>omnibus</span> <span class='ocrx_word' id='word_1_244' title='bbox 1048 3002 1188 3058; x_wconf 87' lang='lat' dir='ltr'>locis</span> <span class='ocrx_word' id='word_1_245' title='bbox 1213 3000 1455 3069; x_wconf 83' lang='lat' dir='ltr'>restitui,</span> <span class='ocrx_word' id='word_1_246' title='bbox 1493 3001 1560 3056; x_wconf 84' lang='lat' dir='ltr'>ut</span> <span class='ocrx_word' id='word_1_247' title='bbox 1600 3003 1689 3057; x_wconf 84' lang='lat' dir='ltr'>est</span> <span class='ocrx_word' id='word_1_248' title='bbox 1723 3001 1786 3057; x_wconf 93' lang='lat' dir='ltr'>in</span> <span class='ocrx_word' id='word_1_249' title='bbox 1814 3002 2074 3058; x_wconf 83' lang='lat' dir='ltr'>omnibus</span> <span class='ocrx_word' id='word_1_250' title='bbox 2100 3003 2261 3057; x_wconf 83' lang='lat' dir='ltr'>libris</span> <span class='ocrx_word' id='word_1_251' title='bbox 2293 3011 2345 3073; x_wconf 85' lang='lat'>1,</span> <span class='ocrx_word' id='word_1_252' title='bbox 2403 3011 2408 3015; x_wconf 82' lang='lat'>&#39;</span> 
     </span>
     <span class='ocr_line' id='line_1_30' title="bbox 422 3085 2342 3154; baseline -0.002 -14"><span class='ocrx_word' id='word_1_253' title='bbox 422 3093 506 3154; x_wconf 91' lang='lat'>11,</span> <span class='ocrx_word' id='word_1_254' title='bbox 536 3090 595 3152; x_wconf 73' lang='grc' dir='ltr'><strong>ὅ,</strong></span> <span class='ocrx_word' id='word_1_255' title='bbox 638 3091 686 3153; x_wconf 92' lang='lat'>1,</span> <span class='ocrx_word' id='word_1_256' title='bbox 709 3090 796 3152; x_wconf 79' lang='lat'>35,</span> <span class='ocrx_word' id='word_1_257' title='bbox 827 3089 885 3150; x_wconf 73' lang='lat'>23</span> <span class='ocrx_word' id='word_1_258' title='bbox 927 3090 974 3152; x_wconf 92' lang='lat'>1,</span> <span class='ocrx_word' id='word_1_259' title='bbox 1003 3089 1090 3151; x_wconf 83' lang='lat'>36,</span> <span class='ocrx_word' id='word_1_260' title='bbox 1120 3088 1152 3136; x_wconf 78' lang='lat'>2</span> <span class='ocrx_word' id='word_1_261' title='bbox 1184 3086 1241 3137; x_wconf 75' lang='lat' dir='ltr'>et</span> <span class='ocrx_word' id='word_1_262' title='bbox 1270 3089 1329 3149; x_wconf 83' lang='grc'><strong>7;</strong></span> <span class='ocrx_word' id='word_1_263' title='bbox 1371 3088 1420 3149; x_wconf 89' lang='lat'>1,</span> <span class='ocrx_word' id='word_1_264' title='bbox 1449 3085 1535 3149; x_wconf 75' lang='grc'><strong>50,</strong></span> <span class='ocrx_word' id='word_1_265' title='bbox 1566 3088 1624 3149; x_wconf 80' lang='grc'>6;</span> <span class='ocrx_word' id='word_1_266' title='bbox 1665 3089 1716 3150; x_wconf 84' lang='lat'>2,</span> <span class='ocrx_word' id='word_1_267' title='bbox 1743 3088 1832 3149; x_wconf 83' lang='lat'>45,</span> <span class='ocrx_word' id='word_1_268' title='bbox 1861 3088 1920 3148; x_wconf 75' lang='lat'>23</span> <span class='ocrx_word' id='word_1_269' title='bbox 1960 3088 2010 3150; x_wconf 94' lang='lat'>3,</span> <span class='ocrx_word' id='word_1_270' title='bbox 2040 3087 2126 3150; x_wconf 83' lang='lat'>58,</span> <span class='ocrx_word' id='word_1_271' title='bbox 2156 3088 2214 3148; x_wconf 80' lang='lat'>2;</span> <span class='ocrx_word' id='word_1_272' title='bbox 2258 3089 2342 3152; x_wconf 89' lang='lat'>11,</span> 
     </span>
     <span class='ocr_line' id='line_1_31' title="bbox 420 3156 2346 3233; baseline 0 -15"><span class='ocrx_word' id='word_1_273' title='bbox 420 3174 506 3233; x_wconf 87' lang='lat'>46,</span> <span class='ocrx_word' id='word_1_274' title='bbox 539 3171 595 3232; x_wconf 73' lang='lat'>13</span> <span class='ocrx_word' id='word_1_275' title='bbox 637 3170 722 3231; x_wconf 91' lang='lat'>11,</span> <span class='ocrx_word' id='word_1_276' title='bbox 752 3169 837 3231; x_wconf 83' lang='lat'>61,</span> <span class='ocrx_word' id='word_1_277' title='bbox 868 3168 928 3229; x_wconf 77' lang='lat'>53</span> <span class='ocrx_word' id='word_1_278' title='bbox 969 3169 1052 3229; x_wconf 89' lang='lat'>11,</span> <span class='ocrx_word' id='word_1_279' title='bbox 1084 3168 1169 3231; x_wconf 86' lang='lat'>79,</span> <span class='ocrx_word' id='word_1_280' title='bbox 1199 3169 1257 3228; x_wconf 79' lang='lat'>23</span> <span class='ocrx_word' id='word_1_281' title='bbox 1298 3169 1386 3230; x_wconf 83' lang='lat'>-12,</span> <span class='ocrx_word' id='word_1_282' title='bbox 1417 3168 1504 3231; x_wconf 85' lang='lat'>77,</span> <span class='ocrx_word' id='word_1_283' title='bbox 1532 3168 1566 3217; x_wconf 82' lang='lat'>3</span> <span class='ocrx_word' id='word_1_284' title='bbox 1597 3164 1701 3217; x_wconf 81' lang='lat' dir='ltr'>etc.</span> <span class='ocrx_word' id='word_1_285' title='bbox 1733 3193 1797 3202; x_wconf 91' lang='lat'>—</span> <span class='ocrx_word' id='word_1_286' title='bbox 1830 3156 2059 3228; x_wconf 71' lang='grc' dir='ltr'><strong><em>αὐξάνω</em></strong></span> <span class='ocrx_word' id='word_1_287' title='bbox 2097 3167 2148 3231; x_wconf 82' lang='grc'>4,</span> <span class='ocrx_word' id='word_1_288' title='bbox 2175 3167 2346 3232; x_wconf 75' lang='grc'><strong>73,7;</strong></span> 
     </span>
     <span class='ocr_line' id='line_1_32' title="bbox 418 3240 1452 3312; baseline 0 -15"><span class='ocrx_word' id='word_1_289' title='bbox 418 3250 468 3312; x_wconf 85' lang='grc'>4,</span> <span class='ocrx_word' id='word_1_290' title='bbox 500 3252 585 3312; x_wconf 89' lang='grc'>73,</span> <span class='ocrx_word' id='word_1_291' title='bbox 615 3250 647 3299; x_wconf 80' lang='lat'>5</span> <span class='ocrx_word' id='word_1_292' title='bbox 677 3243 754 3310; x_wconf 71' lang='grc' dir='ltr'><strong>Π,</strong></span> <span class='ocrx_word' id='word_1_293' title='bbox 793 3250 841 3311; x_wconf 79' lang='lat'>2,</span> <span class='ocrx_word' id='word_1_294' title='bbox 873 3249 922 3311; x_wconf 89' lang='lat'>1,</span> <span class='ocrx_word' id='word_1_295' title='bbox 953 3248 985 3296; x_wconf 87' lang='lat'>9</span> <span class='ocrx_word' id='word_1_296' title='bbox 1013 3240 1088 3309; x_wconf 87' lang='lat' dir='ltr'>D;</span> <span class='ocrx_word' id='word_1_297' title='bbox 1127 3248 1295 3312; x_wconf 88' lang='lat'>4,11,</span> <span class='ocrx_word' id='word_1_298' title='bbox 1328 3250 1356 3297; x_wconf 89' lang='lat'>1</span> <span class='ocrx_word' id='word_1_299' title='bbox 1385 3241 1452 3297; x_wconf 90' lang='lat' dir='ltr'>D.</span> 
     </span>
    </p>

    <p class='ocr_par' dir='ltr' id='par_1_7' title="bbox 420 3318 2349 3554">
     <span class='ocr_line' id='line_1_33' title="bbox 564 3318 2344 3393; baseline -0.001 -15"><span class='ocrx_word' id='word_1_300' title='bbox 564 3319 748 3379; x_wconf 79' lang='grc' dir='ltr'><strong><em>Αὐτοῦ</em></strong></span> <span class='ocrx_word' id='word_1_301' title='bbox 786 3321 1112 3393; x_wconf 83' lang='lat' dir='ltr'>saepissime</span> <span class='ocrx_word' id='word_1_302' title='bbox 1149 3338 1254 3393; x_wconf 80' lang='lat' dir='ltr'>pro</span> <span class='ocrx_word' id='word_1_303' title='bbox 1293 3319 1474 3378; x_wconf 73' lang='grc' dir='ltr'><strong><em>αὑτοῦ</em></strong></span> <span class='ocrx_word' id='word_1_304' title='bbox 1512 3319 1783 3392; x_wconf 84' lang='lat' dir='ltr'>scriptum</span> <span class='ocrx_word' id='word_1_305' title='bbox 1820 3320 1909 3375; x_wconf 71' lang='lat' dir='ltr'>est</span> <span class='ocrx_word' id='word_1_306' title='bbox 1945 3320 2024 3390; x_wconf 89' lang='lat' dir='ltr'>(in</span> <span class='ocrx_word' id='word_1_307' title='bbox 2050 3318 2100 3373; x_wconf 92' lang='lat' dir='ltr'>D</span> <span class='ocrx_word' id='word_1_308' title='bbox 2139 3319 2344 3391; x_wconf 86' lang='lat' dir='ltr'>spiritu</span> 
     </span>
     <span class='ocr_line' id='line_1_34' title="bbox 426 3402 2349 3474; baseline 0.001 -19"><span class='ocrx_word' id='word_1_309' title='bbox 426 3417 597 3471; x_wconf 85' lang='lat' dir='ltr'>saepe</span> <span class='ocrx_word' id='word_1_310' title='bbox 633 3402 946 3474; x_wconf 84' lang='lat' dir='ltr'>neglecto),</span> <span class='ocrx_word' id='word_1_311' title='bbox 982 3403 1160 3459; x_wconf 81' lang='lat' dir='ltr'>veluti</span> <span class='ocrx_word' id='word_1_312' title='bbox 1200 3410 1249 3472; x_wconf 92' lang='lat'>1,</span> <span class='ocrx_word' id='word_1_313' title='bbox 1280 3410 1367 3471; x_wconf 84' lang='lat'>20,</span> <span class='ocrx_word' id='word_1_314' title='bbox 1395 3408 1455 3471; x_wconf 82' lang='lat'>23</span> <span class='ocrx_word' id='word_1_315' title='bbox 1494 3409 1545 3472; x_wconf 90' lang='lat'>2,</span> <span class='ocrx_word' id='word_1_316' title='bbox 1577 3408 1661 3471; x_wconf 93' lang='lat'>10,</span> <span class='ocrx_word' id='word_1_317' title='bbox 1691 3407 1749 3470; x_wconf 81' lang='lat'>33</span> <span class='ocrx_word' id='word_1_318' title='bbox 1788 3407 1839 3472; x_wconf 88' lang='grc'>2,</span> <span class='ocrx_word' id='word_1_319' title='bbox 1870 3406 1954 3469; x_wconf 88' lang='grc'>19,</span> <span class='ocrx_word' id='word_1_320' title='bbox 1983 3406 2042 3467; x_wconf 82' lang='grc'>9;</span> <span class='ocrx_word' id='word_1_321' title='bbox 2089 3407 2141 3474; x_wconf 88' lang='lat'>3,</span> <span class='ocrx_word' id='word_1_322' title='bbox 2169 3405 2255 3472; x_wconf 80' lang='lat'>59,</span> <span class='ocrx_word' id='word_1_323' title='bbox 2286 3407 2349 3471; x_wconf 72' lang='grc' dir='ltr'>ὃς</span> 
     </span>
     <span class='ocr_line' id='line_1_35' title="bbox 420 3486 1257 3554; baseline 0.007 -20"><span class='ocrx_word' id='word_1_324' title='bbox 420 3487 470 3548; x_wconf 90' lang='grc'>3,</span> <span class='ocrx_word' id='word_1_325' title='bbox 503 3486 587 3548; x_wconf 88' lang='lat'>71,</span> <span class='ocrx_word' id='word_1_326' title='bbox 616 3486 675 3547; x_wconf 74' lang='lat'>33</span> <span class='ocrx_word' id='word_1_327' title='bbox 716 3488 881 3552; x_wconf 83' lang='grc'><strong>4,,18,</strong></span> <span class='ocrx_word' id='word_1_328' title='bbox 909 3490 969 3550; x_wconf 82' lang='grc'>4;</span> <span class='ocrx_word' id='word_1_329' title='bbox 1009 3488 1062 3552; x_wconf 85' lang='lat'>4,</span> <span class='ocrx_word' id='word_1_330' title='bbox 1089 3490 1177 3554; x_wconf 85' lang='lat'>37,</span> <span class='ocrx_word' id='word_1_331' title='bbox 1207 3491 1257 3540; x_wconf 90' lang='lat'>4.</span> 
     </span>
    </p>
   </div>
  </div>
 </body>
</html>
