<?xml version="1.0" encoding="UTF-8"?>
<!DOCTYPE html PUBLIC "-//W3C//DTD XHTML 1.0 Transitional//EN"
    "http://www.w3.org/TR/xhtml1/DTD/xhtml1-transitional.dtd">
<html xmlns="http://www.w3.org/1999/xhtml" xml:lang="en" lang="en">
 <head>
  <title>
</title>
<meta http-equiv="Content-Type" content="text/html;charset=utf-8" />
  <meta name='ocr-system' content='tesseract 3.04.00' />
  <meta name='ocr-capabilities' content='ocr_page ocr_carea ocr_par ocr_line ocrx_word'/>
</head>
<body>
  <div class='ocr_page' id='page_1' title='image "./diodoribiblioth02dindgoog/diodoribiblioth02dindgoog_0458.png"; bbox 0 0 2569 4061; ppageno 0'>
   <div class='ocr_carea' id='block_1_1' title="bbox 415 292 1659 361">
    <p class='ocr_par' dir='ltr' id='par_1_1' title="bbox 415 292 1659 361">
     <span class='ocr_line' id='line_1_1' title="bbox 415 292 1659 361; baseline -0.011 0"><span class='ocrx_word' id='word_1_1' title='bbox 415 295 546 361; x_wconf 79' lang='lat'><strong><em>358</em></strong></span> <span class='ocrx_word' id='word_1_2' title='bbox 1081 292 1389 351; x_wconf 81' lang='lat' dir='ltr'>DIODORI</span> <span class='ocrx_word' id='word_1_3' title='bbox 1427 293 1659 351; x_wconf 85' lang='lat' dir='ltr'>SICULI</span> 
     </span>
    </p>
   </div>
   <div class='ocr_carea' id='block_1_2' title="bbox 339 454 2478 3209">
    <p class='ocr_par' dir='ltr' id='par_1_2' title="bbox 339 454 2478 3209">
     <span class='ocr_line' id='line_1_2' title="bbox 411 454 2360 542; baseline -0.001 -20"><span class='ocrx_word' id='word_1_4' title='bbox 411 458 660 542; x_wconf 76' lang='grc' dir='ltr'><strong><em>σπάσῃ,</em></strong></span> <span class='ocrx_word' id='word_1_5' title='bbox 730 454 969 541; x_wconf 83' lang='grc' dir='ltr'><strong><em>πρᾶξιν</em></strong></span> <span class='ocrx_word' id='word_1_6' title='bbox 1044 455 1552 523; x_wconf 78' lang='grc' dir='ltr'><strong><em>ἐπιτελέσασθαι</em></strong></span> <span class='ocrx_word' id='word_1_7' title='bbox 1623 460 1961 534; x_wconf 78' lang='grc' dir='ltr'><strong><em>παντελῶς</em></strong></span> <span class='ocrx_word' id='word_1_8' title='bbox 2034 456 2323 522; x_wconf 89' lang='grc' dir='ltr'><strong><em>ἀνόσιον</em></strong></span> <span class='ocrx_word' id='word_1_9' title='bbox 2340 477 2360 493; x_wconf 90' lang='lat'><strong>·</strong></span> 
     </span>
     <span class='ocr_line' id='line_1_3' title="bbox 339 558 2360 648; baseline 0 -20"><span class='ocrx_word' id='word_1_10' title='bbox 339 585 372 635; x_wconf 81' lang='lat'><strong>5</strong></span> <span class='ocrx_word' id='word_1_11' title='bbox 413 564 839 646; x_wconf 81' lang='grc' dir='ltr'><strong><em>συνωμοσίαν</em></strong></span> <span class='ocrx_word' id='word_1_12' title='bbox 901 563 1031 648; x_wconf 79' lang='grc' dir='ltr'><strong><em>γὰρ</em></strong></span> <span class='ocrx_word' id='word_1_13' title='bbox 1088 562 1582 647; x_wconf 77' lang='grc' dir='ltr'><strong><em>ποιησαμένους</em></strong></span> <span class='ocrx_word' id='word_1_14' title='bbox 1641 563 1762 628; x_wconf 90' lang='grc' dir='ltr'><strong><em>τὸν</em></strong></span> <span class='ocrx_word' id='word_1_15' title='bbox 1823 559 1945 648; x_wconf 69' lang='grc' dir='ltr'><strong><em>μὲν</em></strong></span> <span class='ocrx_word' id='word_1_16' title='bbox 1994 558 2360 648; x_wconf 70' lang='grc' dir='ltr'><strong><em>Ὑπερίονα</em></strong></span> 
     </span>
     <span class='ocr_line' id='line_1_4' title="bbox 405 664 2358 753; baseline 0.001 -20"><span class='ocrx_word' id='word_1_17' title='bbox 405 669 842 753; x_wconf 74' lang='grc' dir='ltr'><strong><em>κατασφάξαι,</em></strong></span> <span class='ocrx_word' id='word_1_18' title='bbox 890 671 1009 735; x_wconf 89' lang='grc' dir='ltr'><strong><em>τὸν</em></strong></span> <span class='ocrx_word' id='word_1_19' title='bbox 1057 664 1120 735; x_wconf 77' lang='grc' dir='ltr'><strong><em>δ’</em></strong></span> <span class='ocrx_word' id='word_1_20' title='bbox 1156 667 1400 737; x_wconf 63' lang='grc' dir='ltr'><strong><em>’Ἠλιον</em></strong></span> <span class='ocrx_word' id='word_1_21' title='bbox 1445 671 1608 736; x_wconf 81' lang='grc' dir='ltr'><strong><em>ὄντα</em></strong></span> <span class='ocrx_word' id='word_1_22' title='bbox 1651 671 1861 735; x_wconf 80' lang='grc' dir='ltr'><strong><em>παῖδα</em></strong></span> <span class='ocrx_word' id='word_1_23' title='bbox 1906 669 2030 752; x_wconf 85' lang='grc' dir='ltr'><strong><em>τὴν</em></strong></span> <span class='ocrx_word' id='word_1_24' title='bbox 2074 668 2358 752; x_wconf 80' lang='grc' dir='ltr'><strong><em>ἡλικίαν</em></strong></span> 
     </span>
     <span class='ocr_line' id='line_1_5' title="bbox 406 773 2478 861; baseline 0.003 -21"><span class='ocrx_word' id='word_1_25' title='bbox 406 773 814 859; x_wconf 76' lang='grc' dir='ltr'><strong><em>ἐμβαλόντας</em></strong></span> <span class='ocrx_word' id='word_1_26' title='bbox 870 777 967 855; x_wconf 83' lang='grc' dir='ltr'><strong><em>εἰς</em></strong></span> <span class='ocrx_word' id='word_1_27' title='bbox 1011 778 1131 842; x_wconf 88' lang='grc' dir='ltr'><strong><em>τὸν</em></strong></span> <span class='ocrx_word' id='word_1_28' title='bbox 1178 774 1544 861; x_wconf 79' lang='grc' dir='ltr'><strong><em>Ἠριδανὸν</em></strong></span> <span class='ocrx_word' id='word_1_29' title='bbox 1588 776 1889 860; x_wconf 91' lang='grc' dir='ltr'><strong><em>ποταμὸν</em></strong></span> <span class='ocrx_word' id='word_1_30' title='bbox 1934 774 2327 854; x_wconf 82' lang='grc' dir='ltr'><strong><em>ἀποπνῖξαι·</em></strong></span> <span class='ocrx_word' id='word_1_31' title='bbox 2355 795 2478 846; x_wconf 80' lang='lat'><strong><em>226</em></strong></span> 
     </span>
     <span class='ocr_line' id='line_1_6' title="bbox 405 879 2417 969; baseline 0 -21"><span class='ocrx_word' id='word_1_32' title='bbox 405 893 835 969; x_wconf 77' lang='grc' dir='ltr'><strong><em>καταφανοῦς</em></strong></span> <span class='ocrx_word' id='word_1_33' title='bbox 898 880 974 949; x_wconf 73' lang='grc' dir='ltr'><strong><em>δὲ</em></strong></span> <span class='ocrx_word' id='word_1_34' title='bbox 1036 881 1403 968; x_wconf 75' lang='grc' dir='ltr'><strong><em>γενομένης</em></strong></span> <span class='ocrx_word' id='word_1_35' title='bbox 1464 891 1582 966; x_wconf 85' lang='grc' dir='ltr'><strong><em>τῆς</em></strong></span> <span class='ocrx_word' id='word_1_36' title='bbox 1644 882 1951 966; x_wconf 81' lang='grc' dir='ltr'><strong><em>ἀτυχίας,</em></strong></span> <span class='ocrx_word' id='word_1_37' title='bbox 2022 883 2148 965; x_wconf 78' lang='grc' dir='ltr'><strong><em>τὴν</em></strong></span> <span class='ocrx_word' id='word_1_38' title='bbox 2219 879 2356 967; x_wconf 75' lang='grc' dir='ltr'><strong><em>μὲν</em></strong></span> <span class='ocrx_word' id='word_1_39' title='bbox 2387 899 2417 940; x_wconf 84' lang='grc'><strong>5</strong></span> 
     </span>
     <span class='ocr_line' id='line_1_7' title="bbox 407 984 2351 1076; baseline 0 -21"><span class='ocrx_word' id='word_1_40' title='bbox 407 993 722 1074; x_wconf 85' lang='grc' dir='ltr'><strong><em>Σελήνην</em></strong></span> <span class='ocrx_word' id='word_1_41' title='bbox 785 991 1206 1076; x_wconf 78' lang='grc' dir='ltr'><strong><em>φιλάδελφον</em></strong></span> <span class='ocrx_word' id='word_1_42' title='bbox 1269 984 1484 1055; x_wconf 82' lang='grc' dir='ltr'><strong><em>οὖσαν</em></strong></span> <span class='ocrx_word' id='word_1_43' title='bbox 1545 985 1705 1056; x_wconf 88' lang='grc' dir='ltr'><strong><em>καθ’</em></strong></span> <span class='ocrx_word' id='word_1_44' title='bbox 1762 989 2148 1074; x_wconf 84' lang='grc' dir='ltr'><strong><em>ὑπερβολὴν</em></strong></span> <span class='ocrx_word' id='word_1_45' title='bbox 2211 988 2351 1055; x_wconf 86' lang='grc' dir='ltr'><strong><em>ἀπὸ</em></strong></span> 
     </span>
     <span class='ocr_line' id='line_1_8' title="bbox 409 1092 2350 1182; baseline 0.001 -21"><span class='ocrx_word' id='word_1_46' title='bbox 409 1105 531 1162; x_wconf 92' lang='grc' dir='ltr'><strong><em>τοῦ</em></strong></span> <span class='ocrx_word' id='word_1_47' title='bbox 575 1094 808 1180; x_wconf 87' lang='grc' dir='ltr'><strong><em>τέγους</em></strong></span> <span class='ocrx_word' id='word_1_48' title='bbox 853 1094 1096 1179; x_wconf 79' lang='grc' dir='ltr'><strong><em>ἑαυτὴν</em></strong></span> <span class='ocrx_word' id='word_1_49' title='bbox 1143 1095 1369 1182; x_wconf 81' lang='grc' dir='ltr'><strong><em>ῥῖψαι,</em></strong></span> <span class='ocrx_word' id='word_1_50' title='bbox 1424 1096 1547 1179; x_wconf 81' lang='grc' dir='ltr'><strong><em>τὴν</em></strong></span> <span class='ocrx_word' id='word_1_51' title='bbox 1604 1092 1678 1160; x_wconf 76' lang='grc' dir='ltr'><strong><em>δὲ</em></strong></span> <span class='ocrx_word' id='word_1_52' title='bbox 1723 1093 1972 1181; x_wconf 84' lang='grc' dir='ltr'><strong><em>μητέρα</em></strong></span> <span class='ocrx_word' id='word_1_53' title='bbox 2020 1098 2350 1179; x_wconf 74' lang='grc' dir='ltr'><strong><em>ζητοῦσαν</em></strong></span> 
     </span>
     <span class='ocr_line' id='line_1_9' title="bbox 408 1199 2351 1287; baseline 0 -20"><span class='ocrx_word' id='word_1_54' title='bbox 408 1205 484 1267; x_wconf 90' lang='grc' dir='ltr'><strong><em>τὸ</em></strong></span> <span class='ocrx_word' id='word_1_55' title='bbox 532 1213 719 1285; x_wconf 81' lang='grc' dir='ltr'><strong><em>σῶμα</em></strong></span> <span class='ocrx_word' id='word_1_56' title='bbox 755 1202 935 1287; x_wconf 75' lang='grc' dir='ltr'><strong><em>παρὰ</em></strong></span> <span class='ocrx_word' id='word_1_57' title='bbox 970 1203 1092 1267; x_wconf 91' lang='grc' dir='ltr'><strong><em>τὸν</em></strong></span> <span class='ocrx_word' id='word_1_58' title='bbox 1128 1204 1432 1286; x_wconf 89' lang='grc' dir='ltr'><strong><em>ποταμὸν</em></strong></span> <span class='ocrx_word' id='word_1_59' title='bbox 1469 1204 1810 1285; x_wconf 76' lang='grc' dir='ltr'><strong><em>σύγκοπον</em></strong></span> <span class='ocrx_word' id='word_1_60' title='bbox 1844 1199 2188 1286; x_wconf 84' lang='grc' dir='ltr'><strong><em>γενέσθαι,</em></strong></span> <span class='ocrx_word' id='word_1_61' title='bbox 2232 1199 2351 1267; x_wconf 85' lang='grc' dir='ltr'><strong><em>καὶ</em></strong></span> 
     </span>
     <span class='ocr_line' id='line_1_10' title="bbox 408 1303 2349 1392; baseline 0.001 -18"><span class='ocrx_word' id='word_1_62' title='bbox 408 1314 923 1392; x_wconf 80' lang='grc' dir='ltr'><strong><em>κατενεχθεῖσαν</em></strong></span> <span class='ocrx_word' id='word_1_63' title='bbox 968 1310 1064 1386; x_wconf 86' lang='grc' dir='ltr'><strong><em>εἰς</em></strong></span> <span class='ocrx_word' id='word_1_64' title='bbox 1098 1308 1320 1375; x_wconf 73' lang='grc' dir='ltr'><strong><em>ὕπνον</em></strong></span> <span class='ocrx_word' id='word_1_65' title='bbox 1359 1310 1531 1376; x_wconf 75' lang='grc' dir='ltr'><strong><em>ἰδεῖν</em></strong></span> <span class='ocrx_word' id='word_1_66' title='bbox 1567 1310 1748 1392; x_wconf 80' lang='grc' dir='ltr'><strong><em>ὄψιν,</em></strong></span> <span class='ocrx_word' id='word_1_67' title='bbox 1793 1303 1951 1374; x_wconf 83' lang='grc' dir='ltr'><strong><em>καθ’</em></strong></span> <span class='ocrx_word' id='word_1_68' title='bbox 1992 1308 2080 1392; x_wconf 68' lang='grc' dir='ltr'><strong><em>’ἣν</em></strong></span> <span class='ocrx_word' id='word_1_69' title='bbox 2118 1308 2349 1390; x_wconf 78' lang='grc' dir='ltr'><strong><em>ἔδοξεν</em></strong></span> 
     </span>
     <span class='ocr_line' id='line_1_11' title="bbox 408 1412 2436 1502; baseline 0.002 -24"><span class='ocrx_word' id='word_1_70' title='bbox 408 1413 762 1479; x_wconf 77' lang='grc' dir='ltr'><strong><em>ἐπιστάντα</em></strong></span> <span class='ocrx_word' id='word_1_71' title='bbox 806 1416 926 1480; x_wconf 89' lang='grc' dir='ltr'><strong><em>τὸν</em></strong></span> <span class='ocrx_word' id='word_1_72' title='bbox 954 1412 1197 1482; x_wconf 65' lang='grc' dir='ltr'><strong><em>’Ἠλιον</em></strong></span> <span class='ocrx_word' id='word_1_73' title='bbox 1233 1421 1644 1501; x_wconf 78' lang='grc' dir='ltr'><strong><em>παρακαλεῖν</em></strong></span> <span class='ocrx_word' id='word_1_74' title='bbox 1683 1413 1895 1498; x_wconf 78' lang='grc' dir='ltr'><strong><em>αὐτὴν</em></strong></span> <span class='ocrx_word' id='word_1_75' title='bbox 1932 1415 2020 1499; x_wconf 84' lang='grc' dir='ltr'><strong><em>μὴ</em></strong></span> <span class='ocrx_word' id='word_1_76' title='bbox 2056 1421 2347 1502; x_wconf 78' lang='grc' dir='ltr'><strong><em>θρηνεῖν</em></strong></span> <span class='ocrx_word' id='word_1_77' title='bbox 2380 1433 2436 1472; x_wconf 88' lang='lat'><strong><em>1⁰</em></strong></span> 
     </span>
     <span class='ocr_line' id='line_1_12' title="bbox 405 1517 2345 1609; baseline 0.002 -25"><span class='ocrx_word' id='word_1_78' title='bbox 405 1521 527 1585; x_wconf 91' lang='grc' dir='ltr'><strong><em>τὸν</em></strong></span> <span class='ocrx_word' id='word_1_79' title='bbox 581 1530 716 1586; x_wconf 79' lang='grc' dir='ltr'><strong><em>τῶν</em></strong></span> <span class='ocrx_word' id='word_1_80' title='bbox 769 1519 1021 1588; x_wconf 83' lang='grc' dir='ltr'><strong><em>τέκνων</em></strong></span> <span class='ocrx_word' id='word_1_81' title='bbox 1074 1523 1405 1589; x_wconf 88' lang='grc' dir='ltr'><strong><em>θάνατον·</em></strong></span> <span class='ocrx_word' id='word_1_82' title='bbox 1466 1524 1626 1599; x_wconf 83' lang='grc' dir='ltr'><strong><em>τοὺς</em></strong></span> <span class='ocrx_word' id='word_1_83' title='bbox 1685 1517 1809 1606; x_wconf 78' lang='grc' dir='ltr'><strong><em>μὲν</em></strong></span> <span class='ocrx_word' id='word_1_84' title='bbox 1866 1520 1997 1609; x_wconf 76' lang='grc' dir='ltr'><strong><em>γὰρ</em></strong></span> <span class='ocrx_word' id='word_1_85' title='bbox 2065 1525 2345 1598; x_wconf 84' lang='grc' dir='ltr'><strong><em>Τιτᾶνας</em></strong></span> 
     </span>
     <span class='ocr_line' id='line_1_13' title="bbox 409 1625 2411 1717; baseline 0.001 -25"><span class='ocrx_word' id='word_1_86' title='bbox 409 1626 763 1707; x_wconf 84' lang='grc' dir='ltr'><strong><em>τεύξεσθαι</em></strong></span> <span class='ocrx_word' id='word_1_87' title='bbox 796 1637 913 1712; x_wconf 79' lang='grc' dir='ltr'><strong><em>τῆς</em></strong></span> <span class='ocrx_word' id='word_1_88' title='bbox 949 1629 1420 1717; x_wconf 81' lang='grc' dir='ltr'><strong><em>προσηκούσης</em></strong></span> <span class='ocrx_word' id='word_1_89' title='bbox 1454 1630 1796 1715; x_wconf 78' lang='grc' dir='ltr'><strong><em>τιμωρίας,</em></strong></span> <span class='ocrx_word' id='word_1_90' title='bbox 1844 1625 2085 1694; x_wconf 79' lang='grc' dir='ltr'><strong><em>ἑαυτὸν</em></strong></span> <span class='ocrx_word' id='word_1_91' title='bbox 2124 1625 2198 1693; x_wconf 76' lang='grc' dir='ltr'><strong><em>δὲ</em></strong></span> <span class='ocrx_word' id='word_1_92' title='bbox 2233 1627 2344 1694; x_wconf 85' lang='grc' dir='ltr'><strong><em>καὶ</em></strong></span> <span class='ocrx_word' id='word_1_93' title='bbox 2396 1665 2411 1681; x_wconf 86' lang='lat'><strong>·</strong></span> 
     </span>
     <span class='ocr_line' id='line_1_14' title="bbox 409 1734 2344 1821; baseline 0 -21"><span class='ocrx_word' id='word_1_94' title='bbox 409 1735 531 1818; x_wconf 86' lang='grc' dir='ltr'><strong><em>τὴν</em></strong></span> <span class='ocrx_word' id='word_1_95' title='bbox 597 1734 899 1821; x_wconf 78' lang='grc' dir='ltr'><strong><em>ἀδελφὴν</em></strong></span> <span class='ocrx_word' id='word_1_96' title='bbox 963 1738 1059 1813; x_wconf 83' lang='grc' dir='ltr'><strong><em>εἰς</em></strong></span> <span class='ocrx_word' id='word_1_97' title='bbox 1122 1735 1506 1813; x_wconf 84' lang='grc' dir='ltr'><strong><em>ἀθανάτους</em></strong></span> <span class='ocrx_word' id='word_1_98' title='bbox 1568 1735 1808 1820; x_wconf 88' lang='grc' dir='ltr'><strong><em>φύσεις</em></strong></span> <span class='ocrx_word' id='word_1_99' title='bbox 1871 1751 2344 1819; x_wconf 85' lang='grc' dir='ltr'><strong><em>μετασχηματι-</em></strong></span> 
     </span>
     <span class='ocr_line' id='line_1_15' title="bbox 410 1839 2342 1945; baseline -0.001 -39"><span class='ocrx_word' id='word_1_100' title='bbox 410 1844 792 1945; x_wconf 82' lang='grc' dir='ltr'><strong><em>σθήσεσθαι</em></strong></span> <span class='ocrx_word' id='word_1_101' title='bbox 835 1845 994 1930; x_wconf 73' lang='grc' dir='ltr'><strong><em>θεία</em></strong></span> <span class='ocrx_word' id='word_1_102' title='bbox 1038 1839 1173 1907; x_wconf 80' lang='grc' dir='ltr'><strong><em>τινὶ</em></strong></span> <span class='ocrx_word' id='word_1_103' title='bbox 1217 1844 1505 1930; x_wconf 73' lang='grc' dir='ltr'><strong><em>προνοίᾳ</em></strong></span> <span class='ocrx_word' id='word_1_104' title='bbox 1518 1863 1533 1878; x_wconf 87' lang='grc'><em>·</em></span> <span class='ocrx_word' id='word_1_105' title='bbox 1580 1842 2176 1927; x_wconf 84' lang='grc' dir='ltr'><strong><em>ὀνομασθήσεσθαι</em></strong></span> <span class='ocrx_word' id='word_1_106' title='bbox 2211 1843 2342 1925; x_wconf 77' lang='grc' dir='ltr'><strong><em>γὰρ</em></strong></span> 
     </span>
     <span class='ocr_line' id='line_1_16' title="bbox 410 1944 2430 2037; baseline -0.001 -25"><span class='ocrx_word' id='word_1_107' title='bbox 410 1947 541 2013; x_wconf 82' lang='grc' dir='ltr'><strong><em>ὑπὸ</em></strong></span> <span class='ocrx_word' id='word_1_108' title='bbox 597 1959 732 2015; x_wconf 81' lang='grc' dir='ltr'><strong><em>τῶν</em></strong></span> <span class='ocrx_word' id='word_1_109' title='bbox 779 1949 1160 2036; x_wconf 80' lang='grc' dir='ltr'><strong><em>ἀνθρώπων</em></strong></span> <span class='ocrx_word' id='word_1_110' title='bbox 1208 1949 1404 2032; x_wconf 75' lang='grc' dir='ltr'><strong><em>ἥλιον</em></strong></span> <span class='ocrx_word' id='word_1_111' title='bbox 1446 1944 1570 2035; x_wconf 74' lang='grc' dir='ltr'><strong><em>μὲν</em></strong></span> <span class='ocrx_word' id='word_1_112' title='bbox 1615 1950 1691 2013; x_wconf 89' lang='grc' dir='ltr'><strong><em>τὸ</em></strong></span> <span class='ocrx_word' id='word_1_113' title='bbox 1737 1951 2058 2037; x_wconf 86' lang='grc' dir='ltr'><strong><em>πρότερον</em></strong></span> <span class='ocrx_word' id='word_1_114' title='bbox 2104 1945 2177 2011; x_wconf 79' lang='grc' dir='ltr'><strong><em>ἐν</em></strong></span> <span class='ocrx_word' id='word_1_115' title='bbox 2222 1945 2341 2011; x_wconf 74' lang='grc' dir='ltr'><strong><em>οὐ·</em></strong></span> <span class='ocrx_word' id='word_1_116' title='bbox 2374 1965 2430 2006; x_wconf 84' lang='lat'><strong><em>15</em></strong></span> 
     </span>
     <span class='ocr_line' id='line_1_17' title="bbox 411 2052 2343 2142; baseline -0.001 -22"><span class='ocrx_word' id='word_1_117' title='bbox 411 2063 595 2142; x_wconf 75' lang='grc' dir='ltr'><strong><em>ρανῷ</em></strong></span> <span class='ocrx_word' id='word_1_118' title='bbox 640 2064 775 2141; x_wconf 87' lang='grc' dir='ltr'><strong><em>πῦρ</em></strong></span> <span class='ocrx_word' id='word_1_119' title='bbox 822 2057 1004 2142; x_wconf 76' lang='grc' dir='ltr'><strong><em>ἱερὸν</em></strong></span> <span class='ocrx_word' id='word_1_120' title='bbox 1039 2055 1478 2141; x_wconf 85' lang='grc' dir='ltr'><strong><em>καλούμενον,</em></strong></span> <span class='ocrx_word' id='word_1_121' title='bbox 1526 2058 1815 2139; x_wconf 83' lang='grc' dir='ltr'><strong><em>σελήνην</em></strong></span> <span class='ocrx_word' id='word_1_122' title='bbox 1853 2052 1929 2120; x_wconf 68' lang='grc' dir='ltr'><strong><em>δὲ</em></strong></span> <span class='ocrx_word' id='word_1_123' title='bbox 1963 2054 2086 2138; x_wconf 81' lang='grc' dir='ltr'><strong><em>τὴν</em></strong></span> <span class='ocrx_word' id='word_1_124' title='bbox 2122 2055 2343 2138; x_wconf 89' lang='grc' dir='ltr'><strong><em>μήνην</em></strong></span> 
     </span>
     <span class='ocr_line' id='line_1_18' title="bbox 339 2158 2343 2249; baseline -0.001 -21"><span class='ocrx_word' id='word_1_125' title='bbox 339 2180 373 2228; x_wconf 81' lang='grc'><strong>6</strong></span> <span class='ocrx_word' id='word_1_126' title='bbox 410 2161 1099 2249; x_wconf 79' lang='grc' dir='ltr'><strong><em>προσαγορευομένην.</em></strong></span> <span class='ocrx_word' id='word_1_127' title='bbox 1174 2164 1640 2249; x_wconf 77' lang='grc' dir='ltr'><strong><em>διεγερθεῖσαν</em></strong></span> <span class='ocrx_word' id='word_1_128' title='bbox 1678 2158 1754 2228; x_wconf 76' lang='grc' dir='ltr'><strong><em>δὲ</em></strong></span> <span class='ocrx_word' id='word_1_129' title='bbox 1788 2161 1902 2228; x_wconf 85' lang='grc' dir='ltr'><strong><em>καὶ</em></strong></span> <span class='ocrx_word' id='word_1_130' title='bbox 1946 2171 2087 2238; x_wconf 90' lang='grc' dir='ltr'><strong><em>τοῖς</em></strong></span> <span class='ocrx_word' id='word_1_131' title='bbox 2124 2163 2343 2245; x_wconf 80' lang='grc' dir='ltr'><strong><em>ὄχλοις</em></strong></span> 
     </span>
     <span class='ocr_line' id='line_1_19' title="bbox 410 2267 2340 2357; baseline 0 -23"><span class='ocrx_word' id='word_1_132' title='bbox 410 2271 532 2335; x_wconf 91' lang='grc' dir='ltr'><strong><em>τόν</em></strong></span> <span class='ocrx_word' id='word_1_133' title='bbox 575 2293 645 2336; x_wconf 87' lang='grc' dir='ltr'><strong><em>τε</em></strong></span> <span class='ocrx_word' id='word_1_134' title='bbox 693 2272 959 2356; x_wconf 80' lang='grc' dir='ltr'><strong><em>ὄνειρον</em></strong></span> <span class='ocrx_word' id='word_1_135' title='bbox 1004 2267 1115 2335; x_wconf 87' lang='grc' dir='ltr'><strong><em>καὶ</em></strong></span> <span class='ocrx_word' id='word_1_136' title='bbox 1162 2272 1243 2336; x_wconf 78' lang='grc' dir='ltr'><strong><em>τὰ</em></strong></span> <span class='ocrx_word' id='word_1_137' title='bbox 1288 2267 1442 2357; x_wconf 88' lang='grc' dir='ltr'><strong><em>περὶ</em></strong></span> <span class='ocrx_word' id='word_1_138' title='bbox 1487 2269 1697 2353; x_wconf 74' lang='grc' dir='ltr'><strong><em>αὐτὴν</em></strong></span> <span class='ocrx_word' id='word_1_139' title='bbox 1743 2269 2126 2353; x_wconf 83' lang='grc' dir='ltr'><strong><em>ἀτυχήματα</em></strong></span> <span class='ocrx_word' id='word_1_140' title='bbox 2173 2269 2340 2334; x_wconf 77' lang='grc' dir='ltr'><strong><em>διελ-</em></strong></span> 
     </span>
     <span class='ocr_line' id='line_1_20' title="bbox 411 2373 2340 2461; baseline -0.001 -20"><span class='ocrx_word' id='word_1_141' title='bbox 411 2380 679 2441; x_wconf 88' lang='grc' dir='ltr'><strong><em>θοῦσαν</em></strong></span> <span class='ocrx_word' id='word_1_142' title='bbox 734 2375 1010 2454; x_wconf 78' lang='grc' dir='ltr'><strong><em>ἀξιῶσαι</em></strong></span> <span class='ocrx_word' id='word_1_143' title='bbox 1055 2386 1196 2453; x_wconf 90' lang='grc' dir='ltr'><strong><em>τοῖς</em></strong></span> <span class='ocrx_word' id='word_1_144' title='bbox 1240 2373 1366 2461; x_wconf 71' lang='grc' dir='ltr'><strong><em>μὲν</em></strong></span> <span class='ocrx_word' id='word_1_145' title='bbox 1409 2377 1945 2460; x_wconf 84' lang='grc' dir='ltr'><strong><em>τετελευτηκόσιν</em></strong></span> <span class='ocrx_word' id='word_1_146' title='bbox 1992 2374 2340 2460; x_wconf 82' lang='grc' dir='ltr'><strong><em>ἀπονεῖμαι</em></strong></span> 
     </span>
     <span class='ocr_line' id='line_1_21' title="bbox 411 2476 2423 2567; baseline 0 -22"><span class='ocrx_word' id='word_1_147' title='bbox 411 2485 602 2567; x_wconf 81' lang='grc' dir='ltr'><strong><em>τιμὰς</em></strong></span> <span class='ocrx_word' id='word_1_148' title='bbox 649 2481 993 2565; x_wconf 77' lang='grc' dir='ltr'><strong><em>ἰσοθέους,</em></strong></span> <span class='ocrx_word' id='word_1_149' title='bbox 1052 2492 1175 2549; x_wconf 93' lang='grc' dir='ltr'><strong><em>τοῦ</em></strong></span> <span class='ocrx_word' id='word_1_150' title='bbox 1237 2476 1300 2547; x_wconf 77' lang='grc' dir='ltr'><strong><em>δ’</em></strong></span> <span class='ocrx_word' id='word_1_151' title='bbox 1352 2482 1557 2566; x_wconf 79' lang='grc' dir='ltr'><strong><em>αὐτῆς</em></strong></span> <span class='ocrx_word' id='word_1_152' title='bbox 1602 2483 1902 2567; x_wconf 84' lang='grc' dir='ltr'><strong><em>σώματος</em></strong></span> <span class='ocrx_word' id='word_1_153' title='bbox 1948 2479 2179 2567; x_wconf 86' lang='grc' dir='ltr'><strong><em>μηκέτι</em></strong></span> <span class='ocrx_word' id='word_1_154' title='bbox 2225 2503 2340 2566; x_wconf 78' lang='grc' dir='ltr'><strong><em>μη·</em></strong></span> <span class='ocrx_word' id='word_1_155' title='bbox 2368 2497 2423 2538; x_wconf 74' lang='lat'><strong><em>20</em></strong></span> 
     </span>
     <span class='ocr_line' id='line_1_22' title="bbox 343 2584 2342 2673; baseline 0 -21"><span class='ocrx_word' id='word_1_156' title='bbox 343 2605 372 2652; x_wconf 81' lang='lat'><strong>7</strong></span> <span class='ocrx_word' id='word_1_157' title='bbox 414 2585 574 2652; x_wconf 79' lang='grc' dir='ltr'><strong><em>δένα</em></strong></span> <span class='ocrx_word' id='word_1_158' title='bbox 618 2594 861 2671; x_wconf 84' lang='grc' dir='ltr'><strong><em>θιγεῖν.</em></strong></span> <span class='ocrx_word' id='word_1_159' title='bbox 934 2589 1096 2672; x_wconf 81' lang='grc' dir='ltr'><strong><em>μετὰ</em></strong></span> <span class='ocrx_word' id='word_1_160' title='bbox 1143 2584 1217 2654; x_wconf 74' lang='grc' dir='ltr'><strong><em>δὲ</em></strong></span> <span class='ocrx_word' id='word_1_161' title='bbox 1262 2597 1473 2654; x_wconf 91' lang='grc' dir='ltr'><strong><em>ταῦτα</em></strong></span> <span class='ocrx_word' id='word_1_162' title='bbox 1518 2587 1772 2673; x_wconf 81' lang='grc' dir='ltr'><strong><em>ἐμμανῆ</em></strong></span> <span class='ocrx_word' id='word_1_163' title='bbox 1817 2586 2191 2673; x_wconf 84' lang='grc' dir='ltr'><strong><em>γενομένην</em></strong></span> <span class='ocrx_word' id='word_1_164' title='bbox 2233 2585 2342 2653; x_wconf 86' lang='grc' dir='ltr'><strong><em>καὶ</em></strong></span> 
     </span>
     <span class='ocr_line' id='line_1_23' title="bbox 410 2695 2341 2780; baseline 0.001 -23"><span class='ocrx_word' id='word_1_165' title='bbox 410 2702 545 2757; x_wconf 80' lang='grc' dir='ltr'><strong><em>τῶν</em></strong></span> <span class='ocrx_word' id='word_1_166' title='bbox 601 2703 718 2777; x_wconf 84' lang='grc' dir='ltr'><strong><em>τῆς</em></strong></span> <span class='ocrx_word' id='word_1_167' title='bbox 774 2695 1113 2778; x_wconf 84' lang='grc' dir='ltr'><strong><em>θυγατρὸς</em></strong></span> <span class='ocrx_word' id='word_1_168' title='bbox 1178 2697 1509 2779; x_wconf 85' lang='grc' dir='ltr'><strong><em>παιγνίων</em></strong></span> <span class='ocrx_word' id='word_1_169' title='bbox 1572 2697 1654 2762; x_wconf 80' lang='grc' dir='ltr'><strong><em>τὰ</em></strong></span> <span class='ocrx_word' id='word_1_170' title='bbox 1717 2696 2060 2780; x_wconf 76' lang='grc' dir='ltr'><strong><em>δυνάμενα</em></strong></span> <span class='ocrx_word' id='word_1_171' title='bbox 2116 2696 2341 2778; x_wconf 82' lang='grc' dir='ltr'><strong><em>ψόφον</em></strong></span> 
     </span>
     <span class='ocr_line' id='line_1_24' title="bbox 411 2798 2337 2886; baseline 0 -21"><span class='ocrx_word' id='word_1_172' title='bbox 411 2798 733 2868; x_wconf 79' lang='grc' dir='ltr'><strong><em>ἐπιτελεῖν</em></strong></span> <span class='ocrx_word' id='word_1_173' title='bbox 788 2798 1184 2886; x_wconf 82' lang='grc' dir='ltr'><strong><em>ἁρπάσασαν</em></strong></span> <span class='ocrx_word' id='word_1_174' title='bbox 1246 2806 1631 2868; x_wconf 84' lang='grc' dir='ltr'><strong><em>πλανᾶσθαι</em></strong></span> <span class='ocrx_word' id='word_1_175' title='bbox 1692 2803 1860 2867; x_wconf 79' lang='grc' dir='ltr'><strong><em>κατὰ</em></strong></span> <span class='ocrx_word' id='word_1_176' title='bbox 1915 2802 2041 2884; x_wconf 78' lang='grc' dir='ltr'><strong><em>τὴν</em></strong></span> <span class='ocrx_word' id='word_1_177' title='bbox 2098 2801 2337 2885; x_wconf 81' lang='grc' dir='ltr'><strong><em>χώραν,</em></strong></span> 
     </span>
     <span class='ocr_line' id='line_1_25' title="bbox 411 2903 2340 2996; baseline -0.001 -24"><span class='ocrx_word' id='word_1_178' title='bbox 411 2905 785 2991; x_wconf 86' lang='grc' dir='ltr'><strong><em>λελυμένην</em></strong></span> <span class='ocrx_word' id='word_1_179' title='bbox 840 2903 963 2991; x_wconf 74' lang='grc' dir='ltr'><strong><em>μὲν</em></strong></span> <span class='ocrx_word' id='word_1_180' title='bbox 1017 2907 1134 2986; x_wconf 82' lang='grc' dir='ltr'><strong><em>τὰς</em></strong></span> <span class='ocrx_word' id='word_1_181' title='bbox 1189 2910 1447 2994; x_wconf 88' lang='grc' dir='ltr'><strong><em>τρίχας,</em></strong></span> <span class='ocrx_word' id='word_1_182' title='bbox 1494 2916 1585 2996; x_wconf 79' lang='grc' dir='ltr'><strong><em>τῷ</em></strong></span> <span class='ocrx_word' id='word_1_183' title='bbox 1634 2904 1709 2973; x_wconf 77' lang='grc' dir='ltr'><strong><em>δὲ</em></strong></span> <span class='ocrx_word' id='word_1_184' title='bbox 1757 2909 1869 2973; x_wconf 78' lang='grc' dir='ltr'><strong><em>διὰ</em></strong></span> <span class='ocrx_word' id='word_1_185' title='bbox 1913 2916 2050 2972; x_wconf 81' lang='grc' dir='ltr'><strong><em>τῶν</em></strong></span> <span class='ocrx_word' id='word_1_186' title='bbox 2093 2907 2340 2990; x_wconf 89' lang='grc' dir='ltr'><strong><em>τυμπά-</em></strong></span> 
     </span>
     <span class='ocr_line' id='line_1_26' title="bbox 411 3013 2416 3104; baseline 0.002 -23"><span class='ocrx_word' id='word_1_187' title='bbox 411 3039 553 3081; x_wconf 90' lang='grc' dir='ltr'><strong><em>νων</em></strong></span> <span class='ocrx_word' id='word_1_188' title='bbox 598 3013 710 3081; x_wconf 79' lang='grc' dir='ltr'><strong><em>καὶ</em></strong></span> <span class='ocrx_word' id='word_1_189' title='bbox 753 3015 1113 3101; x_wconf 87' lang='grc' dir='ltr'><strong><em>κυμβάλων</em></strong></span> <span class='ocrx_word' id='word_1_190' title='bbox 1158 3018 1359 3104; x_wconf 77' lang='grc' dir='ltr'><strong><em>ψόφῳ</em></strong></span> <span class='ocrx_word' id='word_1_191' title='bbox 1407 3014 1880 3098; x_wconf 82' lang='grc' dir='ltr'><strong><em>ἐνθεάζουσαν,</em></strong></span> <span class='ocrx_word' id='word_1_192' title='bbox 1934 3014 2107 3080; x_wconf 79' lang='grc' dir='ltr'><strong><em>ὥστε</em></strong></span> <span class='ocrx_word' id='word_1_193' title='bbox 2149 3036 2338 3078; x_wconf 80' lang='grc' dir='ltr'><strong><em>κατα·</em></strong></span> <span class='ocrx_word' id='word_1_194' title='bbox 2363 3044 2416 3085; x_wconf 78' lang='lat'><strong><em>2⁵</em></strong></span> 
     </span>
     <span class='ocr_line' id='line_1_27' title="bbox 343 3119 2336 3209; baseline 0 -23"><span class='ocrx_word' id='word_1_195' title='bbox 343 3137 376 3186; x_wconf 86' lang='lat'>8</span> <span class='ocrx_word' id='word_1_196' title='bbox 414 3125 819 3206; x_wconf 86' lang='grc' dir='ltr'><strong><em>πλήττεσθαι</em></strong></span> <span class='ocrx_word' id='word_1_197' title='bbox 854 3126 1013 3199; x_wconf 83' lang='grc' dir='ltr'><strong><em>τοὺς</em></strong></span> <span class='ocrx_word' id='word_1_198' title='bbox 1048 3121 1362 3209; x_wconf 81' lang='grc' dir='ltr'><strong><em>ὁρῶντας.</em></strong></span> <span class='ocrx_word' id='word_1_199' title='bbox 1435 3121 1704 3188; x_wconf 90' lang='grc' dir='ltr'><strong><em>πάντων</em></strong></span> <span class='ocrx_word' id='word_1_200' title='bbox 1744 3119 1817 3187; x_wconf 76' lang='grc' dir='ltr'><strong><em>δὲ</em></strong></span> <span class='ocrx_word' id='word_1_201' title='bbox 1847 3122 1922 3186; x_wconf 89' lang='grc' dir='ltr'><strong><em>τὸ</em></strong></span> <span class='ocrx_word' id='word_1_202' title='bbox 1950 3119 2104 3207; x_wconf 87' lang='grc' dir='ltr'><strong><em>περὶ</em></strong></span> <span class='ocrx_word' id='word_1_203' title='bbox 2133 3120 2336 3204; x_wconf 77' lang='grc' dir='ltr'><strong><em>αὐτὴν</em></strong></span> 
     </span>
    </p>
   </div>
   <div class='ocr_carea' id='block_1_3' title="bbox 411 3344 2336 3489">
    <p class='ocr_par' dir='ltr' id='par_1_3' title="bbox 411 3344 2336 3489">
     <span class='ocr_line' id='line_1_28' title="bbox 588 3344 2336 3420; baseline -0.001 -18"><span class='ocrx_word' id='word_1_204' title='bbox 588 3354 624 3402; x_wconf 84' lang='grc'>4</span> <span class='ocrx_word' id='word_1_205' title='bbox 662 3344 1035 3420; x_wconf 78' lang='grc' dir='ltr'><strong><em>ἐμβαλόντας]</em></strong></span> <span class='ocrx_word' id='word_1_206' title='bbox 1073 3351 1204 3418; x_wconf 74' lang='lat' dir='ltr'><strong>post</strong></span> <span class='ocrx_word' id='word_1_207' title='bbox 1238 3345 1498 3418; x_wconf 79' lang='grc' dir='ltr'><strong><em>ποταμὸν</em></strong></span> <span class='ocrx_word' id='word_1_208' title='bbox 1534 3348 1688 3417; x_wconf 79' lang='lat' dir='ltr'><strong>vulg.</strong></span> <span class='ocrx_word' id='word_1_209' title='bbox 1726 3351 1857 3418; x_wconf 89' lang='lat' dir='ltr'><strong>(om.</strong></span> <span class='ocrx_word' id='word_1_210' title='bbox 1896 3349 2028 3404; x_wconf 73' lang='lat' dir='ltr'>Eun.</span> <span class='ocrx_word' id='word_1_211' title='bbox 2058 3366 2144 3417; x_wconf 82' lang='lat' dir='ltr'><strong><em>pr.</em></strong></span> <span class='ocrx_word' id='word_1_212' title='bbox 2174 3363 2259 3402; x_wconf 84' lang='lat' dir='ltr'><strong><em>ev.</em></strong></span> <span class='ocrx_word' id='word_1_213' title='bbox 2286 3346 2336 3402; x_wconf 89' lang='lat' dir='ltr'><strong>H</strong></span> 
     </span>
     <span class='ocr_line' id='line_1_29' title="bbox 411 3414 2335 3489; baseline 0.002 -19"><span class='ocrx_word' id='word_1_214' title='bbox 411 3420 460 3481; x_wconf 81' lang='lat'><strong><em>2,</em></strong></span> <span class='ocrx_word' id='word_1_215' title='bbox 500 3421 567 3471; x_wconf 84' lang='lat'><strong><em>39</em></strong></span> <span class='ocrx_word' id='word_1_216' title='bbox 713 3425 779 3473; x_wconf 86' lang='lat'><strong><em>15</em></strong></span> <span class='ocrx_word' id='word_1_217' title='bbox 814 3414 904 3488; x_wconf 85' lang='grc' dir='ltr'><strong><em>τὸ]</em></strong></span> <span class='ocrx_word' id='word_1_218' title='bbox 942 3417 1043 3475; x_wconf 84' lang='grc' dir='ltr'><strong><em>τὸν</em></strong></span> <span class='ocrx_word' id='word_1_219' title='bbox 1083 3419 1200 3475; x_wconf 82' lang='lat' dir='ltr'><strong><em>DF</em></strong></span> <span class='ocrx_word' id='word_1_220' title='bbox 1341 3425 1405 3474; x_wconf 79' lang='lat'><strong><em>1⁷</em></strong></span> <span class='ocrx_word' id='word_1_221' title='bbox 1445 3419 1543 3473; x_wconf 80' lang='grc' dir='ltr'><strong><em>καὶ</em></strong></span> <span class='ocrx_word' id='word_1_222' title='bbox 1580 3435 1688 3473; x_wconf 88' lang='lat' dir='ltr'><strong><em>om.</em></strong></span> <span class='ocrx_word' id='word_1_223' title='bbox 1725 3420 1879 3489; x_wconf 80' lang='lat' dir='ltr'><strong>vulg.</strong></span> <span class='ocrx_word' id='word_1_224' title='bbox 2030 3424 2102 3473; x_wconf 82' lang='lat'><strong><em>20</em></strong></span> <span class='ocrx_word' id='word_1_225' title='bbox 2139 3417 2335 3488; x_wconf 77' lang='grc' dir='ltr'><strong><em>μηκέτι</em></strong></span> 
     </span>
    </p>
   </div>
   <div class='ocr_carea' id='block_1_4' title="bbox 409 3488 2335 3617">
    <p class='ocr_par' dir='ltr' id='par_1_4' title="bbox 409 3488 2335 3617">
     <span class='ocr_line' id='line_1_30' title="bbox 412 3488 2335 3567; baseline 0.002 -27"><span class='ocrx_word' id='word_1_226' title='bbox 412 3497 520 3567; x_wconf 66' lang='grc' dir='ltr'><strong><em>οφ.</em></strong></span> <span class='ocrx_word' id='word_1_227' title='bbox 756 3494 826 3543; x_wconf 82' lang='lat'><strong><em>24</em></strong></span> <span class='ocrx_word' id='word_1_228' title='bbox 871 3488 1178 3559; x_wconf 76' lang='grc' dir='ltr'><strong><em>λελυμένην</em></strong></span> <span class='ocrx_word' id='word_1_229' title='bbox 1224 3490 1354 3545; x_wconf 76' lang='lat' dir='ltr'>Eue.</span> <span class='ocrx_word' id='word_1_230' title='bbox 1392 3489 1430 3544; x_wconf 94' lang='lat'><strong><em>1.</em></strong></span> <span class='ocrx_word' id='word_1_231' title='bbox 1470 3505 1516 3542; x_wconf 89' lang='lat' dir='ltr'><strong><em>c.</em></strong></span> <span class='ocrx_word' id='word_1_232' title='bbox 1555 3489 1647 3558; x_wconf 84' lang='lat' dir='ltr'><strong>(cf.</strong></span> <span class='ocrx_word' id='word_1_233' title='bbox 1688 3505 1733 3544; x_wconf 85' lang='grc' dir='ltr'><strong><em>ο.</em></strong></span> <span class='ocrx_word' id='word_1_234' title='bbox 1773 3494 1860 3558; x_wconf 82' lang='lat'><strong><em>59,</em></strong></span> <span class='ocrx_word' id='word_1_235' title='bbox 1901 3491 1981 3559; x_wconf 91' lang='lat'><strong><em>1),</em></strong></span> <span class='ocrx_word' id='word_1_236' title='bbox 2039 3492 2335 3546; x_wconf 76' lang='grc' dir='ltr'><strong><em>καταλελυ-</em></strong></span> 
     </span>
     <span class='ocr_line' id='line_1_31' title="bbox 409 3556 865 3617; baseline 0.013 -14"><span class='ocrx_word' id='word_1_237' title='bbox 409 3568 588 3617; x_wconf 79' lang='grc' dir='ltr'><strong><em>μενην</em></strong></span> <span class='ocrx_word' id='word_1_238' title='bbox 627 3556 865 3611; x_wconf 79' lang='lat' dir='ltr'><strong>codices.</strong></span> 
     </span>
    </p>
   </div>
  </div>
 </body>
</html>
