2569 4061
4 85 2563 153 ——t.÷

1080 355 1159 409 ΠΙ
1197 362 1282 411 36.
1324 361 1406 413 37.
2080 359 2208 425 319

281 521 908 602 δυσκαταγώνιστον
965 517 1432 605 ἐχειρώσαντο,
1489 520 1754 586 τοιάνδε
1808 523 1957 586 τινὰ
2002 545 2206 606 μηχα-

275 604 409 711 νὴν
445 625 895 711 πορισάμενοι.
959 625 1451 690 κατεσκεύασαν
1487 623 1614 690 ἀπὸ
1645 629 1917 709 σχοίνου
1945 637 2199 712 πυκνῆς

276 728 628 818 περιφερὲς
663 734 1024 815 πλόκανον,
1070 740 1161 820 τῷ
1202 728 1325 815 μὲν
1370 731 1555 819 τύπῳ
1600 742 1740 808 τοῖς
1782 734 2048 818 κύρτοις
2095 732 2202 818 ἐμ-

276 838 506 924 φερές,
566 847 656 927 τῷ
715 835 789 903 δὲ
843 836 1112 922 μεγέθει
1166 836 1278 903 καὶ
1333 846 1412 922 τῇ
1472 838 1782 921 διαλήψει
1826 847 1942 921 τῆς
1985 841 2202 925 χώρας

230 968 255 1008 5
284 947 660 1030 δυνάμενον
708 943 1029 1023 δέξασθαι
1082 945 1200 1009 τὸν
1257 945 1463 1026 ὄγκον
1515 951 1637 1009 τοῦ
1690 946 1959 1029 θηρίου.
2049 969 2201 1010 κατ-
2241 970 2272 1016 2

277 1053 712 1129 οπτεύσαντες
758 1047 883 1118 οὖν
928 1053 1048 1116 τὸν
1092 1052 1358 1134 φωλεὸν
1405 1050 1612 1116 αὐτοῦ
1670 1049 1781 1115 καὶ
1840 1051 1963 1134 τὴν
2024 1050 2205 1136 ὥραν

272 1167 387 1243 τῆς
422 1182 492 1225 τε
529 1157 637 1225 ἐπὶ
671 1160 795 1242 τὴν
822 1159 1039 1242 νομὴν
1068 1156 1303 1236 ἐξόδου
1333 1155 1445 1222 καὶ
1470 1158 1674 1223 πάλιν
1700 1166 1816 1241 τῆς
1843 1158 2199 1241 ἐπανόδου,

272 1265 361 1343 ὡς
417 1265 692 1350 τάχισθ’
750 1265 1059 1350 ὥρμησεν
1118 1261 1225 1328 ἐπὶ
1250 1264 1406 1347 ,τὴν
1470 1265 1683 1349 ἄγραν
1745 1265 1868 1348 τὴν
1933 1267 2200 1348 συνήθη

268 1383 404 1438 τῶν
452 1371 853 1458 ἑτερογενῶν
902 1366 1107 1459 ζῳων,
1153 1370 1228 1433 τὸ
1275 1366 1398 1452 μὲν
1434 1372 1868 1457 προϋπάρχον
1901 1379 2024 1436 τοῦ
2061 1395 2198 1455 φω-

191 1500 243 1539 10
269 1482 428 1542 λεοῦ
475 1480 685 1561 στόμα
730 1478 951 1552 λίθοις
998 1474 1391 1559 εὐμεγέθεσι
1436 1473 1549 1540 καὶ
1592 1485 1677 1561 γῇ
1726 1477 2197 1565 συνῳκοδόμη-

270 1600 420 1666 σαν,
474 1585 593 1647 τὸν
649 1578 722 1646 δὲ
776 1584 1064 1666 πλησίον
1118 1588 1233 1664 τῆς
1288 1583 1534 1665 λόχμης
1588 1584 1793 1647 τόπον
1850 1582 2196 1667 ὑπόνομον

265 1691 662 1772 ποιήσαντες
724 1686 835 1753 καὶ
896 1689 972 1753 τὸ
1037 1689 1375 1753 πλόκανον
1444 1688 1538 1765 εἰς
1611 1687 1815 1753 αὑτὸν
1891 1687 2203 1766 ἐνθέντες

267 1795 573 1860 ἐναντίον
620 1794 938 1878 ἐποίησαν
982 1796 1057 1860 τὸ
1106 1797 1404 1880 στόμιον,
1466 1794 1633 1858 ὥστε
1679 1793 1745 1872 ἐξ
1794 1792 2062 1878 ἑτοίμου
2107 1786 2198 1882 τῷ

263 1904 485 1989 θηρίῳ
541 1901 664 1984 τὴν
710 1901 980 1966 εἴσοδον
1037 1899 1385 1986 ὑπάρχειν.
1477 1900 1642 1964 κατὰ
1696 1895 1771 1964 δὲ
1825 1899 1948 1982 τὴν
2004 1898 2200 1965 ἐπάν·
2238 1921 2270 1970 3

184 2028 235 2070 15
265 2010 430 2075 οδον
484 2016 605 2074 τοῦ
653 2003 823 2096 ζῴου
867 2004 1794 2094 παρεσκευασμένοι-ἣ,τοξότας
1838 2004 1949 2072 καὶ
1998 2022 2199 2089 σφεν-

265 2117 575 2199 δονήτας,
635 2116 730 2179 ἔτι
784 2110 860 2178 δὲ
918 2114 1134 2191 ἱππεῖς
1186 2115 1513 2197 πολλούς,
1574 2116 1740 2199 πρὸς
1801 2110 1875 2181 δὲ
1935 2115 2198 2192 τούτοις

262 2222 620 2298 σαλπικτὰς
678 2218 786 2285 καὶ
852 2220 974 2303 τὴν
1039 2222 1249 2305 ἄλλην
1314 2222 1579 2286 ἅπασαν
1642 2224 1999 2306 χορηγίαν,
2064 2222 2196 2306 ἅμα

263 2325 392 2409 [δὲ]
440 2336 531 2416 τῷ
586 2328 1064 2413 προσπελάζειν
1117 2329 1191 2393 τὸ
1239 2323 1362 2411 μὲν
1411 2330 1661 2412 θηρίον
1706 2331 2196 2413 μετεωρότερον

258 2445 393 2498 τῶν
443 2432 694 2498 ἱππέων
740 2432 926 2519 ἐξῆρε
973 2434 1091 2498 τὸν
1129 2432 1396 2517 αὐχένα,
1445 2434 1516 2498 οἰ
1562 2427 1623 2497 δ’
1670 2431 1776 2502 ἐπὶ
1811 2434 1935 2517 τὴν
1969 2436 2195 2519 θήραν

176 2560 231 2600 20
259 2538 699 2624 ἠθροισμένοι
753 2542 1188 2625 προσεγγίσαι
1241 2536 1364 2623 μὲν
1411 2540 1536 2605 οὐκ
1584 2539 1899 2626 ἐτόλμων,
1959 2564 2194 2607 νενου-

258 2644 616 2730 θετημένοι
659 2657 802 2723 ταῖς
838 2643 1443 2732 προγεγενημέναις
1481 2656 1887 2732 συμφοραῖς,
1933 2649 2192 2733 πόρρω-

255 2759 387 2819 θεν
442 2750 517 2818 δὲ
570 2758 845 2830 πολλαῖς
901 2751 1130 2839 χερσὶν
1186 2750 1293 2837 ἐφ’
1350 2750 1468 2818 ἕνα
1521 2751 1634 2817 καὶ
1678 2751 1887 2837 μέγαν
1938 2756 2190 2820 σκοπὸν

253 2859 613 2942 βάλλοντες
667 2858 1063 2944 ἐτύγχανον,
1118 2856 1229 2924 καὶ
1283 2867 1364 2943 τῇ
1423 2881 1492 2924 τε
1546 2869 1681 2924 τῶν
1737 2856 1990 2924 ἱππέων
2051 2860 2192 2925 ἐπι-

254 2969 501 3053 φανείᾳ
554 2964 666 3031 καὶ
719 2967 965 3048 πλήθει
1018 2975 1244 3031 κυνῶν
1301 2965 1618 3049 ἀλκίμων,
1673 2966 1768 3029 ἔτι
1816 2962 1890 3030 δὲ
1935 2975 2026 3053 τῷ
2075 2967 2190 3031 διὰ

5 3023 10 3102 y
165 3089 221 3131 25
251 3082 391 3138 τῶν
437 3074 820 3155 σαλπίγγων
865 3073 1025 3160 ἤχῳ,
1071 3070 1518 3156 κατέπληττον
1565 3074 1641 3137 τὸ
1691 3075 1874 3158 ζῷον.
1951 3072 2187 3155 διόπερ

252 3178 769 3263 ὑποχωροῦντος
806 3177 1014 3243 αὐτοῦ
1041 3179 1207 3263 πρὸς
1232 3179 1356 3261 τὴν
1389 3179 1640 3243 οἰκείαν
1669 3180 1921 3261 λόχμην
1947 3184 2187 3239 τοσοῦ-

246 3307 370 3350 τον
417 3282 780 3349 ἐπεδίωκον
829 3284 994 3349 ὥστε
1041 3284 1128 3369 μὴ
1176 3284 1579 3369 παροξύνειν
1627 3280 1732 3347 ἐπὶ
1777 3280 2000 3345 πλέον.
2094 3279 2183 3356 ὡς
2219 3311 2256 3359 4

245 3387 326 3456 δὲ
372 3400 488 3474 τῆς
535 3389 1130 3481 ἐνῳκοδομημένης
1175 3391 1523 3476 φάραγγος
1567 3390 1864 3471 ἤγγισεν,
1913 3386 2183 3470 ἀθρόως

191 3601 208 3610 -
434 3554 500 3603 18
539 3546 603 3605 δὲ
642 3550 753 3604 del.
783 3548 988 3604 Reiske
1098 3553 1167 3604 25
1204 3544 1651 3615 κατεπλήττοντο
1686 3544 1790 3599 OF
1893 3549 1962 3598 26
2001 3538 2178 3595 αὑτοῦ

244 3620 358 3675 del.
396 3620 563 3678 Dind.
712 3619 930 3675 οἰκείαν
968 3619 1037 3689 D,
1075 3619 1296 3676 οἰκείαν
1333 3614 1511 3673 αὑτοῦ
1549 3614 1700 3685 vulg.
1820 3619 1888 3669 28
1927 3630 2176 3685 συνῳκο-
