2569 4061
405 184 560 240 LXII
1156 180 1583 238 PRAEFATIO.

402 356 545 414 tura
593 351 785 411 divisa
829 349 1210 411 restituenda
1245 349 1432 410 etiam
1466 349 1723 427 Iosepho
1762 348 2014 424 aliisque
2053 347 2337 408 omnibus

330 504 339 511 .
404 446 872 525 antiquioribus,
927 466 1080 524 quae
1142 465 1319 524 saepe
1364 448 1466 507 vel
1525 446 1684 522 apud
1731 445 2026 505 Zonaram
2072 449 2335 505 servata.

402 546 500 606 Ita
526 543 809 606 Λεόντων
835 542 1002 606 πόλει
1037 546 1317 606 meliores
1344 543 1758 620 praebuerunt
1791 562 1902 620 pro
1931 540 2332 603 Λεοντοπόλει

407 648 463 718 1,
495 645 597 721 84,
627 645 685 718 4,
742 643 857 703 etsi
912 641 1043 702 fieri
1099 644 1302 718 potest
1346 644 1416 700 ut
1461 641 1610 701 talia
1655 644 1913 718 utroque
1957 640 2133 701 modo
2182 640 2326 700 sori·

400 740 705 815 berentur,
732 738 1236 816 quemadmodum
1263 735 1670 818 Μινώταυρος
1704 739 2010 799 interdum
2035 737 2335 800 vocabulo

274 834 293 845 ”
398 838 754 915 interposito
802 837 1104 897 dividitur.
1118 827 1183 918 ὕ)

579 933 951 1011 Νεοττεύειν,
997 953 1117 994 non
1161 932 1458 994 νοττεύειν
1505 934 1726 995 dixisse
1762 934 2112 1007 Diodorum,
2157 937 2228 1012 ut
2266 935 2325 1009 2,

403 1035 464 1111 4,
495 1036 555 1108 4,
600 1033 745 1092 libri
801 1029 1245 1103 ἐννοττεύοντος
1297 1033 1395 1092 vel
1449 1051 1559 1108 per
1614 1047 1714 1110 σσ,
1774 1031 2011 1093 nonnisi
2056 1030 2327 1091 Gemisto

401 1132 684 1189 servante
709 1129 1113 1205 interceptum
1141 1150 1189 1206 ε,
1226 1128 1447 1189 nedum
1476 1130 1635 1206 quod
1676 1132 1734 1209 3,
1758 1132 1860 1207 69,
1885 1131 1921 1189 2
1954 1125 2333 1188 ἐννοσσεύειν

400 1228 494 1286 est
527 1227 593 1285 in
628 1227 799 1287 libris
837 1230 900 1287 et
928 1229 988 1301 5,
1017 1229 1121 1302 43,
1154 1229 1191 1286 2
1223 1222 1651 1304 ἔννοσσεύεται,
1688 1228 1855 1304 ipsae
1892 1246 2097 1287 eorum
2126 1230 2323 1286 osten-

399 1323 550 1383 dunt
593 1324 940 1385 variemtos.

577 1422 787 1499 Νῆσος
831 1422 896 1481 in
941 1421 1203 1481 formula
1258 1417 1354 1480 ἐπὶ
1398 1428 1516 1481 τῶν
1561 1419 1764 1499 νήσων
1806 1423 1907 1500 13,
1937 1423 2040 1496 47,
2073 1422 2137 1480 6:
2206 1417 2324 1479 Τὸν

397 1520 591 1578 πλοῦν
637 1515 733 1578 ἐπὶ
777 1527 894 1580 τῶν
940 1517 1144 1598 νήσων
1191 1516 1530 1597 ἐποιήσατο,
1576 1518 1908 1579 Diodorum
1954 1537 2207 1597 quoque,
2253 1521 2334 1578 ut·

397 1617 575 1696 alios,
622 1617 695 1677 de
741 1619 958 1695 quibus
1006 1619 1130 1678 dixi
1175 1618 1253 1677 ad
1301 1617 1476 1677 Thes.
1526 1616 1817 1693 8136911αηὶ
1828 1662 1843 1692 ,
1891 1618 2019 1676 sine
2066 1617 2323 1678 articulo

397 1714 619 1775 dixisse
683 1734 804 1777 non
868 1716 1172 1776 dubitabit
1235 1714 1337 1789 qui
1396 1716 1498 1790 20,
1530 1714 1676 1790 100,
1705 1717 1774 1791 5,
1823 1716 1925 1792 20,
1959 1716 2104 1792 111,
2137 1717 2193 1791 3,
2251 1733 2323 1773 ex

395 1810 568 1871 libris
615 1815 946 1871 correctum
993 1808 1092 1871 διὰ
1126 1807 1331 1886 νήσων
1367 1828 1478 1885 pro
1518 1806 1617 1868 διὰ
1662 1816 1780 1868 τῶν
1815 1806 2019 1886 νήσων
2057 1809 2322 1868 animad-

395 1908 669 1983 verterit,
714 1907 935 1967 nedum
982 1909 1052 1966 ub
1095 1906 1193 1967 vel
1238 1908 1450 1965 eontra
1493 1903 1680 1966 libros
1717 1905 1941 1966 inferat
1977 1905 2229 1983 Polybio
2260 1910 2322 1984 4,

401 2007 502 2083 16,
524 2007 590 2065 8,
620 1999 944 2085 “.Ω.ρμησεν
981 2000 1077 2065 ἐπὶ
1112 2001 1333 2082 νήσων.
1390 2001 1598 2064 Simile
1635 2005 1730 2065 est
1772 2003 1989 2066 vitium
2030 2008 2131 2081 13,
2153 2007 2256 2084 67,
2281 2009 2314 2066 1

394 2100 527 2183 περὶ
573 2099 754 2182 μέσας
797 2100 901 2176 τὰς
944 2101 1184 2181 νύκτας,
1231 2102 1392 2180 quod
1429 2122 1667 2180 semper
1712 2103 1839 2163 sine
1885 2103 2139 2165 articulo
2177 2104 2323 2163 dicit

395 2200 713 2276 Diodorus,
757 2202 916 2261 male
953 2201 1019 2260 in
1053 2201 1357 2262 nonnullis
1393 2199 1749 2277 interposito
1787 2201 1971 2261 etiam
2012 2205 2112 2278 19,
2134 2203 2237 2278 95,
2262 2205 2318 2263 2.

583 2297 798 2375 Οἴομαι
852 2299 915 2356 in
970 2290 1135 2375 οἶμαι
1188 2299 1422 2359 mutavi
1479 2300 1537 2375 3,
1571 2300 1673 2373 14,
1703 2300 1761 2371 5,
1808 2301 1878 2357 ui:
1933 2302 2027 2359 est
2076 2303 2130 2377 1,
2162 2302 2220 2377 2,
2250 2303 2319 2375 4,

396 2397 454 2472 8,
487 2397 587 2472 12,
619 2398 684 2470 6,
726 2396 827 2472 10,
861 2398 961 2469 10,
993 2398 1059 2471 2,
1102 2397 1202 2472 13,
1234 2397 1337 2473 24,
1369 2398 1434 2470 2,
1478 2398 1578 2472 13,
1610 2397 1710 2471 90,
1745 2398 1808 2471 7,
1852 2397 1951 2469 14,
1985 2396 2085 2473 68,
2118 2399 2182 2473 2,
2214 2398 2318 2471 20,

398 2495 498 2569 13,
531 2495 596 2570 3,
646 2495 748 2568 20,
778 2494 881 2569 43,
913 2496 979 2570 5,
1028 2495 1262 2568 21,17,
1297 2494 1362 2570 4,
1413 2493 1604 2570 26,1,
1636 2493 1701 2569 3,
1741 2494 1844 2570 27,
1877 2495 1933 2570 1,
1964 2494 2031 2569 2,
2071 2494 2174 2569 27,
2208 2495 2319 2570 13,

396 2592 632 2668 27,16,
664 2593 730 2667 2,
780 2592 882 2667 31,
913 2591 970 2667 3,
1001 2593 1069 2668 3,
1116 2592 1354 2669 34,18.

565 2680 897 2747 Ὀλισθᾶνω
943 2707 1052 2764 pro
1100 2682 1425 2747 ὀλισθαίνω
1468 2689 1524 2764 1,
1555 2687 1658 2763 30,
1689 2688 1755 2764 9,
1806 2689 1862 2764 5,
1894 2688 1997 2766 25,
2028 2689 2087 2765 5,
2135 2689 2317 2766 scrip·

395 2784 544 2844 sisse
590 2784 922 2845 Diodorum
975 2803 1150 2845 nemo
1211 2784 1537 2861 dubitabit,
1593 2804 1780 2861 quum
1833 2787 1933 2846 vel
1978 2785 2316 2847 Pausaniae

392 2881 534 2942 libri
576 2884 853 2943 nonnulli
890 2884 946 2960 5,
979 2885 1080 2961 27,
1110 2885 1151 2942 4
1199 2886 1442 2943 servent
1488 2879 1985 2962 ἀπολισθάνουσι,
2031 2887 2094 2944 et
2134 2887 2190 2960 6,
2215 2886 2315 2961 14,

395 2983 432 3040 8
483 2976 891 3059 ὀλισθάνουσι,
937 2983 1000 3040 et
1045 2998 1250 3041 omnes
1293 2983 1393 3058 10,
1424 2983 1527 3059 23,
1555 2983 1596 3039 4
1644 2977 2179 3058 ἀπολισθάνουσᾳι.

566 3073 961 3156 Ὀλυμπιακὸς
988 3079 1201 3155 optimi
1230 3071 1393 3160 (AB,
1422 3098 1541 3138 non
1568 3068 1653 3159 D)
1685 3080 1745 3155 3,
1769 3080 1869 3153 74,
1887 3081 1949 3155 4,
1988 3071 2315 3154 εθᾶὈλυμ-

392 3175 563 3249 πικὸς
595 3181 650 3254 1,
682 3178 785 3256 95,
817 3180 884 3255 2,
921 3179 982 3254 4,
1015 3179 1115 3251 14,
1149 3180 1213 3254 1,
1253 3178 1312 3252 4,
1334 3177 1436 3251 53,
1469 3178 1535 3253 6,
1576 3178 1676 3253 15,
1700 3177 1798 3248 78,
1825 3178 1880 3253 2,
1919 3194 2065 3251 quos
2103 3175 2318 3236 fallere

394 3479 495 3527 187
535 3397 586 3467 ²⁸)
626 3396 765 3462 Διὸς
810 3395 975 3455 πόλιν
1025 3405 1072 3469 1,
1103 3403 1188 3468 97,
1219 3404 1249 3453 7
1292 3396 1520 3469 scripsit
1562 3395 1823 3452 Hertlein
1868 3414 2052 3468 progr.
2093 3398 2313 3453 Werth.

504 3481 529 3527 1
570 3495 623 3544 p.
655 3483 703 3531 6.
