<?xml version="1.0" encoding="UTF-8"?>
<!DOCTYPE html PUBLIC "-//W3C//DTD XHTML 1.0 Transitional//EN"
    "http://www.w3.org/TR/xhtml1/DTD/xhtml1-transitional.dtd">
<html xmlns="http://www.w3.org/1999/xhtml" xml:lang="en" lang="en">
 <head>
  <title>
</title>
<meta http-equiv="Content-Type" content="text/html;charset=utf-8" />
  <meta name='ocr-system' content='tesseract 3.04.00' />
  <meta name='ocr-capabilities' content='ocr_page ocr_carea ocr_par ocr_line ocrx_word'/>
</head>
<body>
  <div class='ocr_page' id='page_1' title='image "./diodoribiblioth02dindgoog/diodoribiblioth02dindgoog_0310.png"; bbox 0 0 2569 4061; ppageno 0'>
   <div class='ocr_carea' id='block_1_1' title="bbox 394 229 1659 298">
    <p class='ocr_par' dir='ltr' id='par_1_1' title="bbox 394 229 1659 298">
     <span class='ocr_line' id='line_1_1' title="bbox 394 229 1659 298; baseline -0.011 0"><span class='ocrx_word' id='word_1_1' title='bbox 394 233 526 298; x_wconf 81' lang='grc'><strong><em>210</em></strong></span> <span class='ocrx_word' id='word_1_2' title='bbox 1080 229 1387 286; x_wconf 90' lang='lat' dir='ltr'><strong>DIODORI</strong></span> <span class='ocrx_word' id='word_1_3' title='bbox 1425 229 1659 286; x_wconf 84' lang='lat' dir='ltr'>SICULI</span> 
     </span>
    </p>
   </div>
   <div class='ocr_carea' id='block_1_2' title="bbox 280 389 2403 2932">
    <p class='ocr_par' dir='ltr' id='par_1_2' title="bbox 280 389 2403 2932">
     <span class='ocr_line' id='line_1_2' title="bbox 394 389 2320 481; baseline -0.001 -19"><span class='ocrx_word' id='word_1_4' title='bbox 394 393 516 481; x_wconf 75' lang='grc' dir='ltr'><strong><em>μὲν</em></strong></span> <span class='ocrx_word' id='word_1_5' title='bbox 552 396 838 478; x_wconf 79' lang='grc' dir='ltr'><em>Μήδους</em></span> <span class='ocrx_word' id='word_1_6' title='bbox 884 391 1243 460; x_wconf 78' lang='grc' dir='ltr'><strong><em>ἐπιθέσθαι</em></strong></span> <span class='ocrx_word' id='word_1_7' title='bbox 1289 402 1369 478; x_wconf 78' lang='grc' dir='ltr'><strong><em>τῇ</em></strong></span> <span class='ocrx_word' id='word_1_8' title='bbox 1417 396 1740 480; x_wconf 80' lang='grc' dir='ltr'><strong><em>βασιλείᾳ,</em></strong></span> <span class='ocrx_word' id='word_1_9' title='bbox 1790 392 2058 480; x_wconf 78' lang='grc' dir='ltr'><em>Πέρσας</em></span> <span class='ocrx_word' id='word_1_10' title='bbox 2104 392 2167 459; x_wconf 87' lang='grc' dir='ltr'><strong><em>δ’</em></strong></span> <span class='ocrx_word' id='word_1_11' title='bbox 2212 389 2320 460; x_wconf 87' lang='grc' dir='ltr'><strong><em>ἐπ’</em></strong></span> 
     </span>
     <span class='ocr_line' id='line_1_3' title="bbox 396 503 2328 587; baseline -0.002 -18"><span class='ocrx_word' id='word_1_12' title='bbox 396 503 744 587; x_wconf 76' lang='grc' dir='ltr'><strong><em>ἐλευθερίᾳ</em></strong></span> <span class='ocrx_word' id='word_1_13' title='bbox 772 509 1176 584; x_wconf 83' lang='grc' dir='ltr'><strong><em>κοινωνῆσαι</em></strong></span> <span class='ocrx_word' id='word_1_14' title='bbox 1202 508 1321 583; x_wconf 83' lang='grc' dir='ltr'><strong><em>τῆς</em></strong></span> <span class='ocrx_word' id='word_1_15' title='bbox 1349 503 1786 584; x_wconf 79' lang='grc' dir='ltr'><strong><em>συνωμοσίας.</em></strong></span> <span class='ocrx_word' id='word_1_16' title='bbox 1846 504 2328 585; x_wconf 76' lang='grc' dir='ltr'><strong><em>παραπλησίως</em></strong></span> 
     </span>
     <span class='ocr_line' id='line_1_4' title="bbox 395 604 2321 691; baseline 0 -18"><span class='ocrx_word' id='word_1_17' title='bbox 395 604 468 673; x_wconf 75' lang='grc' dir='ltr'><strong><em>δὲ</em></strong></span> <span class='ocrx_word' id='word_1_18' title='bbox 504 605 615 671; x_wconf 85' lang='grc' dir='ltr'><strong><em>καὶ</em></strong></span> <span class='ocrx_word' id='word_1_19' title='bbox 654 605 689 671; x_wconf 85' lang='grc' dir='ltr'>ὁ</span> <span class='ocrx_word' id='word_1_20' title='bbox 729 605 1018 684; x_wconf 76' lang='grc' dir='ltr'><strong><em>Βέλεσυς</em></strong></span> <span class='ocrx_word' id='word_1_21' title='bbox 1053 608 1212 684; x_wconf 90' lang='grc' dir='ltr'><strong><em>τούς</em></strong></span> <span class='ocrx_word' id='word_1_22' title='bbox 1245 630 1317 672; x_wconf 86' lang='grc' dir='ltr'><strong><em>τε</em></strong></span> <span class='ocrx_word' id='word_1_23' title='bbox 1356 610 1833 691; x_wconf 84' lang='grc' dir='ltr'><strong><em>Βαβυλωνίους</em></strong></span> <span class='ocrx_word' id='word_1_24' title='bbox 1871 609 2131 673; x_wconf 81' lang='grc' dir='ltr'><strong><em>ἔπεισεν</em></strong></span> <span class='ocrx_word' id='word_1_25' title='bbox 2169 607 2321 673; x_wconf 83' lang='grc' dir='ltr'><strong><em>ἀντ-</em></strong></span> 
     </span>
     <span class='ocr_line' id='line_1_5' title="bbox 391 709 2324 800; baseline 0.001 -21"><span class='ocrx_word' id='word_1_26' title='bbox 391 714 665 799; x_wconf 88' lang='grc' dir='ltr'><strong><em>έχεσθαι</em></strong></span> <span class='ocrx_word' id='word_1_27' title='bbox 709 723 826 799; x_wconf 79' lang='grc' dir='ltr'><strong><em>τῆς</em></strong></span> <span class='ocrx_word' id='word_1_28' title='bbox 871 714 1286 800; x_wconf 88' lang='grc' dir='ltr'><strong><em>ἐλευθερίας,</em></strong></span> <span class='ocrx_word' id='word_1_29' title='bbox 1346 710 1459 779; x_wconf 89' lang='grc' dir='ltr'><strong><em>καὶ</em></strong></span> <span class='ocrx_word' id='word_1_30' title='bbox 1511 715 1924 800; x_wconf 77' lang='grc' dir='ltr'><strong><em>πρεσβεύσας</em></strong></span> <span class='ocrx_word' id='word_1_31' title='bbox 1982 717 2077 791; x_wconf 85' lang='grc' dir='ltr'><strong><em>εἰς</em></strong></span> <span class='ocrx_word' id='word_1_32' title='bbox 2135 709 2324 799; x_wconf 85' lang='grc' dir='ltr'><strong><em>Ἀρα-</em></strong></span> 
     </span>
     <span class='ocr_line' id='line_1_6' title="bbox 390 819 2378 906; baseline 0.001 -21"><span class='ocrx_word' id='word_1_33' title='bbox 390 822 548 903; x_wconf 86' lang='grc' dir='ltr'><strong><em>βίαν</em></strong></span> <span class='ocrx_word' id='word_1_34' title='bbox 610 824 1064 906; x_wconf 82' lang='grc' dir='ltr'><strong><em>παρεστήσατο</em></strong></span> <span class='ocrx_word' id='word_1_35' title='bbox 1133 822 1252 885; x_wconf 90' lang='grc' dir='ltr'><strong><em>τὸν</em></strong></span> <span class='ocrx_word' id='word_1_36' title='bbox 1316 819 1694 905; x_wconf 82' lang='grc' dir='ltr'><strong><em>ἡγούμενον</em></strong></span> <span class='ocrx_word' id='word_1_37' title='bbox 1756 831 1910 885; x_wconf 72' lang='grc' dir='ltr'><strong><em>τῶν</em></strong></span> <span class='ocrx_word' id='word_1_38' title='bbox 1957 819 2319 906; x_wconf 75' lang='grc' dir='ltr'><strong><em>ἐγχωρίων,</em></strong></span> <span class='ocrx_word' id='word_1_39' title='bbox 2351 846 2378 886; x_wconf 88' lang='lat'><strong>5</strong></span> 
     </span>
     <span class='ocr_line' id='line_1_7' title="bbox 392 924 2323 1013; baseline -0.001 -20"><span class='ocrx_word' id='word_1_40' title='bbox 392 928 555 993; x_wconf 79' lang='grc' dir='ltr'><strong><em>ὄντα</em></strong></span> <span class='ocrx_word' id='word_1_41' title='bbox 601 931 804 1013; x_wconf 85' lang='grc' dir='ltr'><strong><em>φίλον</em></strong></span> <span class='ocrx_word' id='word_1_42' title='bbox 851 928 1058 993; x_wconf 81' lang='grc' dir='ltr'><strong><em>αὐτοῦ</em></strong></span> <span class='ocrx_word' id='word_1_43' title='bbox 1102 925 1213 991; x_wconf 85' lang='grc' dir='ltr'><strong><em>καὶ</em></strong></span> <span class='ocrx_word' id='word_1_44' title='bbox 1261 924 1485 1008; x_wconf 83' lang='grc' dir='ltr'><strong><em>ξένον,</em></strong></span> <span class='ocrx_word' id='word_1_45' title='bbox 1546 938 1892 1013; x_wconf 79' lang='grc' dir='ltr'><strong><em>μετασχεῖν</em></strong></span> <span class='ocrx_word' id='word_1_46' title='bbox 1936 936 2053 1012; x_wconf 81' lang='grc' dir='ltr'><strong><em>τῆς</em></strong></span> <span class='ocrx_word' id='word_1_47' title='bbox 2098 926 2323 992; x_wconf 85' lang='grc' dir='ltr'><strong><em>ἐπιθέ-</em></strong></span> 
     </span>
     <span class='ocr_line' id='line_1_8' title="bbox 322 1031 2323 1119; baseline -0 -19"><span class='ocrx_word' id='word_1_48' title='bbox 322 1039 352 1087; x_wconf 82' lang='grc'>7</span> <span class='ocrx_word' id='word_1_49' title='bbox 392 1050 575 1111; x_wconf 88' lang='grc' dir='ltr'><strong><em>σεως.</em></strong></span> <span class='ocrx_word' id='word_1_50' title='bbox 664 1043 787 1099; x_wconf 84' lang='grc' dir='ltr'><strong><em>τοῦ</em></strong></span> <span class='ocrx_word' id='word_1_51' title='bbox 834 1031 895 1098; x_wconf 90' lang='grc' dir='ltr'><strong><em>δ’</em></strong></span> <span class='ocrx_word' id='word_1_52' title='bbox 952 1033 1300 1099; x_wconf 90' lang='grc' dir='ltr'><strong><em>ἐνιαυσίου</em></strong></span> <span class='ocrx_word' id='word_1_53' title='bbox 1345 1036 1596 1119; x_wconf 88' lang='grc' dir='ltr'><strong><em>χρόνου</em></strong></span> <span class='ocrx_word' id='word_1_54' title='bbox 1644 1036 2035 1111; x_wconf 78' lang='grc' dir='ltr'><strong><em>διελθόντος</em></strong></span> <span class='ocrx_word' id='word_1_55' title='bbox 2079 1034 2323 1111; x_wconf 85' lang='grc' dir='ltr'><strong><em>πάντες</em></strong></span> 
     </span>
     <span class='ocr_line' id='line_1_9' title="bbox 391 1135 2320 1225; baseline 0 -20"><span class='ocrx_word' id='word_1_56' title='bbox 391 1135 579 1205; x_wconf 82' lang='grc' dir='ltr'><strong><em>οὗτοι</em></strong></span> <span class='ocrx_word' id='word_1_57' title='bbox 623 1145 882 1224; x_wconf 80' lang='grc' dir='ltr'><strong><em>πλῆθος</em></strong></span> <span class='ocrx_word' id='word_1_58' title='bbox 929 1150 1350 1225; x_wconf 80' lang='grc' dir='ltr'><strong><em>στρατιωτῶν</em></strong></span> <span class='ocrx_word' id='word_1_59' title='bbox 1396 1144 1887 1224; x_wconf 75' lang='grc' dir='ltr'><strong><em>συναγαγόντες</em></strong></span> <span class='ocrx_word' id='word_1_60' title='bbox 1942 1136 2110 1224; x_wconf 79' lang='grc' dir='ltr'><strong><em>ἧκον</em></strong></span> <span class='ocrx_word' id='word_1_61' title='bbox 2155 1162 2320 1205; x_wconf 88' lang='grc' dir='ltr'><strong><em>παν-</em></strong></span> 
     </span>
     <span class='ocr_line' id='line_1_10' title="bbox 390 1243 2320 1335; baseline 0.002 -26"><span class='ocrx_word' id='word_1_62' title='bbox 390 1244 585 1328; x_wconf 85' lang='grc' dir='ltr'><strong><em>δημεὶ</em></strong></span> <span class='ocrx_word' id='word_1_63' title='bbox 642 1247 807 1331; x_wconf 91' lang='grc' dir='ltr'><strong><em>πρὸς</em></strong></span> <span class='ocrx_word' id='word_1_64' title='bbox 878 1247 1002 1330; x_wconf 81' lang='grc' dir='ltr'><strong><em>τὴν</em></strong></span> <span class='ocrx_word' id='word_1_65' title='bbox 1067 1249 1319 1329; x_wconf 90' lang='grc' dir='ltr'><strong><em>Νίνον,</em></strong></span> <span class='ocrx_word' id='word_1_66' title='bbox 1388 1255 1479 1333; x_wconf 78' lang='grc' dir='ltr'><strong><em>τῷ</em></strong></span> <span class='ocrx_word' id='word_1_67' title='bbox 1550 1243 1671 1331; x_wconf 76' lang='grc' dir='ltr'><strong><em>μὲν</em></strong></span> <span class='ocrx_word' id='word_1_68' title='bbox 1744 1249 1920 1335; x_wconf 78' lang='grc' dir='ltr'><strong><em>λόγῳ</em></strong></span> <span class='ocrx_word' id='word_1_69' title='bbox 1995 1247 2320 1331; x_wconf 85' lang='grc' dir='ltr'><strong><em>διαδοχὴν</em></strong></span> 
     </span>
     <span class='ocr_line' id='line_1_11' title="bbox 389 1348 2403 1440; baseline 0.001 -24"><span class='ocrx_word' id='word_1_70' title='bbox 389 1352 697 1435; x_wconf 74' lang='grc' dir='ltr'><strong><em>ἄγοντες,</em></strong></span> <span class='ocrx_word' id='word_1_71' title='bbox 763 1353 853 1430; x_wconf 82' lang='grc' dir='ltr'><strong><em>ὡς</em></strong></span> <span class='ocrx_word' id='word_1_72' title='bbox 907 1348 994 1436; x_wconf 81' lang='grc' dir='ltr'><strong><em>ἦν</em></strong></span> <span class='ocrx_word' id='word_1_73' title='bbox 1051 1353 1376 1437; x_wconf 88' lang='grc' dir='ltr'><strong><em>σύνηθες,</em></strong></span> <span class='ocrx_word' id='word_1_74' title='bbox 1440 1361 1521 1438; x_wconf 81' lang='grc' dir='ltr'><strong><em>τῇ</em></strong></span> <span class='ocrx_word' id='word_1_75' title='bbox 1583 1351 1645 1418; x_wconf 87' lang='grc' dir='ltr'><strong><em>δ’</em></strong></span> <span class='ocrx_word' id='word_1_76' title='bbox 1698 1353 1984 1440; x_wconf 80' lang='grc' dir='ltr'><strong><em>ἀληθείᾳ</em></strong></span> <span class='ocrx_word' id='word_1_77' title='bbox 2038 1355 2317 1419; x_wconf 88' lang='grc' dir='ltr'><strong><em>καταλύ-</em></strong></span> <span class='ocrx_word' id='word_1_78' title='bbox 2349 1377 2403 1420; x_wconf 85' lang='lat'><strong><em>10</em></strong></span> 
     </span>
     <span class='ocr_line' id='line_1_12' title="bbox 319 1457 2317 1546; baseline 0.001 -24"><span class='ocrx_word' id='word_1_79' title='bbox 319 1462 352 1511; x_wconf 87' lang='lat'><em>8</em></span> <span class='ocrx_word' id='word_1_80' title='bbox 391 1473 621 1535; x_wconf 85' lang='grc' dir='ltr'><strong><em>σοντες</em></strong></span> <span class='ocrx_word' id='word_1_81' title='bbox 669 1460 796 1543; x_wconf 85' lang='grc' dir='ltr'><strong><em>τὴν</em></strong></span> <span class='ocrx_word' id='word_1_82' title='bbox 839 1471 975 1525; x_wconf 88' lang='grc' dir='ltr'><strong><em>τῶν</em></strong></span> <span class='ocrx_word' id='word_1_83' title='bbox 1024 1457 1394 1545; x_wconf 87' lang='grc' dir='ltr'><strong><em>Ἀσσυρίων</em></strong></span> <span class='ocrx_word' id='word_1_84' title='bbox 1440 1460 1818 1544; x_wconf 82' lang='grc' dir='ltr'><strong><em>ἡγεμονίαν.</em></strong></span> <span class='ocrx_word' id='word_1_85' title='bbox 1911 1458 2317 1546; x_wconf 79' lang='grc' dir='ltr'><strong><em>ἀθροισθέν-</em></strong></span> 
     </span>
     <span class='ocr_line' id='line_1_13' title="bbox 388 1559 2315 1653; baseline 0.002 -25"><span class='ocrx_word' id='word_1_86' title='bbox 388 1586 523 1629; x_wconf 91' lang='grc' dir='ltr'><strong><em>των</em></strong></span> <span class='ocrx_word' id='word_1_87' title='bbox 569 1559 694 1630; x_wconf 81' lang='grc' dir='ltr'><strong><em>οὖν</em></strong></span> <span class='ocrx_word' id='word_1_88' title='bbox 729 1577 865 1631; x_wconf 87' lang='grc' dir='ltr'><strong><em>τῶν</em></strong></span> <span class='ocrx_word' id='word_1_89' title='bbox 901 1564 1404 1653; x_wconf 81' lang='grc' dir='ltr'><strong><em>προειρημένων</em></strong></span> <span class='ocrx_word' id='word_1_90' title='bbox 1438 1567 1767 1652; x_wconf 75' lang='grc' dir='ltr'><strong><em>τεττάρων</em></strong></span> <span class='ocrx_word' id='word_1_91' title='bbox 1805 1566 2030 1632; x_wconf 82' lang='grc' dir='ltr'><strong><em>ἐθνῶν</em></strong></span> <span class='ocrx_word' id='word_1_92' title='bbox 2067 1567 2162 1642; x_wconf 84' lang='grc' dir='ltr'><strong><em>εἰς</em></strong></span> <span class='ocrx_word' id='word_1_93' title='bbox 2199 1563 2315 1631; x_wconf 79' lang='grc' dir='ltr'><strong><em>ἕνα</em></strong></span> 
     </span>
     <span class='ocr_line' id='line_1_14' title="bbox 387 1670 2315 1759; baseline 0.002 -24"><span class='ocrx_word' id='word_1_94' title='bbox 387 1674 625 1755; x_wconf 88' lang='grc' dir='ltr'><strong><em>τόπον,</em></strong></span> <span class='ocrx_word' id='word_1_95' title='bbox 687 1673 723 1738; x_wconf 89' lang='grc' dir='ltr'>ὁ</span> <span class='ocrx_word' id='word_1_96' title='bbox 780 1670 904 1757; x_wconf 73' lang='grc' dir='ltr'><strong><em>μὲν</em></strong></span> <span class='ocrx_word' id='word_1_97' title='bbox 950 1676 1210 1757; x_wconf 87' lang='grc' dir='ltr'><strong><em>σύμπας</em></strong></span> <span class='ocrx_word' id='word_1_98' title='bbox 1264 1673 1488 1738; x_wconf 83' lang='grc' dir='ltr'><strong><em>αὐτῶν</em></strong></span> <span class='ocrx_word' id='word_1_99' title='bbox 1544 1673 1830 1758; x_wconf 80' lang='grc' dir='ltr'><strong><em>ἀριθμὸς</em></strong></span> <span class='ocrx_word' id='word_1_100' title='bbox 1885 1673 2177 1759; x_wconf 79' lang='grc' dir='ltr'><strong><em>ὑπῆρχεν</em></strong></span> <span class='ocrx_word' id='word_1_101' title='bbox 2224 1673 2315 1751; x_wconf 81' lang='grc' dir='ltr'><strong><em>εἰς</em></strong></span> 
     </span>
     <span class='ocr_line' id='line_1_15' title="bbox 386 1777 2312 1865; baseline 0.002 -22"><span class='ocrx_word' id='word_1_102' title='bbox 386 1780 866 1864; x_wconf 88' lang='grc' dir='ltr'><strong><em>τετταράκοντα</em></strong></span> <span class='ocrx_word' id='word_1_103' title='bbox 930 1780 1288 1865; x_wconf 80' lang='grc' dir='ltr'><strong><em>μυριάδας,</em></strong></span> <span class='ocrx_word' id='word_1_104' title='bbox 1364 1781 1458 1856; x_wconf 87' lang='grc' dir='ltr'><strong><em>είς</em></strong></span> <span class='ocrx_word' id='word_1_105' title='bbox 1526 1783 1687 1864; x_wconf 88' lang='grc' dir='ltr'><strong><em>μίαν</em></strong></span> <span class='ocrx_word' id='word_1_106' title='bbox 1752 1777 1826 1845; x_wconf 75' lang='grc' dir='ltr'><strong><em>δὲ</em></strong></span> <span class='ocrx_word' id='word_1_107' title='bbox 1887 1782 2312 1865; x_wconf 85' lang='grc' dir='ltr'><strong><em>παρεμβολὴν</em></strong></span> 
     </span>
     <span class='ocr_line' id='line_1_16' title="bbox 389 1884 2397 1972; baseline 0.001 -22"><span class='ocrx_word' id='word_1_108' title='bbox 389 1888 831 1963; x_wconf 85' lang='grc' dir='ltr'><strong><em>συνελθόντες</em></strong></span> <span class='ocrx_word' id='word_1_109' title='bbox 893 1886 1331 1969; x_wconf 86' lang='grc' dir='ltr'><strong><em>ἐβουλεύοντο</em></strong></span> <span class='ocrx_word' id='word_1_110' title='bbox 1395 1895 1588 1971; x_wconf 76' lang='grc' dir='ltr'><strong><em>κοινῇ</em></strong></span> <span class='ocrx_word' id='word_1_111' title='bbox 1652 1884 1805 1972; x_wconf 89' lang='grc' dir='ltr'><strong><em>περὶ</em></strong></span> <span class='ocrx_word' id='word_1_112' title='bbox 1875 1896 1998 1952; x_wconf 89' lang='grc' dir='ltr'><strong><em>τοῦ</em></strong></span> <span class='ocrx_word' id='word_1_113' title='bbox 2064 1885 2312 1971; x_wconf 70' lang='grc' dir='ltr'><strong><em>συμφέ·</em></strong></span> <span class='ocrx_word' id='word_1_114' title='bbox 2343 1911 2397 1952; x_wconf 84' lang='lat'><strong><em>15</em></strong></span> 
     </span>
     <span class='ocr_line' id='line_1_17' title="bbox 280 1988 2311 2079; baseline -0 -19"><span class='ocrx_word' id='word_1_115' title='bbox 280 1993 367 2060; x_wconf 83' lang='lat'><strong><em>25</em></strong></span> <span class='ocrx_word' id='word_1_116' title='bbox 389 2015 642 2077; x_wconf 90' lang='grc' dir='ltr'><strong><em>ροντος.</em></strong></span> <span class='ocrx_word' id='word_1_117' title='bbox 735 1992 1309 2079; x_wconf 78' lang='grc' dir='ltr'><strong><em>Σαρδανάπαλλος</em></strong></span> <span class='ocrx_word' id='word_1_118' title='bbox 1370 1988 1444 2058; x_wconf 71' lang='grc' dir='ltr'><strong><em>δὲ</em></strong></span> <span class='ocrx_word' id='word_1_119' title='bbox 1503 1996 1709 2077; x_wconf 85' lang='grc' dir='ltr'><strong><em>γνοὺς</em></strong></span> <span class='ocrx_word' id='word_1_120' title='bbox 1769 1994 1893 2078; x_wconf 85' lang='grc' dir='ltr'><strong><em>τὴν</em></strong></span> <span class='ocrx_word' id='word_1_121' title='bbox 1948 1993 2311 2060; x_wconf 82' lang='grc' dir='ltr'><strong><em>ἀπόστασιν</em></strong></span> 
     </span>
     <span class='ocr_line' id='line_1_18' title="bbox 388 2095 2312 2185; baseline 0.001 -21"><span class='ocrx_word' id='word_1_122' title='bbox 388 2099 596 2176; x_wconf 81' lang='grc' dir='ltr'><strong><em>εὐθὺς</em></strong></span> <span class='ocrx_word' id='word_1_123' title='bbox 659 2098 975 2185; x_wconf 84' lang='grc' dir='ltr'><strong><em>ἐξήγαγεν</em></strong></span> <span class='ocrx_word' id='word_1_124' title='bbox 1026 2095 1140 2164; x_wconf 79' lang='grc' dir='ltr'><strong><em>’ἐπ’</em></strong></span> <span class='ocrx_word' id='word_1_125' title='bbox 1203 2099 1450 2177; x_wconf 83' lang='grc' dir='ltr'><strong><em>αὐτοὺς</em></strong></span> <span class='ocrx_word' id='word_1_126' title='bbox 1519 2101 1636 2177; x_wconf 78' lang='grc' dir='ltr'><strong><em>τὰς</em></strong></span> <span class='ocrx_word' id='word_1_127' title='bbox 1700 2100 1828 2166; x_wconf 83' lang='grc' dir='ltr'><strong><em>ἀπὸ</em></strong></span> <span class='ocrx_word' id='word_1_128' title='bbox 1891 2111 2027 2165; x_wconf 90' lang='grc' dir='ltr'><strong><em>τῶν</em></strong></span> <span class='ocrx_word' id='word_1_129' title='bbox 2091 2100 2312 2167; x_wconf 79' lang='grc' dir='ltr'><strong><em>ἄλλων</em></strong></span> 
     </span>
     <span class='ocr_line' id='line_1_19' title="bbox 387 2203 2310 2293; baseline 0 -22"><span class='ocrx_word' id='word_1_130' title='bbox 387 2205 611 2273; x_wconf 82' lang='grc' dir='ltr'><strong><em>ἐθνῶν</em></strong></span> <span class='ocrx_word' id='word_1_131' title='bbox 650 2209 982 2292; x_wconf 88' lang='grc' dir='ltr'><strong><em>δυνάμεις.</em></strong></span> <span class='ocrx_word' id='word_1_132' title='bbox 1065 2204 1176 2272; x_wconf 85' lang='grc' dir='ltr'><strong><em>καὶ</em></strong></span> <span class='ocrx_word' id='word_1_133' title='bbox 1220 2208 1296 2271; x_wconf 89' lang='grc' dir='ltr'><strong><em>τὸ</em></strong></span> <span class='ocrx_word' id='word_1_134' title='bbox 1347 2203 1471 2291; x_wconf 70' lang='grc' dir='ltr'><strong><em>μὲν</em></strong></span> <span class='ocrx_word' id='word_1_135' title='bbox 1515 2218 1783 2293; x_wconf 90' lang='grc' dir='ltr'><strong><em>πρῶτον</em></strong></span> <span class='ocrx_word' id='word_1_136' title='bbox 1828 2204 2191 2291; x_wconf 81' lang='grc' dir='ltr'><strong><em>γενομένης</em></strong></span> <span class='ocrx_word' id='word_1_137' title='bbox 2237 2206 2310 2272; x_wconf 87' lang='grc' dir='ltr'><strong><em>ἐν</em></strong></span> 
     </span>
     <span class='ocr_line' id='line_1_20' title="bbox 386 2311 2310 2402; baseline -0.001 -24"><span class='ocrx_word' id='word_1_138' title='bbox 386 2321 475 2401; x_wconf 76' lang='grc' dir='ltr'><strong><em>τῷ</em></strong></span> <span class='ocrx_word' id='word_1_139' title='bbox 530 2314 736 2402; x_wconf 75' lang='grc' dir='ltr'><strong><em>πεδίῳ</em></strong></span> <span class='ocrx_word' id='word_1_140' title='bbox 793 2311 1211 2399; x_wconf 82' lang='grc' dir='ltr'><strong><em>παρατάξεως</em></strong></span> <span class='ocrx_word' id='word_1_141' title='bbox 1265 2312 1679 2397; x_wconf 80' lang='grc' dir='ltr'><strong><em>ἐλείφθησαν</em></strong></span> <span class='ocrx_word' id='word_1_142' title='bbox 1736 2314 1807 2379; x_wconf 79' lang='grc' dir='ltr'><strong><em>οἰ</em></strong></span> <span class='ocrx_word' id='word_1_143' title='bbox 1853 2314 1980 2397; x_wconf 83' lang='grc' dir='ltr'><strong><em>τὴν</em></strong></span> <span class='ocrx_word' id='word_1_144' title='bbox 2036 2312 2310 2378; x_wconf 83' lang='grc' dir='ltr'><strong><em>ἀπόστα-</em></strong></span> 
     </span>
     <span class='ocr_line' id='line_1_21' title="bbox 387 2417 2394 2504; baseline 0 -21"><span class='ocrx_word' id='word_1_145' title='bbox 387 2436 497 2483; x_wconf 91' lang='grc' dir='ltr'><strong><em>σιν</em></strong></span> <span class='ocrx_word' id='word_1_146' title='bbox 560 2422 1030 2504; x_wconf 88' lang='grc' dir='ltr'><strong><em>ποιησάμενοι,</em></strong></span> <span class='ocrx_word' id='word_1_147' title='bbox 1093 2417 1205 2484; x_wconf 87' lang='grc' dir='ltr'><strong><em>καὶ</em></strong></span> <span class='ocrx_word' id='word_1_148' title='bbox 1267 2422 1559 2494; x_wconf 84' lang='grc' dir='ltr'><strong><em>πολλοὺς</em></strong></span> <span class='ocrx_word' id='word_1_149' title='bbox 1613 2418 2061 2502; x_wconf 84' lang='grc' dir='ltr'><strong><em>ἀποβαλόντες</em></strong></span> <span class='ocrx_word' id='word_1_150' title='bbox 2120 2435 2308 2484; x_wconf 87' lang='grc' dir='ltr'><strong><em>συνε·</em></strong></span> <span class='ocrx_word' id='word_1_151' title='bbox 2336 2446 2394 2484; x_wconf 78' lang='lat'><strong><em>20</em></strong></span> 
     </span>
     <span class='ocr_line' id='line_1_22' title="bbox 388 2521 2310 2610; baseline 0.002 -21"><span class='ocrx_word' id='word_1_152' title='bbox 388 2525 778 2608; x_wconf 82' lang='grc' dir='ltr'><strong><em>διώχθησαν</em></strong></span> <span class='ocrx_word' id='word_1_153' title='bbox 817 2527 911 2601; x_wconf 84' lang='grc' dir='ltr'><strong><em>εἰς</em></strong></span> <span class='ocrx_word' id='word_1_154' title='bbox 957 2526 1113 2608; x_wconf 77' lang='grc' dir='ltr'><strong><em>ὄρος</em></strong></span> <span class='ocrx_word' id='word_1_155' title='bbox 1149 2521 1397 2608; x_wconf 79' lang='grc' dir='ltr'><strong><em>ἀπέχον</em></strong></span> <span class='ocrx_word' id='word_1_156' title='bbox 1431 2532 1549 2606; x_wconf 87' lang='grc' dir='ltr'><strong><em>τῆς</em></strong></span> <span class='ocrx_word' id='word_1_157' title='bbox 1585 2526 1807 2588; x_wconf 91' lang='grc' dir='ltr'><strong><em>Νίνου</em></strong></span> <span class='ocrx_word' id='word_1_158' title='bbox 1855 2525 2169 2602; x_wconf 89' lang='grc' dir='ltr'><strong><em>σταδίους</em></strong></span> <span class='ocrx_word' id='word_1_159' title='bbox 2207 2525 2310 2610; x_wconf 80' lang='grc' dir='ltr'><strong><em>ἑβ-</em></strong></span> 
     </span>
     <span class='ocr_line' id='line_1_23' title="bbox 315 2624 2310 2713; baseline -0.001 -14"><span class='ocrx_word' id='word_1_160' title='bbox 315 2652 345 2699; x_wconf 84' lang='lat'><strong>2</strong></span> <span class='ocrx_word' id='word_1_161' title='bbox 387 2630 786 2713; x_wconf 87' lang='grc' dir='ltr'><strong><em>δομήκοντα·</em></strong></span> <span class='ocrx_word' id='word_1_162' title='bbox 834 2630 994 2713; x_wconf 81' lang='grc' dir='ltr'><strong><em>μετὰ</em></strong></span> <span class='ocrx_word' id='word_1_163' title='bbox 1030 2624 1105 2693; x_wconf 73' lang='grc' dir='ltr'><strong><em>δὲ</em></strong></span> <span class='ocrx_word' id='word_1_164' title='bbox 1139 2637 1347 2693; x_wconf 82' lang='grc' dir='ltr'><strong><em>ταῦτα</em></strong></span> <span class='ocrx_word' id='word_1_165' title='bbox 1383 2630 1585 2694; x_wconf 87' lang='grc' dir='ltr'><strong><em>πάλιν</em></strong></span> <span class='ocrx_word' id='word_1_166' title='bbox 1620 2630 2051 2712; x_wconf 85' lang='grc' dir='ltr'><strong><em>καταβάντων</em></strong></span> <span class='ocrx_word' id='word_1_167' title='bbox 2088 2631 2310 2698; x_wconf 87' lang='grc' dir='ltr'><strong><em>αὐτῶν</em></strong></span> 
     </span>
     <span class='ocr_line' id='line_1_24' title="bbox 384 2733 2308 2822; baseline 0.002 -22"><span class='ocrx_word' id='word_1_168' title='bbox 384 2737 479 2812; x_wconf 84' lang='grc' dir='ltr'><strong><em>εἰς</em></strong></span> <span class='ocrx_word' id='word_1_169' title='bbox 529 2736 605 2799; x_wconf 87' lang='grc' dir='ltr'><strong><em>τὸ</em></strong></span> <span class='ocrx_word' id='word_1_170' title='bbox 665 2736 899 2800; x_wconf 86' lang='grc' dir='ltr'><strong><em>πεδίον</em></strong></span> <span class='ocrx_word' id='word_1_171' title='bbox 951 2733 1063 2799; x_wconf 87' lang='grc' dir='ltr'><strong><em>καὶ</em></strong></span> <span class='ocrx_word' id='word_1_172' title='bbox 1116 2735 1282 2820; x_wconf 87' lang='grc' dir='ltr'><strong><em>πρὸς</em></strong></span> <span class='ocrx_word' id='word_1_173' title='bbox 1337 2733 1554 2820; x_wconf 81' lang='grc' dir='ltr'><strong><em>μάχην</em></strong></span> <span class='ocrx_word' id='word_1_174' title='bbox 1608 2737 2308 2822; x_wconf 83' lang='grc' dir='ltr'><strong><em>παρασκευαζομένων,</em></strong></span> 
     </span>
     <span class='ocr_line' id='line_1_25' title="bbox 384 2836 2308 2932; baseline 0.003 -26"><span class='ocrx_word' id='word_1_175' title='bbox 384 2841 419 2906; x_wconf 87' lang='grc' dir='ltr'>ὁ</span> <span class='ocrx_word' id='word_1_176' title='bbox 477 2836 600 2924; x_wconf 74' lang='grc' dir='ltr'><strong><em>μὲν</em></strong></span> <span class='ocrx_word' id='word_1_177' title='bbox 653 2842 1226 2926; x_wconf 87' lang='grc' dir='ltr'><strong><em>Σαρδανάπαλλος</em></strong></span> <span class='ocrx_word' id='word_1_178' title='bbox 1282 2840 1626 2921; x_wconf 80' lang='grc' dir='ltr'><strong><em>ἀντιτάξας</em></strong></span> <span class='ocrx_word' id='word_1_179' title='bbox 1690 2843 1813 2926; x_wconf 83' lang='grc' dir='ltr'><strong><em>τὴν</em></strong></span> <span class='ocrx_word' id='word_1_180' title='bbox 1879 2845 2060 2911; x_wconf 78' lang='grc' dir='ltr'><strong><em>ἰδίαν</em></strong></span> <span class='ocrx_word' id='word_1_181' title='bbox 2115 2862 2308 2932; x_wconf 88' lang='grc' dir='ltr'><strong><em>στρα-</em></strong></span> 
     </span>
    </p>
   </div>
   <div class='ocr_carea' id='block_1_3' title="bbox 381 2946 2512 3038">
    <p class='ocr_par' dir='ltr' id='par_1_3' title="bbox 381 2946 2512 3038">
     <span class='ocr_line' id='line_1_26' title="bbox 381 2946 2512 3038; baseline 0.001 -25"><span class='ocrx_word' id='word_1_182' title='bbox 381 2948 532 3013; x_wconf 80' lang='grc' dir='ltr'><strong><em>τιὰν</em></strong></span> <span class='ocrx_word' id='word_1_183' title='bbox 583 2946 1055 3034; x_wconf 89' lang='grc' dir='ltr'><strong><em>προαπέστειλε</em></strong></span> <span class='ocrx_word' id='word_1_184' title='bbox 1110 2949 1275 3034; x_wconf 88' lang='grc' dir='ltr'><strong><em>πρὸς</em></strong></span> <span class='ocrx_word' id='word_1_185' title='bbox 1334 2949 1409 3012; x_wconf 87' lang='grc' dir='ltr'><strong><em>τὸ</em></strong></span> <span class='ocrx_word' id='word_1_186' title='bbox 1468 2959 1603 3012; x_wconf 90' lang='grc' dir='ltr'><strong><em>τῶν</em></strong></span> <span class='ocrx_word' id='word_1_187' title='bbox 1657 2953 1992 3034; x_wconf 87' lang='grc' dir='ltr'><strong><em>πολεμίων</em></strong></span> <span class='ocrx_word' id='word_1_188' title='bbox 2038 2954 2309 3038; x_wconf 88' lang='grc' dir='ltr'><strong><em>στρατό-</em></strong></span> <span class='ocrx_word' id='word_1_189' title='bbox 2338 2976 2394 3016; x_wconf 75' lang='lat'><strong><em>25</em></strong></span> <span class='ocrx_word' id='word_1_190' title='bbox 2508 2973 2512 2977; x_wconf 86' lang='lat'><em>·</em></span> 
     </span>
    </p>
   </div>
   <div class='ocr_carea' id='block_1_4' title="bbox 382 3053 2309 3357">
    <p class='ocr_par' dir='ltr' id='par_1_4' title="bbox 382 3053 2309 3357">
     <span class='ocr_line' id='line_1_27' title="bbox 382 3053 2309 3141; baseline 0.001 -19"><span class='ocrx_word' id='word_1_191' title='bbox 382 3058 589 3122; x_wconf 90' lang='grc' dir='ltr'><strong><em>πεδον</em></strong></span> <span class='ocrx_word' id='word_1_192' title='bbox 645 3058 801 3133; x_wconf 88' lang='grc' dir='ltr'><strong><em>τοὺς</em></strong></span> <span class='ocrx_word' id='word_1_193' title='bbox 855 3053 1261 3140; x_wconf 81' lang='grc' dir='ltr'><strong><em>κηρύξοντας</em></strong></span> <span class='ocrx_word' id='word_1_194' title='bbox 1319 3057 1489 3120; x_wconf 90' lang='grc' dir='ltr'><strong><em>διότι</em></strong></span> <span class='ocrx_word' id='word_1_195' title='bbox 1543 3056 2117 3141; x_wconf 88' lang='grc' dir='ltr'><strong><em>Σαρδανάπαλλος</em></strong></span> <span class='ocrx_word' id='word_1_196' title='bbox 2170 3069 2309 3136; x_wconf 82' lang='grc' dir='ltr'><strong><em>τοῖς</em></strong></span> 
     </span>
     <span class='ocr_line' id='line_1_28' title="bbox 382 3160 2308 3250; baseline 0.001 -22"><span class='ocrx_word' id='word_1_197' title='bbox 382 3160 505 3247; x_wconf 71' lang='grc' dir='ltr'><strong><em>μὲν</em></strong></span> <span class='ocrx_word' id='word_1_198' title='bbox 553 3163 907 3229; x_wconf 81' lang='grc' dir='ltr'><strong><em>ἀνελοῦσιν</em></strong></span> <span class='ocrx_word' id='word_1_199' title='bbox 945 3160 1272 3248; x_wconf 82' lang='grc' dir='ltr'><strong><em>Ἀρβάκην</em></strong></span> <span class='ocrx_word' id='word_1_200' title='bbox 1320 3163 1439 3227; x_wconf 91' lang='grc' dir='ltr'><strong><em>τὸν</em></strong></span> <span class='ocrx_word' id='word_1_201' title='bbox 1487 3163 1734 3246; x_wconf 78' lang='grc' dir='ltr'><strong><em>Μῆδον</em></strong></span> <span class='ocrx_word' id='word_1_202' title='bbox 1782 3164 1982 3229; x_wconf 80' lang='grc' dir='ltr'><strong><em>δώσει</em></strong></span> <span class='ocrx_word' id='word_1_203' title='bbox 2025 3167 2308 3250; x_wconf 90' lang='grc' dir='ltr'><strong><em>χρυσίου</em></strong></span> 
     </span>
     <span class='ocr_line' id='line_1_29' title="bbox 385 3264 2308 3357; baseline 0.001 -23"><span class='ocrx_word' id='word_1_204' title='bbox 385 3270 689 3334; x_wconf 90' lang='grc' dir='ltr'><strong><em>διακόσια</em></strong></span> <span class='ocrx_word' id='word_1_205' title='bbox 747 3270 1065 3352; x_wconf 89' lang='grc' dir='ltr'><strong><em>τάλαντα,</em></strong></span> <span class='ocrx_word' id='word_1_206' title='bbox 1130 3280 1268 3345; x_wconf 81' lang='grc' dir='ltr'><strong><em>τοῖς</em></strong></span> <span class='ocrx_word' id='word_1_207' title='bbox 1327 3264 1401 3334; x_wconf 73' lang='grc' dir='ltr'><strong><em>δὲ</em></strong></span> <span class='ocrx_word' id='word_1_208' title='bbox 1459 3272 1665 3347; x_wconf 84' lang='grc' dir='ltr'><strong><em>ζῶντα</em></strong></span> <span class='ocrx_word' id='word_1_209' title='bbox 1719 3271 2097 3355; x_wconf 85' lang='grc' dir='ltr'><strong><em>παραδοῦσι</em></strong></span> <span class='ocrx_word' id='word_1_210' title='bbox 2150 3273 2308 3357; x_wconf 88' lang='grc' dir='ltr'><strong><em>χρή-</em></strong></span> 
     </span>
    </p>
   </div>
   <div class='ocr_carea' id='block_1_5' title="bbox 381 3421 2307 3566">
    <p class='ocr_par' dir='ltr' id='par_1_5' title="bbox 381 3421 2307 3566">
     <span class='ocr_line' id='line_1_30' title="bbox 523 3421 2307 3497; baseline 0.002 -18"><span class='ocrx_word' id='word_1_211' title='bbox 523 3431 554 3479; x_wconf 82' lang='grc'>2</span> <span class='ocrx_word' id='word_1_212' title='bbox 594 3428 944 3497; x_wconf 83' lang='grc' dir='ltr'><strong><em>συνωμοσίας</em></strong></span> <span class='ocrx_word' id='word_1_213' title='bbox 979 3425 1240 3494; x_wconf 86' lang='lat' dir='ltr'><strong>Dindorf,</strong></span> <span class='ocrx_word' id='word_1_214' title='bbox 1289 3421 1598 3496; x_wconf 79' lang='grc' dir='ltr'><strong><em>ἡγεμονίας</em></strong></span> <span class='ocrx_word' id='word_1_215' title='bbox 1633 3427 1768 3481; x_wconf 84' lang='lat' dir='ltr'>libri</span> <span class='ocrx_word' id='word_1_216' title='bbox 1949 3433 2014 3481; x_wconf 88' lang='lat'><strong><em>19</em></strong></span> <span class='ocrx_word' id='word_1_217' title='bbox 2052 3423 2307 3497; x_wconf 80' lang='grc' dir='ltr'><strong><em>παρατά-</em></strong></span> 
     </span>
     <span class='ocr_line' id='line_1_31' title="bbox 381 3492 863 3566; baseline 0.01 -23"><span class='ocrx_word' id='word_1_218' title='bbox 381 3492 543 3562; x_wconf 81' lang='grc' dir='ltr'><strong><em>ξεως]</em></strong></span> <span class='ocrx_word' id='word_1_219' title='bbox 582 3494 763 3566; x_wconf 83' lang='grc' dir='ltr'><strong><em>μάχης</em></strong></span> <span class='ocrx_word' id='word_1_220' title='bbox 798 3497 863 3550; x_wconf 92' lang='lat' dir='ltr'><strong><em>D.</em></strong></span> 
     </span>
    </p>
   </div>
  </div>
 </body>
</html>
