2569 4061
1051 362 1076 416 1
1114 368 1201 417 25.
1241 368 1327 418 26.
2077 362 2164 428 41

244 534 380 591 τοῦ.
436 526 683 611 πατρὸς
759 518 1084 608 Ὀσίριδος
1157 523 1223 602 ἐξ
1299 522 1676 610 ἀνθρώπων
1750 524 2168 610 μετάστασιν,

242 635 359 698 τὸν
422 617 496 698 δὲ
539 623 745 719 Ὦρον
798 633 1470 718 μεθερμηνευόμενόν
1523 648 1732 714 φασιν
1784 626 2169 697 Ἀπόλλωνα

244 738 598 824 ὑπάρχειν,
650 736 762 804 καὶ
818 739 941 821 τήν
997 761 1066 804 τε
1123 738 1426 824 ἰατρικὴν
1488 736 1600 802 καὶ
1666 738 1789 821 τὴν
1843 739 2166 822 μαντικὴν

246 845 377 911 ὑπὸ
413 854 526 929 τῆς
562 846 809 931 μητρὸς
825 842 1075 922 Ἴσιδος
1113 842 1522 929 διδαχθέντα
1551 843 1664 908 διὰ
1691 852 1826 908 τῶν
1852 854 2168 929 χρησμῶν

194 990 219 1030 5
247 950 357 1018 καὶ
411 963 544 1019 τῶν
595 958 976 1037 θεραπειῶν
1036 950 1408 1037 εὐεργετεῖν
1460 952 1536 1015 τὸ
1600 959 1736 1015 τῶν
1790 949 2170 1035 ἀνθρώπων

248 1057 453 1141 γένος.

426 1166 517 1232 Οί
541 1162 601 1230 δ’
650 1165 847 1252 ίερεῖς
871 1175 1007 1230 τῶν
1035 1166 1426 1247 Αἰγυπτίων
1462 1166 1581 1229 τὸν
1611 1167 1863 1250 χρόνον
1901 1162 2030 1229 ἀπὸ
2057 1171 2172 1248 τῆς
2190 1169 2277 1236 26

236 1270 473 1338 ιἨλίου
517 1273 857 1355 βασιλείας
902 1273 1445 1355 συλλογιζόμενοι
1491 1269 1680 1358 μέχρι
1718 1279 1835 1355 τῆς
1875 1267 2173 1351 Ἀλεξάν-

247 1380 415 1465 δρου
456 1379 824 1462 διαβάσεως
859 1380 955 1455 εἰς
988 1378 1112 1461 τὴν
1141 1375 1369 1442 Ἀσίαν
1397 1376 1607 1461 φασὶν
1629 1378 1966 1464 ὑπάρχειν
2000 1376 2173 1444 ἐτῶν

167 1525 220 1565 10
247 1486 532 1570 μάλιστά
585 1506 724 1561 πως
788 1485 1162 1569 δισμυρίων
1216 1481 1328 1548 καὶ
1385 1487 1781 1569 τρισχιλίων.
1874 1489 2170 1569 μυθολο-
2210 1508 2243 1557 2

246 1600 445 1674 γοῢσι
494 1587 568 1655 δὲ
613 1587 726 1654 καὶ
770 1599 906 1654 τῶν
942 1595 1126 1654 θεῶν
1171 1592 1329 1666 τοὺς
1374 1585 1496 1673 μὲν
1543 1589 2016 1676 ἀρχαιοτάτους
2054 1595 2172 1675 βα-

252 1701 554 1761 σιλεῦσαι
590 1697 793 1760 πλείω
831 1704 967 1760 τῶν
1002 1697 1234 1779 χιλίων
1260 1693 1374 1761 καὶ
1403 1696 1764 1761 διακοσίων
1792 1695 1979 1780 ἐτῶν,
2014 1702 2171 1775 τοὺς

254 1797 329 1866 δὲ
400 1796 992 1885 μεταγενεστέρους
1056 1799 1180 1865 οὐκ
1243 1798 1489 1865 ἐλάττω
1561 1810 1697 1865 τῶν
1759 1805 2172 1884 τριακοσίων.

250 1906 536 1973 ἀπίστου
592 1900 652 1972 δ’
704 1907 899 1984 ὄντος
951 1914 1072 1972 τοῦ
1135 1908 1443 1990 πλήθους
1493 1917 1630 1972 τῶν
1682 1906 1880 1990 ἐτῶν,
1937 1906 2173 1993 ἐπιχει-
2210 1932 2244 1980 3

169 2055 222 2096 15
252 2016 457 2102 ροῢσί
492 2038 669 2092 τινες
713 2012 933 2098 λε’γειν
979 2014 1080 2079 ὅτι
1124 2014 1199 2080 τὸ
1245 2016 1564 2098 παλαιόν,
1620 2015 1806 2081 οὔπω
1860 2022 1979 2099 τῆς
2021 2014 2175 2101 περὶ

249 2124 370 2187 τὸν
413 2121 607 2204 ἥλιον
649 2123 973 2204 κινήσεως
1018 2119 1550 2206 ἐπεγνωσμένης,
1612 2121 1963 2205 συνέβαινε
2008 2125 2175 2189 κατὰ

249 2229 373 2311 τὴν
426 2237 540 2311 τῆς
587 2229 881 2311 ’σελήνης
943 2229 1263 2313 περίοδον
1323 2229 1608 2311 ἄγεσθαι
1672 2230 1792 2293 τὸν
1846 2228 2173 2294 ἐνιαυτόν.

255 2336 485 2420 διόπερ
531 2345 667 2400 τῶν
711 2331 878 2399 ἐτῶν
923 2330 1519 2419 τριακονθημέρων
1565 2335 1782 2398 ὄντων
1837 2333 1962 2399 οὐκ
2015 2334 2175 2401 ἀδύ-
2211 2358 2246 2407 4

252 2463 458 2506 νατον
502 2435 676 2506 εἶναι
720 2438 1114 2523 βεβιωκέναι
1159 2439 1346 2516 τινὰς
1401 2441 1512 2523 ἔτη
1573 2442 1751 2525 χίλια
1797 2438 1908 2505 καὶ
1953 2441 2175 2508 διακό-

173 2586 227 2626 20
253 2563 388 2613 σια·
455 2545 566 2613 καὶ
628 2549 757 2633 γὰρ
820 2556 950 2612 νῦν
1018 2547 1511 2631 δωδεκαμήνων
1576 2548 1793 2613 ὄντων
1855 2559 1990 2613 τῶν
2046 2548 2175 2616 ἐνι-

253 2665 474 2720 αυτῶν
539 2654 663 2719 οὐκ
716 2654 986 2737 ὀλίγους
1047 2649 1216 2739 ὑπὲρ
1277 2651 1512 2719 ἑκατὸν
1566 2655 1676 2740 ἔτη
1745 2658 1875 2739 ζῆν.
1966 2675 2175 2744 παρα-
2214 2680 2248 2728 5

252 2762 498 2844 πλήσια
562 2756 636 2826 δὲ
698 2757 971 2844 λέγουσι
1042 2758 1154 2824 καὶ
1224 2758 1379 2844 περὶ
1450 2771 1585 2826 τῶν
1645 2765 1990 2847 τριακόσια
2064 2766 2174 2847 ἔτη

254 2868 641 2933 δοκούντων
695 2867 911 2954 ἄρξαι·
968 2861 1111 2932 κατ’
1165 2865 1461 2944 ἐκείνους
1516 2869 1641 2953 γὰρ
1687 2871 1844 2945 τοὺς
1891 2872 2177 2955 χρόνους

254 2974 371 3040 τὸν
418 2973 727 3040 ἐνιαυτὸν
764 2972 1235 3057 ἀπαρτίζεσθαι
1282 2971 1585 3061 τέτταρσι
1621 2973 1781 3059 μησὶ
1822 2986 1961 3052 τοῖς
1998 2999 2179 3057 γινο-

176 3118 227 3158 25
255 3079 481 3165 μένοις
525 3082 690 3146 κατὰ
742 3080 859 3158 τὰς
913 3078 1207 3146 ἑκάστων
1260 3091 1397 3146 τῶν
1450 3082 1712 3167 χρόνων
1769 3083 1974 3169 ὥρας,
2032 3075 2181 3146 οἷον

255 3190 480 3274 ἔαρος,
536 3185 814 3274 θέρους,
869 3197 1215 3272 χειμῶνος·
1274 3184 1389 3271 ἀφ’
1453 3183 1532 3271 ἦς
1586 3190 1799 3266 αἰτίας
1851 3185 1962 3252 καὶ
2015 3184 2171 3270 παρ’

259 3292 464 3371 ἐνίοις
518 3303 653 3358 τῶν
706 3289 1044 3376 Ἑλλήνων
1099 3295 1257 3370 τοὺς
1313 3291 1661 3371 ἐνιαυτοὺς
1706 3294 1922 3393 ὥρους
1967 3294 2182 3354 καλεῖ-

368 3491 400 3540 3
430 3503 489 3539 τε
521 3502 629 3542 om.
659 3486 708 3539 D
817 3485 916 3541 καὶ
943 3481 1073 3557 τὴν]
1103 3484 1202 3539 καὶ
1238 3484 1288 3537 D
1419 3490 1482 3540 17
1522 3479 1771 3552 ἄγεσθαι
1808 3481 1856 3534 D
1894 3481 1963 3548 (ο.
1994 3484 2080 3548 50,
2108 3483 2182 3550 2),

260 3555 536 3625 γενέσθαι
574 3554 632 3624 C,
670 3557 935 3625 γίνεσθαι
971 3556 1014 3610 F
1179 3560 1248 3609 20
1286 3553 1709 3623 δωδεκαμήνων
1745 3547 2006 3613 Dindorf,
2055 3551 2185 3603 δυο-

266 3628 509 3682 καίδεκα
548 3627 739 3697 μηνῶν
774 3626 906 3682 libri
1053 3631 1123 3679 24
1160 3623 1385 3692 τέτρασι
1419 3624 1469 3677 D
1615 3625 1681 3674 27
1723 3614 1870 3686 ὥρας
1906 3615 1971 3670 D·
