2569 4061
1048 277 1126 331 IV
1166 281 1252 331 28.
1292 282 1377 330 29.
2083 275 2211 339 441

286 438 539 523 πέμψαι
600 439 757 521 μετὰ
816 449 952 502 τῶν
1011 438 1274 502 παίδων
1332 438 1443 501 δια
1498 440 1571 502 τὸ
1628 444 1963 516 παντελῶς
2017 435 2214 515 νέους

284 540 474 610 εἶναι.
536 544 901 626 ἀναγκαῖον
939 540 1000 608 δ’
1044 543 1206 627 ἡμῖν
1244 545 1551 628 φαίνεται
1587 547 2018 629 προδιελθεῖν
2054 542 2206 631 περὶ
2242 566 2275 614 2

285 661 401 735 τῆς
443 650 763 734 γενέσεως
807 660 942 715 τῶν
989 651 1282 733 παίδων,
1329 651 1441 715 ἵνα
1486 651 1606 715 τὸν
1652 650 1802 736 περὶ
1857 662 1971 736 τῆς
2026 653 2213 719 ἀποι-

283 761 429 835 κίας
474 762 680 841 λόγον
725 758 1201 843 καθαρώτερον
1240 755 1565 822 ἐκθέσθαι
1604 759 2028 841 δυνηθῶμεν.
2092 758 2213 824 Θέ-

202 882 230 923 5
287 880 479 942 σπιος
522 861 609 948 ἦν
655 865 824 951 ἀνὴρ
870 865 945 928 τὸ
992 861 1187 946 γένος
1234 862 1560 948 ἐπιφανὴς
1606 862 1678 928 ἐκ
1715 872 1850 927 τῶν
1882 858 2209 947 Ἀθηνῶν,

175 992 285 1041 274
305 973 450 1049 υἱὸς
498 966 892 1057 Ἐρεχθέως,
949 970 1325 1053 βασιλεύων
1382 966 1456 1035 δὲ
1502 977 1618 1053 τῆς
1665 968 2027 1053 ὁμωνύμου
2086 969 2211 1052 χώ-

283 1103 403 1164 ρας
468 1076 824 1161 ἐγέννησεν
889 1076 962 1141 έκ
1025 1079 1357 1141 πλειόνων
1419 1087 1761 1159 γυναικῶν
1833 1072 2211 1160 θυγατέρας

283 1187 708 1266 πεντήκοντα.
789 1181 1198 1269 Ἡρακλέους
1253 1178 1314 1246 δ’
1377 1185 1471 1248 ἔτι
1525 1185 1763 1261 παιδὸς
1827 1184 2020 1260 ὄντος
2083 1183 2205 1266 τὴν
2244 1202 2276 1251 3

285 1291 574 1373 ἡλικίαν,
619 1288 732 1355 καὶ
780 1290 968 1375 ῥώμῃ
1018 1291 1319 1373 σώματος
1362 1290 1749 1376 ὑπερφυοῦς
1796 1292 2020 1372 ὄντος,
2067 1289 2211 1374 ἐφι-

204 1414 257 1453 10
287 1399 613 1480 λοτιμήθη
679 1397 796 1472 τὰς
857 1395 1235 1481 θυγατέρας
1301 1395 1374 1461 ἐκ
1434 1399 1677 1462 τούτου
1739 1399 2208 1480 τεκνοποιήσα-

285 1508 466 1567 σθαι.
529 1503 633 1567 διὸ
680 1501 962 1579 καλέσας
1007 1502 1212 1567 αὐτὸν
1259 1501 1374 1567 ἐπί
1412 1524 1559 1567 τινα
1604 1508 1857 1567 θυσίαν
1901 1502 2011 1568 καὶ
2048 1508 2207 1587 λαμ-

282 1619 464 1694 πρῶς
503 1607 827 1691 ἑστιάσας,
856 1607 1194 1690 ἀπέστειλε
1222 1608 1388 1673 κατὰ
1425 1610 1584 1691 μίαν
1619 1618 1755 1671 τῶν
1786 1607 2204 1693 θυγατέρων·

284 1708 389 1792 αἷς
454 1714 739 1792 ἁπάσαις
802 1712 1016 1799 μιγεὶς
1078 1712 1191 1779 καὶ
1253 1716 1535 1798 ποιήσας
1597 1711 1877 1796 ἐγκύους
1944 1711 2202 1795 ἐγένετο

281 1823 497 1907 πατὴρ
543 1822 715 1887 υἱῶν
760 1823 1188 1905 πεντήκοντα.
1269 1816 1365 1886 ὧν
1412 1823 1757 1903 λαβόντων
1802 1821 1925 1904 τὴν
1969 1822 2204 1905 κοινὴν

202 1942 253 1983 15
281 1931 738 2014 προσηγορίαν
794 1928 922 1994 ἀπὸ
977 1939 1112 1994 τῶν
1171 1927 1599 2010 Θεσπιάδων,
1655 1923 1766 1991 καὶ
1824 1924 2203 2009 γενομένων

279 2035 636 2119 ἐνηλίκων,
683 2037 945 2122 ἔκρινεν
990 2033 1344 2119 ἐκπέμπειν
1387 2035 1665 2111 τούτους
1711 2035 1805 2110 εἰς
1848 2035 1970 2118 τὴν
2018 2033 2203 2099 ἀποι-

277 2145 431 2206 κιάν
486 2143 610 2225 τὴν
666 2144 762 2218 εἰς
816 2144 1137 2227 Σαρδόνα
1201 2142 1366 2206 κατὰ
1419 2143 1538 2206 τὸν
1596 2143 1913 2226 χρησμόν.
2002 2139 2203 2223 ἡγου-
2240 2160 2276 2207 4

279 2246 486 2330 μένου
535 2244 608 2312 δὲ
653 2256 775 2312 τοῦ
813 2252 1058 2313 στόλου
1095 2249 1341 2324 παντὸς
1372 2245 1650 2329 Ἰολάου,
1696 2244 1807 2311 καὶ
1845 2262 2201 2334 συνεστρα-

278 2352 603 2436 τευμένου
650 2356 889 2438 σχεδὸν
944 2354 1201 2431 ἁπάσας
1252 2355 1370 2430 τὰς
1424 2355 1796 2438 στρατείας,
1849 2351 2201 2440 ἐπέτρεψεν

200 2475 255 2515 ‘20
283 2459 458 2546 αὐτῷ
522 2462 603 2525 τὰ
665 2459 817 2546 περὶ
879 2464 1036 2538 τοὺς
1094 2460 1470 2544 Θεσπιάδας
1522 2457 1634 2524 καὶ
1689 2461 1813 2543 τὴν
1869 2459 2202 2528 ἀποικίανέ

278 2576 414 2631 τῶν
463 2561 535 2631 δὲ
581 2571 989 2649 πεντήκοντα
1034 2569 1297 2632 παίδων
1343 2566 1465 2631 δύο
1512 2561 1635 2650 μὲν
1687 2565 2081 2651 κατέμειναν
2125 2568 2200 2634 ἐν

274 2684 418 2750 ταῖς
475 2676 756 2757 Θήβαις,
818 2669 913 2740 ὧν
966 2678 1126 2751 τοὺς
1181 2673 1556 2756 ἀπογόνους
1610 2672 1778 2759 φασὶ
1833 2674 2021 2762 μέχρι
2075 2685 2196 2741 τοῦ

272 2789 402 2845 νῦν
446 2787 792 2864 τιμᾶσθαι,
833 2779 992 2846 ἑπτὰ
1039 2778 1103 2845 δ’
1148 2778 1222 2845 ἐν
1261 2784 1597 2863 Θεσπιαῖς,
1637 2779 1755 2857 οὓς
1796 2781 2195 2866 ὀνομάζουσι

275 2888 674 2971 δημούχους,
712 2881 808 2951 ὧν
853 2883 962 2951 καὶ
998 2889 1155 2962 τοὺς
1191 2885 1569 2968 ἀπογόνους
1603 2886 1995 2971 ἡγήσασθαί
2028 2904 2194 2971 φασι

195 3006 245 3048 25
270 3000 389 3074 τῆς
432 2996 684 3070 πόλεως
729 2990 919 3078 μέχρι
963 3003 1099 3056 τῶν
1151 2995 1498 3077 νεωτέρων
1550 3004 1818 3078 καιρῶν.
1908 2997 2064 3070 τοὺς
2120 2990 2193 3059 δὲ
2230 3011 2262 3059 6

272 3100 547 3175 λοιποὺς
619 3099 911 3176 ἅπαντας
969 3096 1216 3176 Ἰόλαος
1291 3099 1646 3182 ἀναλαβὼν
1717 3096 1830 3163 καὶ
1899 3102 2190 3176 πολλοὺς

271 3205 515 3280 ἄλλους
567 3209 723 3282 τοὺς
778 3204 1231 3288 βουλομένους
1284 3215 1637 3270 κοινωνεῖν
1694 3212 1809 3288 τῆς
1851 3203 2190 3288 ’ἀποικίας,

269 3312 587 3376 ἔπλευσεν
633 3313 728 3388 εἰς
772 3313 897 3395 τὴν
942 3313 1279 3397 Σαρδόνα.
1355 3313 1686 3397 κρατήσας
1724 3306 1798 3375 δὲ
1835 3310 2008 3396 μάχῃ
2053 3321 2189 3376 τῶν

411 3541 444 3590 5
481 3529 552 3607 ἦν
591 3533 765 3610 ἀνὴρ]
804 3538 912 3611 γὰρ
952 3534 1098 3610 ἀνὴρ
1135 3530 1209 3610 ἦν
1248 3539 1310 3594 F
1442 3543 1507 3592 17
1547 3541 1605 3593 et
1641 3543 1712 3592 28
1749 3539 2033 3608 Σαρδῶνα
2071 3538 2187 3595 OF.
