2569 4061
4 206 12 451 i
744 428 841 484 DE
880 426 1228 485 SERMONE
1264 427 1656 484 DIODOREO.
2049 429 2173 484 LIX

235 595 340 656 vel
377 589 438 666 ἐξ
474 591 550 654 ἂν
588 589 662 656 οὗ
700 600 763 657 et
801 596 1037 674 similia,
1073 614 1267 673 neque
1296 596 1672 675 intellegitur
1700 616 1807 658 cur
1835 597 2175 675 genitivum

235 691 539 753 Diodorus
586 693 918 770 addiderit,
972 694 1076 771 qui
1123 693 1250 754 sine
1295 694 1403 754 illo
1449 695 1600 754 dixit
1644 690 1809 773 μέχρι
1855 692 1932 755 ἂν
1973 698 2029 773 1,
2073 696 2173 772 18,

239 791 313 865 3,
358 791 412 866 1,
444 791 546 869 33,
578 793 645 868 3,
686 795 744 870 2,
777 795 882 869 57,
913 795 980 869 2,
1031 794 1089 870 3,
1121 794 1223 870 23,
1257 795 1322 867 1.,
1363 793 1636 870 3,25,2,
1676 794 1733 870 3,
1757 794 1948 871 26,3,
1990 794 2047 869 3,
2072 794 2175 868 27,

241 888 282 946 3
334 889 396 947 et
441 889 514 965 4,
565 891 624 964 3,
656 890 757 966 33,
790 891 856 965 3,
902 892 963 967 4,
995 892 1097 965 23,
1130 891 1197 966 3,
1235 892 1297 967 4,
1326 891 1431 966 46,
1461 891 1530 964 4,
1570 893 1628 967 9,
1661 892 1764 966 11,
1798 893 1862 967 1,
1903 892 2173 968 17,114,

237 985 312 1061 43
366 986 467 1062 20,
499 988 598 1059 61,
633 989 700 1065 6,
745 990 809 1046 et
855 983 989 1065 ἄχρι
1035 983 1112 1045 ἂν
1154 990 1209 1063 1,
1240 988 1342 1059 80,
1376 988 1443 1062 6;
1494 988 1549 1059 3,
1585 987 1685 1063 13,
1719 988 1775 1045 1.
1866 986 2173 1057 Quomodo

239 1082 618 1142 convincitur
663 1078 799 1162 ἄχρι
845 1080 922 1143 ἂν
971 1081 1110 1145 ὅτου
1163 1087 1262 1160 12,
1296 1087 1397 1161 17,
1430 1086 1488 1160 2,
1536 1087 1597 1144 et
1644 1083 1888 1160 duplex,
1936 1083 2009 1143 de
2054 1103 2171 1160 quo

238 1197 452 1256 supra,
507 1180 821 1241 Plutarchi
867 1176 1002 1262 ἄχρι
1048 1178 1125 1240 ἂν
1172 1172 1276 1258 οὗ,
1333 1200 1518 1259 quum
1578 1180 1739 1240 idem
1793 1179 1940 1241 alibi
1997 1199 2176 1257 saepe

237 1276 463 1338 dixerit
507 1273 641 1358 ἄχρι
686 1275 764 1339 ἂν
811 1279 939 1341 31113
987 1270 1093 1358 οὗ,
1149 1282 1219 1339 ut
1263 1279 1416 1338 nihil
1459 1278 1851 1338 tribuendum
1895 1277 2176 1338 videatur

234 1375 528 1451 exemplis
559 1377 847 1454 simplicis
890 1377 1052 1453 apud
1095 1377 1350 1436 eundem
1386 1372 1519 1456 ἄχρι
1556 1367 1651 1453 οὗ,
1691 1378 1977 1452 sequente
2005 1375 2177 1436 verbi

233 1473 583 1549 indicative,
619 1494 807 1551 quum
842 1475 1001 1535 idem
1040 1493 1220 1552 saepe
1257 1493 1402 1535 usus
1442 1474 1523 1534 sit
1557 1474 1717 1534 nudo
1755 1468 1888 1554 ἄχρι
1916 1475 2045 1535 31113
2075 1465 2173 1552 οὗ,

236 1572 315 1629 ut
361 1571 598 1633 omnino
645 1572 941 1632 latissime
979 1574 1155 1650 patet
1199 1573 1314 1633 11οο
1350 1572 1569 1632 vitium
1606 1569 1798 1630 additi
1833 1576 1972 1648 post
2017 1567 2174 1652 ἄχρι,

237 1663 429 1747 μέχρι,
475 1663 587 1740 ἕως
631 1669 884 1746 genitivi
930 1662 1003 1731 οὗ
1050 1671 1150 1732 vel
1198 1666 1369 1745 ὅτου,
1414 1669 1645 1745 pariter
1691 1671 1870 1744 atque
1917 1670 2174 1730 omissae

236 1767 389 1825 ante
444 1766 883 1828 coniunctivum
942 1786 1077 1828 cum
1131 1768 1207 1827 iis
1270 1767 1656 1827 coniunctum
1700 1765 2033 1841 particulae
2078 1763 2173 1826 ἄν.

237 1862 397 1933 Quis
445 1862 604 1921 enim
649 1861 848 1925 credat
895 1865 1213 1927 Platonem
1244 1864 1490 1939 Protag.
1531 1883 1590 1939 p.
1622 1864 1748 1932 325
1782 1860 1827 1922 C
1867 1863 2173 1940 scripsisse

239 1961 406 2040 quod
444 1961 718 2023 omnibus
757 1965 850 2022 est
885 1963 949 2021 in
984 1963 1187 2023 libris:
1234 1957 1435 2042 Μέχρι
1472 1952 1546 2021 οὗ
1583 1978 1694 2040 περ
1731 1956 1808 2020 ἂν
1846 1960 2005 2040 ζῶσι,
2053 1977 2175 2020 11011

240 2060 403 2137 quod
448 2060 664 2120 ceteris
709 2059 855 2119 locis
903 2060 1180 2120 omnibus
1217 2060 1404 2121 habet
1439 2054 1604 2139 μέχρι
1638 2077 1750 2138 περ
1786 2054 1904 2118 ἅνῖ
1958 2059 2172 2136 Neque

239 2158 475 2218 Menex.
534 2178 590 2234 p.
633 2159 788 2234 245,
825 2156 912 2216 A:
973 2150 1370 2236 Ἐλευθέρους
1433 2149 1586 2217 εἶναι
1641 2152 1806 2237 μέχρι
1860 2147 1934 2217 οὗ
1993 2155 2174 2217 πάλιν

241 2251 414 2316 αὐτοὶ
469 2253 689 2327 αὐτοὺς
741 2251 1263 2316 κατεδουλώσαντο
1325 2256 1650 2331 scripserat
1704 2273 1841 2315 cum
1886 2254 2173 2331 genitive,

244 2354 351 2414 sed
389 2355 584 2414 solum
621 2349 807 2432 μέχρι,
845 2355 954 2412 aut
988 2352 1351 2412 Plutarchus
1390 2350 1559 2412 Caes.
1600 2370 1648 2412 0.
1682 2354 1716 2411 7
1758 2353 1933 2409 extr.:
1975 2346 2175 2431 Μέχρι

244 2442 321 2511 οὗ
358 2453 820 2531 καταπολεμηθῇ
849 2448 1190 2527 Κατιλίνας,
1228 2449 1334 2510 sed
1372 2445 1538 2527 μέχρι
1574 2445 1651 2508 ἂν
1687 2450 2174 2529 καταπολεμηθῇ,

242 2549 318 2606 ut
354 2548 525 2621 solet,
562 2547 767 2606 addito
795 2541 896 2621 ἄν,
933 2546 1154 2606 01111330
1183 2550 1393 2606 autem
1421 2538 1517 2623 οὗ,
1552 2564 1747 2623 neque
1775 2545 1924 2606 Mor.
1944 2565 2000 2621 p.
2025 2547 2172 2622 688,

243 2645 326 2704 E:
379 2641 577 2725 Μέχρι
623 2637 696 2704 οὗ
742 2642 923 2703 πάλιν
969 2641 1213 2723 ἐπιρροὴ
1260 2640 1530 2726 γένηται,
1586 2644 1691 2704 sed
1737 2638 1903 2722 μέχρι
1947 2638 2055 2720 ἄν,
2101 2646 2173 2702 ut

243 2742 326 2803 111.
373 2741 445 2803 O:
484 2737 653 2821 ’Ἀχρι
698 2735 775 2812 ἂν
821 2737 1009 2823 ἐκστῇ.
1089 2742 1304 2818 Itaque
1348 2741 1563 2819 Pyrrh.
1603 2760 1651 2801 0.
1693 2745 1806 2801 191
1861 2737 2060 2821 Μέχρι
2109 2736 2173 2801 δὲ
2295 2740 2301 2744 ’

244 2832 320 2901 οὗ
366 2838 644 2918 πάρεστιν
690 2836 755 2898 ἐν
812 2836 1043 2916 ὅπλοις,
1097 2836 1452 2915 πολεμήσειν
1508 2834 1666 2922 αὐτῷ
1702 2831 2053 2915 Ῥωμαίους,
2112 2840 2174 2898 et

243 2938 394 2999 Mor.
422 2957 481 3014 p.
514 2939 660 3011 736,
686 2937 764 2995 B:
803 2931 1004 3016 Μέχρι
1031 2928 1105 2997 οὗ
1134 2932 1589 3013 συνεσταλμένοι
1615 2930 1790 3012 ἐστίν,
1827 2935 2173 3012 pariterque

244 3034 381 3095 aliis
417 3034 562 3094 locis
602 3034 896 3111 omnibus,
931 3034 1039 3094 ubi
1074 3029 1209 3113 ἄχρι
1235 3035 1333 3095 vel
1374 3030 1539 3113 μέχρι
1576 3033 1847 3109 sequitur
1883 3033 2037 3093 illud
2077 3023 2173 3111 οὗ,

243 3131 406 3209 quod
450 3134 544 3192 tot
589 3132 725 3191 aliis
771 3134 934 3192 recte
980 3131 1179 3206 abest,
1224 3150 1345 3190 non
1389 3131 1633 3191 videtur
1680 3128 1981 3192 addidisse
2026 3130 2171 3190 Plu-

243 3230 509 3291 tarchus.
565 3227 769 3305 Atque
817 3228 901 3288 sic
946 3230 1130 3289 etiam
1167 3228 1430 3289 Diodoro
1472 3232 1529 3305 2,
1560 3231 1619 3308 9,
1652 3230 1688 3287 2
1729 3224 1891 3308 μέχρι
1929 3226 2068 3289 ὅτου
2107 3223 2172 3285 τὸ

242 3325 434 3405 πάχος
452 3333 558 3387 τοῦ
587 3325 896 3406 χρίσματος
924 3323 1161 3403 ἐποίησε
1180 3332 1388 3405 πηχῶν
1404 3324 1710 3404 τεττάρων,
1731 3326 1835 3386 11111
1855 3326 1959 3386 3111
1978 3320 2175 3401 μέχρις

243 3423 408 3503 ὅτου,
437 3424 544 3485 3111
570 3420 736 3504 μέχρι
762 3431 869 3485 τοῦ
902 3418 1093 3503 (μέχρι
1112 3414 1186 3484 οὗ
1204 3415 1305 3505 D),
1338 3424 1591 3500 simplex
1616 3422 2059 3482 restituendum
2085 3417 2172 3476 vi-

242 3523 425 3584 detur
444 3518 629 3602 μέχρι,
659 3525 722 3582 et
743 3525 800 3602 2,
819 3524 921 3599 33,
941 3525 977 3583 6
1000 3516 1163 3600 μέχρι
1192 3512 1264 3581 οὗ
1283 3522 1487 3600 Κῦρος
1507 3521 1591 3593 είς
1609 3516 1844 3597 Πέρσας
1871 3512 2173 3594 μετέστησε

238 3617 356 3698 τὴν
399 3614 748 3700 ἡγεμονίαν,
793 3621 901 3680 ubi
947 3617 1275 3679 deteriores
1315 3614 1476 3693 ὅτου,
1514 3621 1577 3677 et
1617 3618 1719 3690 17,
1750 3616 1853 3687 92,
1885 3615 1921 3669 3
1971 3606 2175 3681 ἔμενεν

6 3675 9 3756 l
238 3714 356 3791 ἕως
393 3716 534 3779 ὅτου
571 3713 887 3796 γενόμενος
924 3713 1159 3792 ἔξαιμος
1197 3709 1530 3773 ἐναπέθανε
1567 3709 1647 3791 τῷ
1683 3703 1903 3781 θηρίῳ,
1941 3695 2178 3757 delendi
