2569 4061
427 221 557 284 110
1093 218 1404 275 DIODORI
1438 217 1670 275 SICULI

323 405 387 454 12
425 380 834 466 γασαμένων.
927 384 1043 447 καί
1073 398 1241 466 φασι
1289 383 1433 447 δεῖν
1475 380 1844 465 θαυμάζειν
1890 384 2146 464 μᾶλλον
2191 365 2348 456 τοὺς

423 486 885 573 ἀρχιτέκτονας
919 499 1054 552 τῶν
1090 490 1307 573 ἔργων
1343 487 1386 571 ’ἢ
1423 490 1581 564 τοὺς
1617 489 1915 570 βασιλεῖς
1947 490 2105 563 τοὺς
2141 509 2348 572 παρα-

422 592 789 678 σχομένους
846 595 963 671 τὰς
1017 596 1111 671 εἰς
1163 603 1370 658 ταῦτα
1425 597 1768 678 χορηγίας·
1827 595 1985 669 τοὺς
2043 589 2165 677 μὲν
2218 594 2345 678 γὰρ
2383 614 2448 663 75

421 712 564 777 ταῖς
612 701 812 777 ἰδίαις
854 710 1099 785 ψυχαῖς
1139 699 1254 765 καὶ
1289 711 1433 777 ταῖς
1478 702 1906 784 φιλοτιμίαις,
1951 701 2110 776 τοὺς
2148 695 2223 765 δὲ
2257 707 2349 787 τῷ

421 806 998 891 κληρονομηθέντι
1041 808 1306 895 πλούτῳ
1352 804 1464 872 καὶ
1509 817 1653 883 ταῖς
1689 805 2071 894 ἀλλοτρίαις
2105 830 2345 871 κακον·
2371 823 2398 863 5

321 938 383 986 13
422 916 595 997 χίαις
659 912 766 978 ἐπὶ
818 911 1007 991 τέλος
1059 913 1334 996 ἀγαγεῖν
1386 915 1510 997 τὴν
1560 916 1970 999 προαίρεσιν.
2061 908 2212 997 περὶ
2271 907 2344 977 δὲ·

421 1030 555 1083 τῶν
601 1019 995 1103 πυραμίδων
1042 1015 1243 1085 οὐδὲν
1299 1020 1473 1096 ὅλως
1518 1019 1671 1084 οὔτε
1725 1011 1904 1104 παρὰ
1961 1028 2102 1094 τοῖς
2147 1017 2344 1102 ἐγχω-

423 1128 593 1208 ρίοις
638 1126 791 1188 οὔτε
835 1127 1014 1210 παρὰ
1057 1136 1197 1203 τοῖς
1242 1135 1703 1212 συγγραφεῦσι
1750 1134 2230 1210 συμφωνεῖται·
2276 1125 2350 1188 οἱ

421 1225 543 1312 μὲν
586 1231 713 1313 γὰρ
759 1234 916 1307 τοὺς
958 1232 1484 1317 προειρημένους
1526 1236 1824 1316 βασιλεῖς
1859 1232 2344 1297 κατασκευάσαι

424 1333 633 1417 φασὶν
692 1336 921 1420 αὐτάς,
988 1338 1060 1403 οἰ
1109 1335 1184 1403 δὲ
1237 1338 1507 1425 ἑτέρους
1558 1339 1772 1415 τινάς·
1836 1330 1985 1404 οἷον
2038 1338 2162 1420 τὴν
2221 1333 2344 1421 μὲν
2373 1356 2424 1395 10

422 1443 736 1526 μεγίστην
782 1451 1054 1526 ποιῆσαι
1098 1442 1412 1528 λέγουσιν
1450 1443 1785 1531 Ἀρμαῖον,
1831 1444 1955 1525 τὴν
2002 1438 2077 1507 δὲ
2123 1442 2342 1508 δευτέ-

316 1572 385 1619 14
422 1571 549 1632 ραν
585 1546 911 1633 ’Άμωσιν,
966 1552 1099 1633 ’τὴν
1154 1534 1228 1616 δε
1291 1554 1522 1636 τρίτην
1579 1545 1872 1632 Ἰναρῶν.
1962 1549 2212 1633 ταύτην
2277 1542 2336 1614 δ’

421 1656 589 1719 ἔνιοι
635 1655 907 1738 λέγουσι
952 1654 1351 1734 Ῥοδώπιδος
1402 1658 1622 1742 τάφον
1667 1652 1840 1721 εἶναι
1895 1663 2012 1739 τῆς
2056 1654 2340 1741 ἑταίρας,

419 1756 499 1844 ἧς
553 1778 720 1845 φασι
764 1774 900 1827 τῶν
954 1773 1310 1848 νομαρχῶν
1365 1786 1550 1840 τινας
1603 1762 1880 1849 ἐραστὰς
1939 1761 2342 1846 γενομένους

422 1869 533 1932 διὰ
571 1872 1049 1955 φιλοστοργίαν
1078 1868 1438 1935 ἐπιτελέσαι
1476 1874 1671 1955 κοινῇ
1706 1871 1782 1935 τὸ
1819 1870 2340 1953 κατασκεύασμα.
2371 1886 2423 1926 15

314 1977 401 2042 65
599 1976 793 2041 Μετὰ
821 1972 896 2042 δὲ
922 1978 1080 2053 τοὺς
1113 1975 1640 2064 προειρημένους
1673 1980 1970 2061 βασιλεῖς
2007 1974 2339 2055 διεδέξατο

418 2082 542 2165 τὴν
588 2081 798 2168 ἀρχὴν
843 2085 1195 2169 Βόκχορις,
1251 2091 1342 2172 τῷ
1390 2081 1514 2169 μὲν
1557 2086 1811 2170 σώματι
1853 2088 2191 2160 παντελῶς
2236 2081 2341 2147 εὐ-

418 2192 938 2276 καταφρόνητος,
976 2190 1282 2279 ἀγχινοίᾳ
1321 2188 1395 2257 δὲ
1430 2195 1604 2257 πολὺ
1643 2190 1984 2278 διαφέρων
2010 2202 2145 2256 τῶν
2180 2211 2340 2276 προ-

350 2319 381 2366 2
419 2298 978 2379 βασιλευσάντων.
1069 2303 1343 2374 πολλοῖς
1407 2292 1467 2361 δ’
1527 2297 1811 2383 ὕστερον
1865 2299 2133 2381 χρόνοις
2186 2296 2340 2380 ,ἐβα-

420 2405 683 2466 σίλευσε
728 2411 843 2484 τῆς
889 2402 1238 2485 Αἰγύπτου
1281 2403 1645 2484 Σαβάκων,
1701 2404 1776 2467 τὸ
1831 2399 1955 2485 μὲν
2007 2403 2201 2487 γένος
2246 2403 2342 2468 ὢν
2370 2419 2425 2459 2⁰

419 2509 704 2589 Αἰθίοψ,
752 2508 1055 2592 εὐσεβείᾳ
1102 2499 1176 2571 δὲ
1212 2505 1322 2571 καὶ
1358 2510 1751 2592 χρηστότητι
1786 2511 1960 2572 πολὺ
1997 2508 2340 2594 διαφέρων

347 2638 378 2686 3
417 2624 552 2678 τῶν
596 2615 724 2698 πρὸ
774 2612 997 2677 αὐτοῦ.
1080 2620 1195 2696 τῆς
1239 2608 1364 2696 μὲν
1411 2607 1535 2679 οὖν
1581 2612 1928 2690 ἐπιεικείας
1972 2613 2183 2678 αὐτοῦ
2227 2616 2342 2680 λοί-

416 2723 526 2802 βοι
584 2742 685 2796 τις
739 2718 824 2783 ἂν
875 2720 1230 2804 τεκμήριον
1290 2721 1365 2785 τὸ
1420 2731 1556 2786 τῶν
1599 2723 1902 2806 νομίμων
1953 2723 2341 2806 προστίμων

420 2820 574 2913 ἆραι
618 2828 692 2890 τὸ
740 2824 1082 2910 μέγιστον,
1129 2824 1299 2908 λέγω
1358 2823 1432 2892 δὲ
1486 2828 1611 2910 τὴν
1664 2833 1784 2891 τοῦ
1836 2829 1952 2910 ζῆν
1999 2825 2338 2913 στέρησιν·

346 2958 383 3006 4
418 2931 566 2998 ἀντὶ
611 2934 739 3018 γὰρ
784 2942 906 2998 τοῦ
949 2934 1255 2999 θανάτου
1299 2936 1457 3010 τοὺς
1491 2930 2100 3008 καταδικασθέντας
2135 2932 2337 3014 ἠνάγ-
2369 2951 2426 2991 25

560 3132 593 3182 5
630 3122 825 3190 ἄλλαις
860 3124 910 3179 D
1060 3132 1123 3179 10
1163 3125 1267 3196 μὲν
1307 3141 1413 3179 om.
1453 3125 1604 3195 vulg.
1753 3131 1819 3179 12
1858 3119 2042 3195 ἅμωσι
2078 3123 2146 3192 D,
2192 3119 2338 3194 ἅμα·

416 3216 504 3252 σιν
546 3199 652 3254 OF
827 3202 1022 3268 ἴναρον
1059 3196 1131 3264 F,
1181 3195 1435 3265 ἰνοέρωνα
1475 3195 1542 3263 G',
1579 3199 1790 3264 ἰ’νδρων
1828 3196 1877 3249 D
2052 3200 2118 3247 13
2167 3191 2339 3265 ῥοδό-

414 3272 580 3333 πιδος
616 3270 711 3324 DF
858 3274 924 3322 15
966 3265 1279 3324 ἐπιτελέσαι
1317 3268 1480 3337 κοινῇ
1519 3268 1585 3338 D,
1631 3264 2116 3337 οἰκοδομήσαντας
2153 3264 2337 3322 ἐπιτε-

415 3338 573 3393 λέσαι
611 3341 673 3409 F,
714 3337 1199 3410 οἰκοδομήσαντας
1238 3334 1556 3395 ἐπιτελέσαι
1593 3340 1755 3408 κοινῇ
1791 3338 1840 3394 Ο
1979 3344 2044 3393 19
2083 3335 2334 3409 χρόνοις]

418 3408 558 3489 μετὰ
584 3408 828 3534 ὗοῦἑους
864 3408 1080 3482 ἢᾶᾱ.ΞΙ)
1218 3416 1286 3464 22
1325 3405 1544 3485 λάβοιτ’
1577 3404 1651 3465 ἄν
1688 3430 1773 3473 τις
1812 3410 1919 3465 OF
2042 3415 2112 3463 25
2146 3412 2336 3463 θανα-

413 3492 550 3529 τουν
635 3498 694 3533 m
734 3521 749 3537 .
