2569 4061
386 284 515 350 192
1048 280 1357 337 DIODORI
1393 278 1627 335 SICULI

385 446 459 512 ἐν
514 445 678 528 αὐτῇ
737 447 1063 525 πολυτελῆ
1119 445 1421 526 βασίλεια
1474 440 1587 507 καὶ
1644 442 1768 524 τὴν
1824 443 2034 524 ἄλλην
2089 439 2312 525 ἐπιμέ-

386 558 571 616 λειαν
618 549 972 634 ἐποιήσατο
1019 556 1140 614 τοῦ
1185 553 1397 614 τόπου
1441 545 1923 634 περιττοτέραν.
2009 547 2311 631 ἀνύδρου

382 657 509 742 γὰρ
558 655 765 740 οὔσης
799 664 916 740 τῆς
949 658 1201 732 πόλεως
1236 652 1350 720 καὶ
1386 655 1698 739 μηδαμοῦ
1736 639 2064 736 σύνεγγυς
2098 653 2312 738 ,ὑπαρ-

383 763 631 847 χούσης
676 772 917 847 πηγῆς,
976 760 1286 845 ἐποίησεν
1344 760 1554 844 αὐτὴν
1608 769 1827 826 πᾶσαν
1872 760 2310 845 κατάρρυτον,

385 867 810 953 ἐπαγαγοῦσα
845 874 1157 935 πλεῖστον
1191 865 1304 933 καὶ
1338 867 1695 932 κάλλιστον
1731 866 1917 951 ὕδωρ
1955 867 2116 950 μετὰ
2152 870 2312 931 πολ·
2368 882 2396 924 5

318 998 351 1047 ’1
393 982 509 1061 λῆς
553 979 1002 1051 κακοπαθείας
1046 996 1116 1039 τε
1161 971 1270 1038 καὶ
1320 974 1635 1055 δαπάνης.
1726 982 1859 1037 τῶν
1906 973 2035 1057 γάρ
2085 968 2312 1054 Ἐκβα-

384 1083 607 1147 τάνων
672 1082 762 1157 ὡς
827 1080 1085 1145 δώδεκα
1148 1079 1464 1155 σταδίους
1524 1076 1770 1162 ἀπέχον
1824 1080 2006 1143 ἔστιν
2062 1079 2219 1161 ὄρος
2274 1076 2310 1141 ὃ

386 1192 677 1252 καλεῖται
725 1183 846 1270 μὲν
874 1183 1204 1270 Ὀρόντης,
1251 1193 1332 1270 τῇ
1372 1181 1447 1250 δὲ
1482 1185 1836 1270 τραχύτητι
1872 1182 1983 1249 καὶ
2018 1191 2110 1271 τῷ
2147 1185 2312 1268 πρὸς

386 1293 557 1368 ὕψος
621 1291 1036 1356 ἀνατείνοντι
1106 1289 1377 1374 μεγέθει
1449 1291 1811 1376 διάφορον,
1886 1290 1975 1367 ὡς
2039 1288 2124 1354 ἂν
2188 1289 2313 1372 τὴν

386 1398 761 1480 πρόσβασιν
807 1397 961 1480 ἔχον
1007 1397 1250 1481 ὄρθιον
1287 1395 1411 1473 ἕως
1454 1404 1570 1480 τῆς
1614 1395 1978 1483 ἀκρωρείας
2023 1397 2313 1461 σταδίων
2342 1414 2396 1453 10

387 1508 597 1567 εἴκοσι
643 1500 853 1567 πέντε.
947 1501 1018 1569 ἐκ
1062 1501 1358 1587 θατέρου
1406 1499 1481 1567 δὲ
1526 1501 1769 1588 μέρους
1828 1503 2032 1585 οῦσης
2078 1505 2314 1586 λίμνης

388 1609 674 1693 μεγάλης
710 1611 805 1687 εἰς
841 1612 1140 1694 ποταμὸν
1179 1609 1650 1693 ἐκβαλλούσης,
1690 1606 2003 1687 διέσκαψε
2040 1610 2115 1673 τὸ
2153 1630 2314 1693 προ-

315 1748 351 1797 g
390 1716 743 1802 ειρημένον
788 1717 1153 1802 ὄροςκατά
1208 1717 1334 1799 τὴν
1388 1715 1591 1801 ῥίζαν.
1682 1711 1769 1798 ἦν
1824 1710 1887 1780 δ’
1944 1715 1987 1799 ἡ
2050 1715 2295 1800 διῶρυξ
2316 1732 2421 1782 128

388 1824 463 1886 τὸ
528 1818 650 1906 μὲν
714 1823 958 1898 πλάτος
1020 1822 1249 1886 ποδῶν
1315 1823 1810 1905 πεντεκαίδεκα,
1876 1823 1951 1887 τὸ
2019 1817 2079 1886 δ’
2141 1821 2314 1898 ὕψος

388 1927 896 2012 τετταράκοντα·
944 1922 1031 1989 δι’
1075 1920 1155 2008 ἧς
1192 1925 1618 2008 ἐπαγαγοῦσα
1654 1927 1773 1991 τὸν
1811 1926 1883 1992 ἐκ
1917 1935 2033 2011 τῆς
2079 1930 2314 2011 λίμνης
2341 1942 2396 1983 15

389 2035 688 2119 ποταμὸν
742 2029 1080 2120 ἐπλήρωσε
1142 2034 1266 2116 τὴν
1321 2036 1519 2099 πόλιν
1571 2032 1832 2112 ὕδατος.
1923 2043 2130 2100 ταῦτα
2192 2030 2314 2119 μὲν

392 2137 518 2208 οὖν
564 2141 872 2224 ἐποίησεν
918 2140 992 2206 ἐν
1037 2147 1115 2225 τῇ
1162 2140 1414 2227 Μηδία.

288 2262 374 2326 14
402 2304 407 2309 .
570 2248 762 2312 issa&
799 2242 873 2312 δὲ
910 2254 1117 2311 ταῦτα
1155 2244 1406 2330 ἐπῆλθε
1444 2249 1566 2330 τήν
1601 2270 1671 2312 τε
1710 2248 2011 2334 Περσίδα
2046 2243 2315 2333 καὶξτὴν

393 2356 601 2437 ἄλλην
653 2354 880 2439 χώραν
935 2354 1198 2418 ἅπασαν
1250 2347 1332 2436 ἧς
1384 2352 1624 2437 ἐπῆρχε
1678 2355 1842 2419 κατὰ
1895 2352 2021 2435 τὴν
2071 2350 2315 2420 Ἀσίαν.

392 2468 730 2542 πανταχοῦ
778 2454 851 2522 δὲ
887 2460 969 2522 τὰ
1005 2455 1129 2542 μὲν
1167 2459 1289 2544 ὅρη
1339 2457 1451 2522 καὶ
1493 2460 1609 2533 τὰς
1645 2456 2040 2545 ἀπορρῶγας
2076 2457 2316 2544 πέτρας
2343 2475 2398 2514 20

395 2565 844 2628 διακόπτουσα
889 2563 1370 2629 κατεσκεύασεν
1418 2562 1618 2639 ὁδοὺς
1662 2569 2073 2647 πολυτελεῖς,
2122 2565 2196 2631 ἐν
2244 2562 2318 2631 δὲ

392 2678 530 2744 τοῖς
565 2670 821 2745 πεδίοις
865 2668 1074 2733 ἐποίει
1117 2668 1408 2752 χώματα,
1453 2664 1612 2733 ποτὲ
1658 2665 1778 2752 μὲν
1823 2670 2078 2750 τάφους
2121 2694 2318 2737 κατα-

395 2775 804 2852 σκευάζουσα
847 2784 986 2851 τοῖς
1030 2778 1385 2839 τελευτῶσι
1429 2783 1565 2838 τῶν
1608 2772 1989 2858 ἡγεμόνων,
2037 2773 2196 2842 ποτε
2245 2775 2318 2843 δὲ

319 2917 355 2965 2
393 2882 617 2958 πόλεις
663 2879 736 2945 ἐν
781 2889 922 2956 τοῖς
968 2878 1382 2964 ἀναστήμασι
1416 2881 1895 2958 κατοικίζουσα.
1978 2882 2205 2947 εἰώθει
2243 2879 2317 2947 δὲ

394 2985 507 3054 καὶ
532 2987 697 3052 κατὰ
723 2986 840 3063 τὰς
877 2989 1386 3071 στρατοπεδείας
1420 2987 1620 3073 μικρὰ
1656 2987 1938 3071 χώματα,
1960 3005 2316 3052 κατασκευ-
2345 3004 2399 3045 25

397 3097 595 3178 ἀζειν,
642 3091 751 3179 ἐφ’
808 3088 903 3159 ὧν
947 3100 1322 3159 καθιστᾶσα
1366 3095 1490 3177 τὴν
1536 3094 1717 3158 ίδίαν
1754 3093 2008 3176 σκηνὴν
2054 3094 2317 3158 ἅπασαν

394 3203 768 3267 κατώπτευε
833 3201 956 3283 τὴν
1018 3202 1470 3285 παρεμβολήν·
1538 3200 1644 3264 διὸ
1647 3196 2090 3287 ἐκαὶξξπολλά
2151 3200 2317 3265 κατὰ

538 3401 569 3448 6
607 3413 667 3446 τε
707 3410 813 3449 om.
852 3393 899 3447 D
1083 3398 1113 3446 7
1154 3387 1228 3454 ὥς
1275 3409 1384 3449 om.
1423 3393 1471 3446 D
1581 3391 1684 3455 ἓξὲξ)
1724 3388 1799 3455 ὡς
1836 3371 2020 3446 aev‘J‘.
2059 3433 2071 3445 .
2110 3385 2317 3459 ὄρθιον

399 3479 506 3515 om.
544 3463 692 3516 ABD
840 3468 907 3517 14
944 3461 1255 3518 δεκαπέντε
1295 3463 1427 3518 libri
1553 3469 1619 3517 15
1657 3458 2035 3533 ἀπαγαγοῦσα
2071 3460 2119 3513 D
2230 3468 2300 3517 20

403 3529 610 3597 πέτρας
648 3548 755 3588 om.
789 3533 838 3587 O'
969 3539 1036 3588 25
1076 3530 1264 3602 μακρά
1303 3535 1461 3589 Eioh.
