2569 4061
427 308 563 373 504
1110 304 1420 362 monom
1458 302 1694 359 SIGULI

428 471 552 553 τὴν
579 467 873 553 Ὅμηρον
928 469 1144 534 πολλὰ
1198 478 1334 534 τῶν
1390 466 1569 533 ἐπῶν
1625 464 2212 550 σφετερισάμενον
2284 489 2432 531 κο·

430 583 675 659 σμῆσαι
728 574 853 658 τὴν
914 574 1095 640 ἰδίαν
1151 575 1441 659 ποίησιν.
1535 571 1980 654 ἐνθεαζούσης
2044 564 2106 635 δ’
2163 570 2427 655 αὐτῆς

428 680 745 757 πολλάκις
788 679 900 746 καὶ
953 681 1294 766 χρησμοὺς
1340 676 1912 764 ἀποφαινομένης,
1960 674 2185 761 φασὶν
2238 677 2419 743 ἐπι-

428 792 767 872 κληθῆναι
791 790 1164 871 Σίβυλλαν·
1201 789 1276 852 τὸ
1315 787 1442 872 γὰρ
1480 785 1821 865 ἐνθεάζειν
1856 785 2021 850 κατὰ
2055 789 2416 866 γλῶτταν

326 895 408 960 67
431 894 755 982 ὑπάρχειν
782 895 1255 979 σιβυλλαίνειν.
1322 892 1393 959 οἱ
1418 889 1478 958 δ’
1507 892 1808 974 ἐπίγονοι
1843 892 1967 974 τὴν
2004 894 2411 975 στρατείαν
2436 907 2463 946 ⁵

434 1001 724 1087 ἐπιφανῆ
789 997 1224 1085 πεποιημένοι
1297 1000 1458 1084 μετὰ
1519 1002 1787 1064 πολλῶν
1851 996 2185 1082 λαφύρων
2261 996 2401 1062 ἄν·

435 1108 737 1193 ἐκαμψαν
782 1108 879 1182 εἰς
922 1106 1041 1182 τὰς
1084 1107 1425 1192 πατρίδας.
1516 1113 1652 1169 τῶν
1699 1100 1774 1168 δὲ
1817 1102 2185 1186 Καδμείων
2234 1115 2399 1169 τῶν

436 1214 928 1298 συμφυγόντων
986 1213 1083 1288 εἰς
1145 1213 1220 1277 τὸ
1294 1216 1765 1296 Τιλφωσσαῖον
1834 1210 2175 1294 Τειρεσίας
2246 1206 2397 1292 μὲν
2517 1189 2518 1258 ¹

435 1317 888 1402 ἐτελεύτησεν,
963 1316 1045 1382 ὃν
1107 1318 1451 1395 θάψαντες
1522 1321 1837 1402 λαμπρῶς
1901 1316 1974 1381 οἰ
2032 1316 2390 1399 Καδμεῖοι

435 1433 654 1507 τιμαῖς
711 1420 1007 1500 ἰσοθέοις
1062 1420 1405 1508 ἐτίμησαν·
1462 1422 1655 1489 αὐτοὶ
1711 1419 1785 1486 δὲ
1839 1422 2385 1506 μεταναστάντες
2413 1442 2461 1481 10

437 1527 509 1594 ἐκ
552 1537 669 1612 τῆς
712 1530 967 1607 πόλεως
1004 1527 1129 1595 ’ἐπὶ
1175 1534 1465 1616 Δωριεῖς
1510 1529 1986 1614 ἐστράτευσαν,
2029 1524 2142 1591 καὶ
2189 1528 2378 1613 μάχῃ

436 1638 828 1720 νικήσαντες
884 1639 1043 1714 τοὺς
1097 1634 1459 1722 ἐγχωρίους
1517 1634 1814 1712 ἐκείνους
1867 1630 1990 1718 μὲν
2049 1632 2377 1716 ἐξέβαλον

440 1740 514 1808 ἐκ
557 1753 694 1808 τῶν
739 1743 1100 1827 πατρίδων,
1150 1740 1343 1808 αὐτοὶ
1389 1736 1450 1807 δ’
1498 1741 1612 1806 ἐπί
1649 1765 1836 1818 τινας
1880 1743 2165 1827 χρόνους
2211 1764 2372 1806 κατ-

440 1852 857 1933 οικήσαντες,
898 1849 969 1913 οἰ
1008 1845 1131 1933 μὲν
1167 1847 1241 1914 ἐν
1280 1848 1446 1933 αὐτῇ
1484 1846 1909 1932 κατέμειναν,
1957 1846 2028 1913 οἱ
2060 1843 2119 1909 δ’
2160 1844 2369 1910 ἐπαν-

438 1960 657 2041 ῆλθον
720 1956 815 2033 εἰς
887 1956 1002 2033 τὰς
1068 1957 1320 2039 Θήβας,
1385 1952 1720 2041 Κρέοντος
1791 1962 1915 2018 τοῦ
1978 1948 2360 2029 Μενοικέως
2394 1972 2445 2012 15

439 2063 930 2146 βασιλεύοντος.
1024 2062 1095 2127 οἱ
1137 2059 1197 2125 δ’
1247 2060 1322 2127 ἐκ
1367 2072 1502 2126 τῶν
1546 2062 1887 2146 πατρίδων
1944 2055 2364 2138 ἐξελαθέντες

440 2168 725 2255 ὕστερόν
769 2185 904 2234 τισι
940 2171 1208 2254 χρόνοις
1252 2172 1593 2252 κατῆλθον
1630 2169 1726 2244 εἰς
1767 2169 1893 2251 τὴν
1929 2167 2204 2247 Δωρίδα
2247 2165 2360 2231 καὶ

443 2270 837 2364 κατῴκησαν
884 2275 958 2341 ἐν
996 2273 1266 2363 Ἐρινεῷ
1312 2272 1424 2340 καὶ
1469 2277 1766 2363 Κυτινίῳ
1811 2271 1922 2339 καὶ
1967 2278 2164 2360 Βοιῷ.

374 2403 406 2450 2
626 2384 775 2470 Πρὸ
824 2380 898 2449 δὲ
941 2383 1201 2448 τούτων
1245 2392 1381 2446 τῶν
1425 2383 1688 2467 χρόνων
1723 2381 2019 2457 Βοιωτὸς
2064 2377 2359 2462 δ”Αρνης

443 2486 555 2554 καὶ
575 2490 1004 2565 Ποσειδῶνος
1030 2491 1442 2572 καταντήσας
1469 2489 1564 2564 εἰς
1590 2488 1712 2570 τὴν
1739 2489 1885 2551 τότε
1913 2483 2037 2571 μὲν
2055 2487 2353 2569 Αἰολίδα,
2380 2505 2427 2544 20

443 2603 574 2659 νῦν
630 2591 704 2658 δὲ
769 2597 1131 2660 Θετταλίαν
1187 2593 1639 2679 καλουμένην,
1704 2595 1862 2670 τοὺς
1917 2590 2069 2677 μεθ’
2125 2590 2353 2657 ἑαυτοῦ

445 2702 784 2775 Βοιωτοὺς
839 2701 1159 2782 ὠνόμασε.
1250 2698 1402 2785 περὶ
1450 2697 1524 2764 δὲ
1578 2710 1714 2765 τῶν
1758 2697 2064 2765 Αἰολέων
2108 2699 2354 2764 τούτων

446 2804 809 2886 ἀναγκαῖον
854 2806 1536 2891 προσαναδραμόντας
1581 2816 1722 2882 τοῖς
1765 2808 2033 2892 χρόνοις
2078 2806 2158 2870 τὰ
2198 2807 2353 2870 κατὰ

377 2935 409 2982 3
448 2908 646 2997 μέρος
711 2908 1050 2975 ἐκθέσθαι.
1143 2910 1216 2976 ἐν
1271 2923 1405 2988 τοῖς
1468 2914 1851 2998 ἔμπροσθεν
1907 2914 2173 2998 χρόνοις
2222 2922 2351 2977 τῶν

450 3021 705 3085 Αἰόλου
751 3026 872 3085 τοῦ
893 3015 1216 3101 Ἕλληνος
1255 3027 1376 3084 τοῦ
1413 3020 1884 3095 Δευκαλίωνος
1928 3019 2098 3083 υίῶν
2142 3018 2208 3082 οἰ
2232 3015 2346 3102 μὲν
2371 3035 2421 3076 25

450 3127 640 3192 ἄλλοι
676 3122 1066 3212 κατῴκησαν
1109 3124 1182 3190 ἐν
1226 3136 1366 3201 τοῖς
1401 3123 1906 3211 προειρημένοις
1950 3127 2191 3208 τόποις,
2224 3127 2358 3189 Μί-

450 3257 575 3316 μας
622 3228 695 3296 δὲ
741 3236 970 3316 μείνας
1014 3231 1399 3315 ἐβασίλευσε
1443 3239 1558 3314 τῆς
1603 3231 1939 3307 Αἰολίδος.
2020 3233 2345 3314 Μίμαντος

629 3429 662 3477 5
708 3418 952 3493 ὑπάρχει
999 3424 1048 3477 D
1231 3420 1498 3496 σιβύλλαν
1547 3419 1695 3477 εἶναι
1742 3422 1811 3488 C,
1859 3401 2145 3495 σιβυλλιᾶν
2179 3421 2336 3478 Wess.

449 3499 482 3545 8
520 3489 856 3578 τιλφῶσοιον
891 3494 942 3546 D
1065 3500 1130 3548 14
1170 3490 1231 3548 ἐν
1271 3489 1441 3565 αὐτῇ]
1484 3489 1745 3547 ἐνταῦθα
1782 3493 2039 3548 Hertlein
2148 3496 2205 3546 15
2240 3489 2335 3561 Θή-

449 3561 576 3629 βας]
615 3564 851 3628 Αθηνας
885 3562 936 3614 D
1049 3568 1115 3618 18
1156 3567 1318 3636 βοιωι
1353 3565 1421 3631 D,
1459 3569 1725 3626 Βοιωτοῖς
1763 3563 1821 3632 C,
1869 3560 2091 3638 Εὐβοίᾳ
2127 3563 2182 3617 F.
