2569 4061
1069 485 1095 537 1
1133 491 1218 541 32.
1249 492 1335 540 33.
2090 478 2176 543 53

246 644 565 728 σταδίων,
611 647 936 730 κατάντης
992 642 1067 713 δὲ
1122 645 1234 712 καὶ
1288 655 1611 731 κρημνοῖς
1665 645 2178 729 συγκλειόμενος

136 770 204 820 38
243 752 336 828 εἰς
374 753 615 836 στενὴν
644 752 955 838 ἐντομήν,
995 753 1164 831 δέπας
1194 750 1269 818 δὲ
1295 755 1542 839 τραχὺς
1569 750 1678 817 καὶ
1706 752 2173 837 φαραγγώδης,

242 859 338 921 ἔτι
377 855 451 923 δὲ
495 857 781 946 πέτρους
819 861 996 944 ἔχων
1024 863 1323 937 πυκνοὺς
1358 857 1470 925 καὶ
1507 859 1841 942 μεγάλους
1881 857 2176 934 ἐοικότας

244 963 611 1042 σκοπέλοις·
676 973 800 1032 τοῦ
875 962 951 1031 δὲ
1015 966 1341 1051 ῥεύματος
1403 963 1559 1050 περὶ
1622 965 1902 1040 τούτους
1966 967 2173 1047 σχιζο·

188 1087 215 1127 5
242 1069 447 1154 μένου
484 1074 889 1157 ’βιαιότερον
960 1074 1068 1137 καὶ
1129 1073 1452 1149 πολλάκις
1527 1072 1640 1138 διὰ
1703 1071 1820 1147 τὰς
1893 1068 2175 1152 ἐγκοπὰς

242 1174 713 1262 ἀνακλωμένου
767 1180 934 1265 πρὸς
989 1177 1302 1245 ἐναντίαν
1354 1179 1480 1262 τὴν
1541 1176 1934 1262 καταφορὰν
1992 1177 2176 1241 συνί-

243 1299 515 1350 στανται
562 1286 744 1351 δῖναι
789 1288 1203 1370 θαυμασταί·
1253 1294 1382 1362 πᾶς
1429 1280 1492 1350 δ’
1546 1284 1583 1350 ὁ
1628 1285 1928 1370 μεσάζων
1974 1284 2175 1361 τόπος
2212 1298 2246 1347 9

239 1389 366 1456 ὑπὸ
424 1399 542 1474 τῆς
595 1394 989 1478 παλιρροίας
1044 1392 1268 1478 ἀφροῦ
1323 1415 1393 1456 τε
1447 1397 1816 1478 πληροῦται
1870 1388 1984 1457 καὶ
2032 1400 2173 1467 τοῖς

238 1506 597 1582 προσιοῦσι
652 1482 946 1583 μεγάλην
990 1497 1345 1584 παρέχεται
1397 1499 1828 1583 κατάπληξιν·
1883 1495 1994 1562 καὶ
2039 1498 2166 1582 γὰρ

79 1685 85 1694 ο
156 1602 280 1686 1οὴ
336 1605 686 1688 καταφορὰ
749 1614 870 1670 τοῦ
935 1613 1237 1688 ποταμοῦ
1304 1603 1514 1681 οὕτως
1578 1602 1758 1670 ἐστὶν
1820 1602 2000 1682 ὀξεῖα
2061 1601 2172 1669 καὶ

239 1711 460 1791 βίαιος
506 1710 675 1774 ὥστε
731 1710 957 1775 δοκεῖν
1003 1706 1213 1794 μηδὲν
1266 1708 1507 1792 βέλους
1552 1708 1917 1794 διαφέρειν.
2007 1711 2170 1775 κατὰ
2211 1724 2278 1772 10

242 1811 320 1879 δὲ
364 1814 489 1897 τὴν
534 1816 878 1901 πλήρωσιν
922 1824 1045 1882 τοῦ
1090 1818 1368 1900 Νείλου,
1415 1827 1551 1882 τῶν
1597 1815 1939 1881 σκοπέλων
1981 1839 2175 1880 κατα-

237 1920 665 2005 κλυζομένων
709 1920 822 1988 καὶ
874 1924 1123 2000 παντὸς
1165 1931 1289 1989 τοῦ
1333 1924 1784 2009 τραχύνοντος
1829 1923 2038 1987 τόπου
2082 1929 2175 2008 τῷ

237 2032 485 2113 πλήθει
547 2038 670 2095 τοῦ
736 2029 1060 2117 ῥεύματος
1122 2028 1660 2117 καλυπτομένου,
1733 2026 2175 2096 καταπλέουσι

158 2157 211 2198 15
242 2134 364 2219 μέν
407 2160 585 2214 τινες
636 2139 804 2203 κατὰ
846 2147 969 2203 τοῦ
1012 2139 1430 2224 καταράκτου
1485 2138 1937 2223 λαμβάνοντες
1983 2136 2174 2202 ἐναν-

238 2244 421 2320 τίους
465 2246 625 2320 τοὺς
663 2242 971 2329 ἀνέμους,
1028 2244 1437 2310 ἀναπλεῦσαι
1477 2242 1552 2311 δὲ
1602 2243 1825 2321 οὐδεὶς
1871 2244 2174 2327 δύναται,

239 2349 525 2433 νικώσης
568 2356 686 2432 τῆς
724 2358 846 2415 τοῦ
892 2359 1195 2435 ποταμοῦ
1253 2352 1405 2434 βίας
1450 2359 1672 2416 πᾶσαν
1712 2348 2014 2415 ἐπίνοιαν
2060 2349 2175 2415 άν-

238 2458 610 2540 θρωπίνην.
665 2456 1067 2542 καταράκται
1095 2453 1218 2542 μὲν
1246 2451 1374 2522 οὖν
1402 2458 1532 2522 εἰσι
1558 2464 1853 2521 τοιοῦτοι
1883 2458 2174 2540 πλείους,
2215 2468 2278 2518 11

239 2559 545 2645 μέγιστος
610 2559 673 2626 δ’
726 2562 763 2628 ὁ
817 2565 985 2649 πρὸς
1038 2573 1180 2640 τοῖς
1237 2566 1586 2649 μεθορίοις
1638 2571 1754 2647 τῆς
1811 2564 2174 2642 Αὐθιοπίας

158 2688 212 2728 20
241 2690 311 2732 τε
356 2666 465 2732 καὶ
511 2676 626 2753 τῆς
672 2670 1039 2752 Αἰγύπτου.

421 2776 828 2860 Περιείληφε
876 2773 940 2840 δ’
985 2775 1021 2842 ὁ
1067 2777 1361 2860 ποταμὸς
1405 2775 1517 2842 καὶ
1552 2779 1803 2860 νήσους
1847 2776 1920 2843 ἐν
1967 2778 2168 2866 αὐτῷ,
2192 2770 2279 2837 33

242 2881 406 2944 κατὰ
443 2875 566 2964 μὲν
610 2881 733 2963 τὴν
771 2884 1145 2948 Αὐθιοπιάν
1190 2884 1395 2960 ἄλλας
1429 2906 1500 2948 τε
1544 2885 1820 2960 πλείους
1853 2883 1966 2950 καὶ
2012 2888 2174 2970 μίαν

240 2985 596 3071 εὐμεγέθη,
628 2988 753 3071 τὴν
789 2987 1283 3073 ὀνομαζομένην
1312 2992 1614 3075 Μερόην,
1652 2989 1727 3055 έν
1754 2981 1798 3076 ᾗ
1832 2989 1945 3056 καὶ
1979 2994 2171 3068 πόλις

241 3089 426 3158 ἐστὶν
454 3092 797 3176 ἀξιόλογος
835 3095 1188 3179 ὁμώνυμος
1223 3104 1304 3181 τῇ
1332 3099 1538 3185 νήσῳ,
1576 3098 1922 3174 κτίσαντος
1959 3098 2171 3178 αὐτὴν

160 3218 212 3259 25
240 3199 615 3283 Καμβύσου
667 3198 780 3265 καὶ
833 3199 1156 3292 θεμένου
1180 3202 1306 3286 τὴν
1363 3204 1822 3288 προσηγορίαν
1877 3202 2004 3268 άπὸ
2055 3210 2171 3282 τῆς

239 3307 485 3391 μητρὸς
531 3306 743 3371 αὐτοῦ
786 3310 1077 3393 Μερόης.
1167 3308 1419 3392 ταύτην
1464 3305 1539 3373 δὲ
1583 3317 1674 3397 τῷ
1720 3306 1844 3394 μὲν
1888 3307 2176 3392 σχήματί
2205 3317 2240 3365 2

240 3429 454 3494 φασιν
499 3411 818 3499 ὑπάρχειν
855 3420 1084 3502 θυρεῷ
1121 3418 1609 3499 παραπλησίαν,
1657 3422 1749 3501 τῷ
1789 3410 1862 3478 δὲ
1902 3407 2172 3495 μεγέθει

236 3519 415 3584 πολὺ
477 3517 788 3604 προέχειν
840 3530 975 3585 τῶν
1030 3521 1253 3586 ἄλλων
1309 3523 1535 3602 νήσων
1590 3531 1726 3585 τῶν
1782 3517 1856 3580 έν
1908 3515 2171 3591 τούτοις

237 3634 380 3701 τοῖς
424 3626 675 3702 τόποις·
723 3625 798 3689 τὸ
835 3621 957 3709 μὲν
1004 3626 1131 3712 γὰρ
1177 3632 1387 3710 μῆκος
1434 3623 1637 3705 αὐτῆς
1682 3617 1853 3686 εἶναι
1899 3617 2171 3700 λέγουσι

384 3752 411 3799 7
453 3741 737 3817 μεσάζων]
775 3747 1015 3815 νησίζων
1054 3746 1111 3799 C.
