2569 4061
0 66 310 142 Vr

375 254 501 319 186
1049 250 1357 308 DIODORI
1393 249 1625 307 SICULI

370 419 639 497 κοσίων,
685 412 796 478 καὶ
849 421 929 499 τῇ
985 409 1108 498 μὲν
1157 412 1340 501 δεξιᾷ
1395 411 1567 499 χειρὶ
1622 423 1876 498 κατεῖχε
1931 420 2048 497 τῆς
2092 437 2299 497 κεφα-

371 528 489 604 λῆς
535 522 728 604 ὄφιν,
787 527 866 604 τῇ
923 516 984 585 δ’
1039 519 1353 607 ἀριστερᾷ
1410 513 1746 605 σκῆπτρον
1789 521 2297 603 λιθοκόλλητον.

303 650 334 697 ’1
371 628 632 703 τούτοις
696 622 771 692 δὲ
833 635 996 692 πᾶσι
1058 627 1253 709 κοινὴ
1324 623 1672 710 παρέκειτο
1736 627 2020 713 τράπεζα
2083 637 2296 713 χρυσῆ

371 736 814 819 σφυρήλατος,
861 734 937 798 τὸ
984 727 1107 817 μὲν
1143 741 1352 815 μῆκος
1395 733 1626 798 ποδῶν
1672 733 2173 819 τετταράκοντα,
2220 735 2296 799 τὸ

373 837 434 903 δ’
488 834 684 925 εὖρος
736 840 1233 922 πεντεκαίδεκα,
1296 839 1602 923 σταθμὸν
1657 840 1903 923 ἔχουσα
1957 839 2298 910 ταλάντων
2326 874 2353 915 5

370 948 846 1013 πεντακοσίων.
940 943 1047 1010 ἐπὶ
1094 940 1169 1010 δὲ
1214 945 1456 1027 ταύτης
1503 942 1835 1012 ἐπέκειντο
1885 946 2011 1012 δύο
2056 949 2297 1032 καρχή-

300 1072 334 1121 8
373 1069 513 1137 σια,
588 1052 891 1136 σταθμὸν
955 1054 1191 1135 ἔχοντα
1262 1051 1617 1136 τριάκοντα
1685 1052 2045 1118 ταλάντων.
2125 1047 2298 1135 ἦσαν

372 1156 446 1225 δὲ
499 1157 612 1226 καὶ
663 1159 1075 1241 θυμιατήρια
1134 1158 1253 1222 τὸν
1308 1153 1431 1241 μὲν
1485 1156 1781 1242 ἀριθμὸν
1840 1163 1985 1242 ἴσα,
2048 1160 2166 1224 τὸν
2223 1154 2298 1224 δὲ

371 1265 677 1347 σταθμὸν
741 1261 1052 1348 ἑκάτερον
1106 1261 1452 1330 ταλάντων
1506 1265 1930 1347 τριακοσίων·
1994 1263 2298 1349 ὑπῆρχον

360 1366 446 1435 δὲ
490 1367 603 1438 καὶ
646 1377 966 1454 κρατῆρες
1009 1378 1256 1453 χρυσοῖ
1304 1379 1511 1454 τρεῖς,
1569 1364 1666 1435 ὧν
1712 1369 1749 1434 ὁ
1796 1366 1918 1453 μὲν
1962 1378 2085 1435 τοῦ
2129 1371 2299 1446 Διὸς
2329 1405 2382 1445 10

373 1467 545 1541 εἷλκε
598 1475 889 1540 τάλαντα
935 1476 1335 1559 Βαβυλώνια
1382 1478 1563 1559 χίλια
1607 1473 1719 1541 καὶ
1765 1477 2104 1560 διακόσια,
2162 1487 2298 1541 τῶν

303 1601 335 1648 9
374 1579 436 1647 δ’
490 1583 712 1647 ἄλλων
776 1580 1083 1667 ἑκάτερος
1146 1580 1469 1660 ἑξακόσια.
1563 1580 1732 1647 ἀλλὰ
1795 1590 2000 1648 ταῦτα
2056 1577 2179 1667 μὲν
2234 1583 2305 1648 οἱ

370 1699 507 1754 τῶν
562 1692 849 1774 Περσῶν
905 1691 1201 1772 βασιλεῖς
1264 1687 1552 1773 ὕστερον
1610 1687 1972 1771 ἐσύλησαν·
2034 1699 2171 1754 τῶν
2225 1684 2299 1754 δὲ

372 1797 730 1878 βασιλείων
774 1792 886 1861 καὶ
930 1805 1066 1860 τῶν
1111 1795 1335 1859 ἄλλων
1378 1795 2019 1878 κατασκευασμάτων
2065 1794 2100 1860 ὁ
2146 1796 2300 1880 χρό-

371 1925 490 1978 νος
542 1903 623 1965 τὰ
677 1896 799 1985 μὲν
847 1901 1218 1985 ὁλοσχερῶς
1269 1900 1589 1984 ἠφάνισε,
1648 1901 1730 1965 τὰ
1785 1898 1845 1965 δ’
1901 1899 2299 1985 ἐλυμήνατο·
2330 1935 2383 1975 15

371 2005 483 2075 καὶ
527 2008 656 2091 γὰρ
704 2006 907 2092 αὐτῆς
950 2015 1065 2091 τῆς
1100 2009 1507 2091 Βαβυλῶνος
1551 2014 1681 2073 νῦν
1725 2007 1941 2093 βραχύ
1986 2029 2051 2072 τι
2098 2004 2301 2093 μέρος

360 2117 681 2199 οἰκεῖται,
735 2116 810 2180 τὸ
868 2109 943 2179 δὲ
995 2119 1308 2181 πλεῖστον
1364 2112 1550 2191 ἐντὸς
1593 2116 1851 2198 τείχους
1895 2124 2298 2200 γεωργεῖται.

269 2222 355 2285 10
542 2218 818 2308 Ἵπῆρχε
865 2216 941 2287 δὲ
984 2219 1096 2286 καὶ
1142 2220 1179 2285 ὁ
1225 2222 1591 2307 κρεμαστὸς
1641 2221 2051 2305 καλούμενος
2094 2229 2302 2303 κῆπος

373 2330 551 2415 παρὰ
595 2329 719 2411 τὴν
764 2327 1159 2413 ἀκρόπολιν,
1218 2327 1301 2393 οὐ
1345 2328 1830 2413 Σεμιράμιδος,
1888 2326 2056 2393 ἄλλά
2100 2349 2284 2404 τινος
2305 2362 2413 2412 124

372 2434 656 2520 ὕστερον
718 2435 957 2519 Σύρου
1029 2431 1354 2515 βασιλέως
1424 2432 2038 2509 κατασκευάσαντος
2103 2434 2302 2518 χάριν
2329 2467 2386 2506 20

373 2539 691 2622 γυναικὸς
741 2543 1103 2621 παλλακῆς·
1167 2537 1417 2620 ταύτην
1479 2537 1608 2621 γάρ
1672 2552 1882 2620 φασιν
1946 2530 2158 2603 οὖσαν
2221 2540 2298 2603 τὸ

373 2641 568 2726 γένος
606 2644 907 2728 Περσίδα
943 2641 1056 2708 καὶ
1090 2644 1248 2718 τοὺς
1286 2640 1359 2707 ἐν
1395 2651 1536 2718 τοῖς
1573 2642 1757 2727 ὄρεσι
1802 2646 2128 2725 λειμῶνας
2164 2642 2305 2707 ἐπι-

377 2752 701 2832 ζητοῦσαν
747 2746 1022 2825 άξιῶσαι
1066 2747 1187 2812 τὸν
1233 2742 1510 2828 βασιλέα
1564 2747 1983 2829 μιμήσασθαι
2029 2746 2143 2812 διὰ
2186 2757 2304 2832 τῆς

372 2862 494 2919 τοῦ
541 2854 993 2938 φυτουργείου
1028 2855 1452 2938 φιλοτεχνίας
1494 2852 1620 2935 τὴν
1654 2860 1771 2934 τῆς
1808 2854 2142 2938 Περσίδος
2176 2854 2303 2939 χώ-

305 2988 336 3035 2
377 2986 499 3048 ρας
545 2963 856 3045 ἰδιότητα.
942 2962 1084 3026 ἔστι
1130 2959 1190 3026 δ’
1240 2960 1275 3026 ὁ
1322 2961 1725 3046 παράδεισος
1767 2961 1892 3044 τὴν
1937 2957 2062 3045 μὲν
2106 2965 2303 3027 πλευ-
2330 2978 2386 3019 25

377 3071 503 3156 ρὰν
550 3067 831 3151 ἑκάστην
875 3068 1326 3152 παρεκτείνων
1369 3069 1467 3145 εἰς
1509 3065 1788 3154 τέτταρα
1831 3066 2124 3154 πλέθρα,
2179 3068 2303 3150 τὴν

378 3173 452 3242 δὲ
498 3179 870 3264 πρόσβασιν
917 3175 1189 3262 ὀρεινὴν
1233 3173 1348 3240 καὶ
1395 3175 1513 3252 τὰς
1560 3177 1943 3258 οἰκοδομίας
1989 3176 2190 3250 ἄλλας
2236 3171 2303 3252 ἐξ

377 3285 600 3351 ἄλλων
646 3285 847 3368 ἔχων,
904 3283 1072 3349 ὥστε
1117 3283 1241 3366 τὴν
1287 3284 1624 3368 πρόσοψιν
1669 3277 1845 3348 εἶναι
1887 3281 2301 3367 θεατροειδῆ.

521 3515 553 3562 3
594 3506 650 3562 δ’
692 3505 873 3564 ἅπασι
912 3510 1017 3566 OF
1120 3514 1153 3562 5
1192 3507 1504 3566 δεκαπέντε
1547 3507 1654 3564 OF
1759 3514 1826 3564 18
1863 3503 2106 3579 ὑπάρχει
2142 3508 2263 3567 DF.
