2569 4061
395 212 521 275 144
631 203 638 208 ’
1058 206 1361 264 monoffl
1399 208 1631 264 SICULI

390 377 620 458 μόρια,
673 374 793 436 τὸν
859 367 920 435 δ’
973 373 1178 436 ἄλλον
1233 371 1481 455 χρόνον
1535 371 1792 435 ἅπαντα
1816 369 2308 455 ’κεκωλυμένον

318 503 354 550 4
390 478 570 544 ἐστὶν
616 480 710 554 εἰς
756 480 914 555 ὄψιν
961 478 1164 553 αὐτὰς
1209 479 1523 561 ἔρχεσθαι
1567 478 1780 565 τούτῳ
1826 486 1917 564 τῷ
1964 483 2120 564 θεῷ.
2193 487 2308 560 τῆς

389 580 463 648 δὲ
507 593 627 649 τοῦ
673 586 834 668 βοὸς
877 583 1120 648 τούτου
1156 591 1349 667 τιμῆς
1395 584 1613 647 αἰτίαν
1660 585 1827 647 ἔνιοι
1873 580 2158 666 φέρουσι
2204 581 2307 646 λέ-

385 713 616 772 γοντες
679 692 782 755 ὅτι
845 691 1357 772 τελευτήσαντος
1414 683 1739 773 Ὀσίριδος
1804 690 1898 765 εἰς
1959 697 2202 753 τοῦτον
2265 689 2305 770 ἡ

385 797 561 881 ψυχὴ
628 796 933 881 μετέστη,
998 794 1108 861 καὶ
1167 797 1278 860 διὰ
1332 803 1539 859 ταῦτα
1594 796 1883 860 διατελεῖ
1943 794 2132 880 μέχρι
2185 803 2307 859 τοῦ
2362 813 2387 852 5

385 911 514 967 νῦν
574 901 676 968 ἀεὶ
740 905 904 968 κατὰ
967 904 1084 978 τὰς
1148 900 1513 979 ἀναδείξεις
1576 902 1783 966 αὐτοῦ
1858 900 2304 986 μεθισταμένη

320 1011 555 1089 ὅπρὸς
599 1011 758 1084 τοὺς
793 1006 1408 1093 μεταγενεστέρους·
1455 1009 1623 1072 ἔνιοι
1662 1005 1735 1073 δὲ
1782 1007 2053 1090 λέγουσι
2087 1011 2304 1071 τελευ-

385 1118 709 1197 τήσαντος
747 1109 1114 1214 Ὀσίριδος
1126 1114 1256 1177 ὑπὸ
1312 1118 1635 1196 Τυφῶνος
1679 1115 1760 1179 τὰ
1810 1113 1972 1198 μέλη
2021 1130 2305 1195 συναγα-

386 1229 641 1302 γοῦσαν
678 1219 801 1301 τὴν
830 1210 993 1284 Ἶσιν
1031 1221 1125 1294 εἰς
1160 1222 1334 1300 βοῦν
1364 1218 1638 1301 ξυλίνην
1676 1218 1986 1302 ἐμβαλεῖν
2021 1220 2306 1303 βύσσινα

386 1324 984 1410 περιβεβλημένην,
1031 1323 1142 1389 καὶ
1190 1326 1303 1389 διὰ
1349 1332 1545 1390 τοῦτο
1590 1323 1701 1389 καὶ
1746 1329 1868 1409 τὴν
1914 1329 2110 1391 πόλιν
2156 1326 2305 1390 ὀνο-
2336 1347 2388 1385 10

275 1418 279 1422 ⁴
387 1438 729 1516 μασθῆναι
759 1431 1100 1515 Βούσιριν.
1156 1432 1369 1496 πολλὰ
1398 1427 1472 1495 δὲ
1507 1429 1618 1494 καὶ
1646 1431 1812 1495 ἄλλα
1843 1436 2305 1514 μυθολογοῦσι

386 1536 535 1623 περὶ
590 1546 712 1602 τοῦ
749 1535 1058 1620 ’Ἀπιδος,
1125 1533 1293 1622 ὑπὲρ
1358 1531 1455 1602 ὧν
1508 1537 1764 1620 μακρὸν
1826 1537 2173 1620 ἡγούμεθα
2226 1537 2305 1600 τά

386 1642 541 1710 καθ’
595 1642 874 1708 ἕκαστον
922 1641 1247 1720 διεξιέναι.

281 1754 366 1819 86
569 1750 802 1814 Πάντα
850 1746 923 1813 δὲ
968 1749 1317 1832 θαυμάσια
1370 1748 1480 1814 καὶ
1526 1752 1715 1834 μείζω
1768 1751 2049 1824 πίστεως
2099 1749 2305 1814 ἐπιτε-

388 1862 660 1931 λοῦντες
698 1856 769 1919 οὗ
803 1853 947 1919 κατ’
989 1860 1328 1937 Αἴγυπτον
1364 1857 1459 1932 εἰς
1495 1846 1574 1920 τά
1609 1855 1942 1939 τιμώμενα
1983 1858 2109 1941 ζῷα
2147 1860 2304 1919 πολ·
2337 1875 2385 1915 15

388 1964 512 2047 λὴν
577 1962 861 2048 ἀπορίαν
926 1959 1325 2047 παρέχονται
1387 1973 1526 2040 τοῖς
1588 1962 1704 2039 τὰς
1768 1964 1978 2040 αἰτίας
2047 1962 2306 2027 τούτων

316 2093 347 2141 2
389 2074 711 2153 ζητοῦσιν.
806 2070 876 2134 οἰ
924 2066 1046 2154 μὲν
1102 2064 1228 2135 οὖν
1284 2071 1481 2156 ίερεῖς
1534 2070 1756 2135 αὐτῶν
1811 2069 2189 2155 ἀπόρρητόν
2242 2092 2306 2134 τι

389 2180 604 2262 δόγμα
640 2176 792 2263 περὶ
827 2176 1085 2241 τούτων
1122 2179 1415 2260 ἔχουσιν,
1463 2176 1498 2241 ὃ
1537 2180 2021 2263 προειρήκαμεν
2060 2176 2133 2241 ἐν
2169 2187 2307 2253 τοῖς

386 2282 947 2367 θεολογουμένοις
991 2281 1103 2347 ὑπ’
1150 2284 1393 2365 αὐτῶν,
1441 2284 1511 2348 οί
1544 2280 1618 2348 δὲ
1663 2282 1899 2349 πολλοὶ
1939 2295 2074 2349 τῶν
2102 2286 2306 2365 Αἰγυ-

385 2391 593 2453 πτίων
639 2399 814 2474 τρεῖς
851 2391 1065 2465 αἰτίας
1108 2391 1350 2466 ταύτας
1386 2388 1845 2473 ἀποδιδόασιν,
1894 2385 1990 2454 ὧν
2025 2390 2150 2472 τὴν
2185 2386 2307 2473 μὲν
2335 2408 2387 2447 20

385 2494 653 2577 πρώτην
699 2494 985 2577 μυθώδη
1041 2500 1376 2570 παντελῶς
1420 2492 1529 2558 καὶ
1584 2501 1700 2576 τῆς
1746 2493 2061 2578 ἀρχαϊκῆς
2106 2494 2306 2560 ἀπλό-

314 2623 347 2671 3
384 2622 577 2682 τητος
624 2602 891 2666 οἰκείαν.
966 2600 1133 2686 φασὶ
1176 2603 1306 2686 γὰρ
1342 2602 1499 2676 τοὺς
1544 2599 1609 2678 ἐξ
1657 2599 1860 2683 ἀρχῆς
1904 2598 2306 2683 γενομένους

385 2707 616 2789 θεούς,
665 2707 934 2791 ὀλίγους
990 2709 1187 2783 ὄντας
1231 2704 1341 2771 καὶ
1394 2704 1953 2789 κατισχυομένους
2005 2705 2135 2769 ὑπὸ
2183 2715 2304 2770 τοῦ

385 2815 688 2896 πλήθους
731 2812 842 2879 καὶ
887 2822 1003 2897 τῆς
1049 2813 1329 2897 ἀνομίας
1372 2822 1506 2875 τῶν
1552 2823 1853 2894 γηγενῶν
1899 2811 2303 2896 ἀνθρώπων,

387 2921 809 3005 ὁμοιωθῆναί
857 2938 989 2983 τισι
1048 2914 1262 3005 ζῴοις,
1309 2915 1418 2982 καὶ
1467 2918 1578 2982 διὰ
1632 2926 1752 2983 τοῦ
1800 2918 2110 2983 τοιούτου
2155 2920 2303 3003 τρό-
2333 2938 2385 2978 25

384 3050 518 3093 που
565 3030 920 3110 διαφυγεῖν
965 3026 1089 3108 τὴν
1127 3024 1431 3109 ὠμότητα
1475 3024 1586 3089 καὶ
1623 3027 1778 3108 βίαν
1824 3024 2070 3090 αὐτῶν·
2115 3024 2305 3089 ὕστε-

386 3158 508 3219 ρον
555 3131 629 3199 δὲ
674 3143 810 3197 τῶν
854 3132 1018 3195 κατὰ
1063 3132 1182 3196 τὸν
1227 3134 1480 3216 κόσμον
1517 3132 1785 3196 πάντων
1830 3136 2302 3218 κρατήσαντας,

607 3337 689 3393 ψυ
690 3320 790 3410 χή]
828 3319 1003 3379 αὐτοῦ
1045 3324 1174 3379 add.
1213 3326 1365 3414 vulg
1513 3323 1752 3380 διετέλει
1797 3324 1846 3376 D
1991 3332 2023 3380 9
2073 3327 2302 3411 βυσσίνη

385 3392 595 3460 DF(C);
607 3337 775 3479 ψβυρσ
849 3395 1047 3449 malim
1151 3401 1215 3450 12
1257 3389 1362 3484 ὧν]
1403 3389 1470 3451 οὗ
1507 3396 1556 3448 D
1657 3393 1726 3450 τὰ
1765 3396 2039 3465 Hertlein,
2075 3393 2140 3451 τὸ
2168 3395 2305 3449 libri

390 3465 456 3511 14
494 3435 686 3531 μείζω]
727 3413 861 3528 ἀξια
899 3466 947 3517 D
1097 3473 1160 3521 19
1199 3462 1302 3521 ὑπ’
1345 3463 1534 3523 αὐτῶν
1572 3484 1679 3522 om.
1719 3467 1785 3521 ΙΙ.
