2569 4061
1086 340 1166 395 111
1203 346 1250 395 8.
1284 347 1333 398 9.
2048 343 2177 408 277

250 514 440 588 σῶμα
494 503 978 586 καλύπτουσιν,
1036 502 1109 567 ἐκ
1161 514 1299 568 τῶν
1352 513 1597 588 τριχῶν
1651 501 2035 588 πλέκοντες,
2092 507 2182 582 ὡς

250 609 336 676 ἂν
381 620 516 675 τῶν
562 604 719 696 παρ’
759 610 986 686 αὐτοῖς
1028 609 1388 695 προβάτων
1433 611 1650 675 ὄντων
1695 611 1784 695 μὴ
1833 613 2181 699 φερόντων

250 720 396 803 ἔρια
443 718 555 781 διὰ
599 717 724 800 τὴν
771 717 1069 800 ἰδιότητα
1112 724 1229 799 τῆς
1273 717 1510 802 χώρας.
1581 725 1797 802 τροφῇ
1846 714 1920 783 δὲ
1965 730 2178 804 χρῶν-
2218 741 2251 790 6

250 848 360 889 ται
402 820 583 900 τινὲς
627 819 751 908 μὲν
795 823 1247 908 λαμβάνοντες
1291 824 1410 888 τὸν
1455 823 1879 908 γεννώμενον
1926 822 2000 888 ἐν
2043 835 2185 902 τοῖς

213 930 455 995 ὅῦδασι
500 932 786 1017 καρπόν,
837 928 912 1005 ὃς
965 928 1311 1012 αὐτοφυὴς
1366 928 1706 995 ἀνατέλλει
1751 932 1911 1014 περί
1953 952 2022 994 τε
2068 931 2186 1006 τὰς

251 1039 488 1121 λίμνας
531 1034 642 1102 καὶ
686 1039 846 1113 τοὺς
891 1033 1160 1112 ἑλώδεις
1205 1038 1473 1120 τόπους,
1516 1032 1693 1113 τινες
1736 1032 1811 1101 δὲ
1857 1044 1973 1120 τῆς
2019 1035 2182 1102 ἁπα-

250 1145 544 1228 λωτάτης
589 1142 754 1228 ὕλης
797 1145 956 1220 τοὺς
1003 1140 1373 1227 ἀκρεμόνας
1416 1147 1873 1228 περικλῶντες,
1927 1134 2028 1220 οἷς
2071 1142 2184 1209 καὶ

248 1253 330 1315 τὰ
385 1252 656 1335 σώματα
718 1250 1094 1328 σκιάζοντες
1145 1246 1302 1334 περὶ
1353 1251 1470 1326 τὰς
1524 1252 1934 1336 μεσημβρίας
1989 1272 2185 1315 κατα-

247 1359 616 1442 ψύχουσιν,
664 1358 834 1421 ἔνιοι
879 1352 954 1421 δὲ
1001 1357 1384 1440 σπείροντες
1440 1358 1743 1441 σήσαμον
1788 1354 1900 1422 καὶ
1947 1360 2182 1439 λωτόν,

169 1479 224 1518 10
254 1462 385 1529 εἰσὶ
433 1456 495 1528 δ’
548 1466 619 1529 οἳ
657 1474 801 1539 ταῖς
846 1462 1056 1549 ῥίζαις
1099 1472 1237 1527 τῶν
1291 1463 1604 1546 καλάμων
1649 1473 1795 1539 ταῖς
1841 1457 2183 1529 ἁπαλωτά-

251 1593 398 1646 ταις
443 1570 969 1653 διατρεφόμενοι.
1063 1568 1187 1634 οὐκ
1243 1568 1460 1650 ὀλίγοι
1506 1563 1568 1632 δ’
1612 1569 1833 1633 αὐτῶν
1881 1567 1995 1635 καὶ
2038 1580 2184 1645 ταῖς

252 1675 536 1754 τοξείαις
591 1672 1028 1758 ἐνηθληκότες
1081 1686 1217 1740 τῶν
1271 1685 1542 1758 πτηνῶν
1588 1674 1916 1758 εὐστόχως
1972 1678 2187 1740 πολλὰ

253 1781 629 1865 τοξεύουσι,
674 1779 763 1846 δι’
800 1777 896 1847 ὧν
939 1783 1065 1866 τὴν
1107 1792 1224 1866 τῆς
1270 1782 1538 1865 φύσεως
1582 1783 1849 1847 ἔνδειαν
1896 1781 2186 1865 ἀναπλη-

255 1898 526 1977 ροῦσιν·
581 1890 654 1955 οί
700 1894 998 1954 πλεῖστοι
1056 1886 1130 1955 δὲ
1175 1899 1318 1965 τοῖς
1373 1887 1500 1953 ἀπὸ
1556 1899 1691 1953 τῶν
1745 1889 2186 1972 βοσκημάτων

172 2008 226 2050 15
254 1994 486 2084 κρέασι
512 1994 622 2062 καὶ
650 1997 927 2080 γάλακτι
964 1993 1075 2062 καὶ
1101 2004 1282 2084 τυρῷ
1314 1996 1432 2062 τὸν
1468 1996 1683 2062 πάντα
1712 1998 1866 2079 βίον
1899 1996 2185 2073 διαζῶσι.

432 2101 604 2190 Περὶ
642 2099 717 2169 δὲ
752 2110 939 2168 θεῶν
977 2104 1049 2169 οἱ
1080 2100 1202 2187 μὲν
1242 2102 1581 2188 ἀνώτερον
1608 2105 1882 2187 Μερόης
1919 2103 2182 2167 οἰκοῦν·
2215 2100 2255 2164 9

253 2234 360 2288 τες
397 2210 661 2287 ἐννοίας
695 2212 925 2294 ἔχουσι
963 2211 1203 2287 διττάς.
1273 2209 1828 2294 ὑπολαμβάνουσι
1865 2210 1994 2295 γὰρ
2030 2211 2189 2284 τοὺς

252 2314 376 2402 μὲν
421 2318 643 2383 αὐτῶν
688 2317 969 2382 αἰώνιον
1006 2318 1181 2401 ἔχειν
1227 2314 1340 2382 καὶ
1386 2318 1741 2403 ἄφθαρτον
1786 2316 1911 2399 τὴν
1947 2315 2179 2400 φύσιν,

254 2416 405 2489 οἷον
448 2424 640 2507 ἥλιον
686 2420 799 2489 καὶ
845 2425 1135 2507 σελήνην
1182 2421 1295 2488 καὶ
1338 2425 1458 2488 τὸν
1506 2423 1857 2506 σύμπαντα
1901 2425 2186 2506 κόσμον,

171 2547 227 2587 20
253 2533 413 2607 τοὺς
467 2526 540 2595 δὲ
594 2533 940 2615 νομίζουσι
995 2535 1252 2613 θνητῆς
1310 2531 1575 2615 φύσεως
1633 2526 2189 2614 κεκοινωνηκέναι

251 2635 364 2702 καὶ
405 2633 495 2702 δι’
527 2635 773 2723 ἀρετὴν
806 2632 919 2700 καὶ
954 2636 1191 2718 κοινὴν
1229 2637 1325 2713 εἰς
1362 2636 1767 2722 ἀνθρώπους
1803 2636 2189 2722 εὐεργεσίαν

251 2743 628 2829 τετευχέναι
684 2753 894 2828 τιμῶν
949 2741 1516 2825 ἀθανάτων-τήν
1569 2766 1638 2807 τε
1694 2744 1822 2825 γὰρ
1860 2733 2025 2808 Ἶσιν
2075 2741 2186 2808 καὶ
2228 2763 2257 2808 2

252 2852 372 2916 τὸν
448 2854 686 2932 Πᾶνα,
759 2850 926 2934 πρὸς
1001 2844 1075 2913 δὲ
1147 2848 1411 2925 τούτοις
1464 2844 1794 2934 *Ηρακλέα
1865 2845 1978 2914 καὶ
2050 2852 2187 2913 Δία

254 2955 598 3041 σέβονται,
645 2956 928 3039 μάλιστα
984 2956 1364 3039 νομίζοντες
1416 2954 1548 3019 ὑπὸ
1605 2956 1865 3020 τούτων
1920 2953 2188 3039 εὐηργε-

172 3077 225 3118 25
253 3069 501 3147 τῆσθαι
560 3063 636 3126 τὸ
695 3072 830 3126 τῶν
891 3060 1275 3146 ἀνθρώπων
1339 3059 1549 3144 γένος.
1643 3060 1859 3143 ὀλίγοι
1921 3054 1994 3123 δὲ
2053 3069 2189 3122 τῶν

252 3172 615 3237 Αἰθιόπων
660 3171 965 3234 καθόλου
1010 3170 1217 3245 θεοὺς
1264 3168 1347 3232 οὐ
1392 3169 1785 3251 νομίζουσιν
1830 3160 2026 3229 εἶναι·
2076 3164 2184 3227 διὸ

252 3273 366 3340 καὶ
401 3277 520 3340 τὸν
556 3276 751 3359 ἥλιον
799 3275 889 3351 ὡς
923 3275 1419 3359 πολεμιώτατον
1468 3274 1629 3339 ὄντα
1666 3272 1831 3336 κατὰ
1875 3270 1992 3345 τὰς
2028 3267 2186 3332 ἀνα-

251 3382 452 3458 τολὰς
497 3383 1099 3466 βλασφημήσαντες
1135 3381 1468 3465 φεύγουσι
1504 3380 1671 3464 πρὸς
1714 3379 1871 3453 τοὺς
1917 3372 2185 3450 ἑλώδεις

400 3615 483 3664 24·
510 3603 937 3679 εὖεργετεῖσθαι
977 3607 1087 3663 OD.
