2569 4061
764 369 862 424 DE
900 368 1248 426 SERMONE
1286 370 1681 429 DIODOREO.
1977 371 2185 428 XXXV

233 540 393 600 haec
454 536 729 614 exempla
783 538 1150 615 redarguere
1203 539 1490 600 videntur
1547 539 1838 600 nonnulla
1884 539 1946 598 in
1992 562 2056 615 α,
2110 542 2183 600 ut

232 635 417 698 ἐνδεᾶ
466 641 569 712 10,
617 639 722 716 31,
773 640 830 715 1,
877 656 1064 715 quum
1109 632 1284 712 ἐνδεῆ
1337 640 1392 713 1,
1441 638 1544 711 45,
1585 640 1622 696 2
1670 639 1733 698 et
1789 637 2049 715 καταὸεῆ
2097 636 2180 697 sit

209 739 338 812 ·17,
385 738 491 813 91,
532 737 591 812 5,
639 738 794 811 quae
831 734 1076 808 correxi,
1116 735 1179 792 et
1216 729 1424 792 εὐκλεᾶ
1476 736 1575 808 16,
1618 737 1675 813 7,
1712 738 1773 794 4.
1847 732 2003 794 Nam
2041 754 2178 811 per·

224 836 425 906 petuo
475 830 561 892 sic
607 834 860 907 peccant
905 830 1140 891 librarii
1188 830 1373 890 etiam
1420 831 1584 906 apud
1628 831 1892 909 Atticos,
1937 837 2008 893 ut
2052 832 2178 895 dixi

224 931 306 990 ad
354 930 508 990 Xen.
557 928 886 997 Comment.
927 932 984 1006 1,
1025 930 1083 1004 6,
1126 932 1227 1007 13,
1271 928 1514 1005 fuitque
1566 928 1666 989 vel
1721 930 1914 988 multo
1974 949 2176 989 recen-

224 1028 464 1088 tiorum
525 1045 683 1087 unus
739 1029 802 1085 et
858 1025 1015 1085 alter
1070 1045 1250 1103 quem
1314 1025 1594 1086 meliores
1661 1024 1804 1085 libri
1858 1026 1971 1085 hoc
2026 1024 2176 1086 vitio

222 1125 595 1200 liberarent,
642 1127 715 1184 ut
757 1123 1017 1184 Pausan.
1055 1125 1115 1201 3,
1147 1126 1204 1202 7,
1235 1128 1347 1202 113
1391 1124 1639 1199 Procop.
1680 1122 1846 1182 PerS.
1878 1124 1915 1181 2
1956 1143 2016 1199 p.
2047 1125 2173 1183 157

223 1221 302 1296 D,
353 1222 462 1298 qui
497 1219 654 1302 ὑγιᾶ.
827 1208 835 1214 ’
952 1244 959 1250 ·
1461 1274 1472 1284 .

416 1318 810 1380 Accusativos
874 1317 1128 1394 pluralis
1196 1320 1508 1379 nominum
1562 1318 1627 1378 in
1691 1339 1793 1390 ευς
1858 1318 1976 1378 etsi
2034 1314 2173 1377 libri

221 1417 412 1476 modo
458 1417 522 1474 in
575 1436 659 1487 εις
702 1414 882 1475 modo
935 1416 1000 1473 in
1055 1435 1156 1485 εας
1200 1416 1556 1490 terminant,
1612 1416 1918 1476 interdum
1969 1419 2176 1475 tamen

224 1513 421 1573 etiam
465 1513 626 1573 inter
670 1516 990 1590 utramque
1035 1511 1294 1571 formam
1336 1514 1593 1586 variant,
1638 1517 1709 1573 ut
1746 1532 1901 1573 unus
1947 1512 2020 1573 de
2067 1532 2170 1588 op-

221 1610 403 1671 timis
451 1604 517 1691 (i.
557 1628 609 1670 6.
644 1609 729 1686 A3
792 1610 899 1668 sed
942 1609 1093 1667 item
1136 1601 1222 1686 D)
1270 1611 1329 1684 3,
1379 1611 1437 1687 3,
1486 1612 1523 1669 6
1572 1606 1847 1688 βασιλέας
1903 1629 2013 1686 pro
2060 1609 2172 1687 βα-

223 1711 434 1778 σιλεῖς.
522 1707 598 1764 Ι11
654 1703 871 1780 quibus
926 1724 1113 1780 quum
1172 1705 1356 1764 etiam
1409 1706 1753 1766 Atticorum
1804 1707 1947 1766 libri
1993 1726 2174 1784 saepe

217 1804 488 1876 fallant,
531 1820 651 1861 non
699 1801 948 1876 indigna
992 1803 1329 1860 memoratu
1384 1803 1529 1859 sunt
1580 1803 1769 1862 verba
1812 1802 2052 1862 Graevii
2096 1805 2174 1862 ad

220 1899 489 1962 Luciani
537 1898 931 1960 Soloecistam
975 1916 1025 1958 c.
1063 1900 1131 1976 8,
1176 1899 1292 1958 vol.
1336 1900 1403 1976 3,
1458 1919 1517 1975 p.
1557 1900 1714 1959 575:
1773 1898 2069 1975 „Nomina
2111 1900 2175 1959 in

226 2019 334 2072 ευς
397 1996 562 2076 apud
616 1997 846 2058 medios
899 1996 1062 2057 inter
1115 1997 1462 2059 Atticorum
1516 1999 1793 2058 veterum
1849 1998 1913 2058 et
1972 1996 2173 2073 sophi-

230 2100 468 2157 starum
504 2099 785 2174 aetatem,
830 2095 1168 2172 Polybium,
1214 2095 1567 2173 Diodorum,
1615 2097 1951 2174 Diogenem
1988 2094 2170 2155 Laer-

228 2194 387 2254 tium
443 2198 507 2255 et
560 2194 830 2255 eiusdem
883 2197 1064 2254 notae
1120 2194 1443 2270 scriptores
1497 2195 1625 2255 fere
1664 2215 1747 2266 εις
1793 2196 2170 2254 contractum

228 2290 461 2352 habent
523 2292 588 2352 in
651 2290 993 2352 accusativo
1056 2291 1304 2366 plurali:
1385 2292 1547 2366 apud
1610 2294 1849 2351 veteres
1912 2289 2169 2363 Atticos,

227 2388 733 2466 Aristophanem,
800 2387 1239 2464 Thucydidem,
1294 2386 1778 2463 Xenophontem,
1833 2386 2169 2463 Platonem,

228 2484 505 2564 Lysiam,
552 2486 1049 2561 Demosthenem,
1094 2483 1452 2559 Isocratem,
1506 2485 1929 2559 Aristotelem,
1979 2483 2172 2542 Theo-

214 2584 578 2659 phrastum,
635 2586 698 2644 et
740 2581 1156 2659 Xenophontis
1209 2582 1582 2643 imitatorem
1626 2583 1953 2643 Arrianum
1969 2628 1985 2660 ,
2032 2585 2165 2641 tum

231 2682 395 2758 apud
443 2676 744 2757 sophistas
782 2680 1164 2764 Pausaniam,
1200 2678 1616 2757 Heliodorum,
1652 2681 1993 2756 Libanium,
2030 2679 2169 2738 Ari-

231 2779 471 2852 stidem,
515 2779 867 2854 Lucianum,
906 2778 1056 2837 alios
1094 2776 1222 2836 eius
1252 2779 1471 2838 aetatis
1511 2779 1856 2855 scriptores,
1892 2778 2165 2856 Dionem,

229 2873 607 2953 Appianum,
655 2875 1097 2951 Herodianum,
1144 2877 1207 2961 et
1261 2893 1333 2934 ex
1377 2877 1601 2936 nostris
1650 2875 2165 2953 Chrysostomum,

228 2972 553 3051 Basilium,
617 2970 976 3050 Gregorium
1022 2970 1428 3050 Theologum,
1485 2973 1804 3050 Synesium
1852 2973 1980 3033 sine
2027 2991 2163 3033 con-

231 3072 527 3132 tractione
581 3070 707 3130 fere
761 3070 825 3129 in
884 3088 1013 3144 εας,
1068 3068 1229 3145 quod
1286 3074 1350 3130 et
1401 3071 1640 3132 notavit
1696 3070 1764 3130 P.
1809 3070 2162 3147 Leopardus

230 3169 290 3228 in
328 3167 750 3229 MiscellaneiS.
816 3165 1179 3227 Plutarchus
1220 3171 1281 3227 et
1316 3167 1607 3246 Iosephus
1643 3168 1819 3228 modo
1866 3163 1950 3238 εἰς
1984 3168 2162 3227 modo

233 3286 329 3340 εας
386 3267 623 3341 dicunt,
695 3265 816 3325 nisi
871 3263 1027 3322 illud
1082 3283 1318 3341 quoque
1380 3266 1821 3341 intempestivis
1883 3264 2159 3324 emenda-

230 3366 475 3427 toribus.
533 3363 834 3422 debemus.
926 3362 1184 3421 Plethon
1247 3364 1408 3421 certe
1475 3361 1781 3422 Gemistus
1845 3356 2160 3424 Plutarchi

233 3466 290 3522 et
344 3460 600 3520 Diodori
661 3460 849 3520 verba
911 3459 1317 3519 transcribens
1380 3480 1491 3536 pro
1556 3458 1755 3529 ἱππεῖς
1818 3454 2157 3516 accusativo
2211 3519 2217 3526 ⁶

233 3577 471 3637 semper
533 3552 746 3629 ἱππέας
811 3558 1013 3618 habet.
1114 3557 1479 3616 Plutarchus
1543 3556 1607 3613 in
1672 3552 1885 3611 Timol.
1950 3566 1998 3607 c.
2050 3549 2158 3604 16:

239 3657 315 3716 Οἵ
370 3654 698 3733 Κορίνθιοι
754 3650 1091 3732 πέμπουσιν
1157 3650 1319 3736 αὐτῷ
1375 3648 1694 3726 δισχιλίους
1759 3640 1994 3765 ὃσζλίτας
2057 3633 2158 3694 καὶ

1365 3751 1370 3756 ·
1768 3752 1798 3787 6
