2569 4061
0 85 2567 153 —m

1056 384 1137 439 111
1172 389 1259 439 44.
1290 389 1375 440 45.
2046 385 2178 450 335
2249 458 2255 463 ,

252 569 511 632 γυπτον
554 550 936 634 πυραμίσιν.
1012 546 1159 631 ἑξῆς
1204 543 1268 611 δ’
1307 545 1446 613 ἐστὶ
1490 549 1734 625 κόλπος
1776 549 2177 635 κυκλοτερὴς
2214 571 2248 619 2

255 653 566 738 μεγάλοις
609 653 1043 741 ἀκρωτηρίοις
1086 654 1583 739 περιεχόμενος,
1631 647 1714 717 οὗ
1757 655 1922 720 κατὰ
1966 652 2176 738 μέσην

254 761 380 844 τὴν
423 760 779 844 διάμετρον
816 758 1130 843 ἀνέστηκε
1175 762 1386 844 λόφος
1420 761 1902 847 τραπεζοειδής,
1949 758 2054 844 ἐφ’
2091 755 2175 826 οὗ

254 876 431 953 τρεῖς
456 863 608 931 ναοὶ
632 863 1015 950 θαυμαστοὶ
1042 874 1183 943 τοῖς
1208 866 1451 944 ὕψεσιν
1480 863 1946 951 ᾠκοδόμηνται
1972 872 2175 948 θεῶν,

200 990 229 1032 ⁵
256 970 730 1057 ἀγνοουμένων
773 969 897 1057 μὲν
941 971 1071 1037 ὑπὸ
1107 982 1243 1037 τῶν
1271 968 1633 1055 Ἑλλήνων,
1677 969 2070 1056 τιμωμένων
2108 966 2172 1036 δ’

253 1078 383 1144 ὑπὸ
446 1088 582 1144 τῶν
643 1078 986 1165 ἐγχωρίων
1048 1078 1519 1163 διαφερόντως.
1611 1079 1772 1162 μετὰ
1834 1073 1908 1142 δὲ
1969 1085 2176 1143 ταῦτα
2213 1102 2246 1150 3

253 1188 553 1269 αἰγιαλὸς
587 1188 869 1270 παρήκει
904 1184 1267 1269 κάθυγρος,
1306 1188 1724 1269 ναματιαίοις
1755 1182 1869 1251 καὶ
1904 1181 2180 1267 γλυκέσι

254 1291 555 1378 ῥείθροις
592 1288 1079 1376 διειλημμένος·
1122 1288 1279 1355 καθ’
1326 1291 1419 1389 ὅνἱ
1444 1290 1622 1356 ἐστιν
1669 1293 1825 1378 ὅρος
1861 1291 2181 1375 ὀνομαζό-

255 1422 460 1483 μενον
505 1394 628 1483 μὲν
675 1400 995 1480 Χαβῖνον,
1043 1396 1324 1483 δρυμοῖς
1372 1394 1443 1463 δὲ
1479 1400 1930 1476 παντοδαποῖς
1973 1418 2179 1463 πεπυ-
2228 1420 2238 1431 ’

175 1523 229 1563 10
254 1502 617 1589 κνωμένον.
691 1503 814 1586 τὴν
853 1500 929 1567 δὲ
963 1500 1206 1588 χέρσον
1241 1503 1366 1585 τὴν
1403 1502 1726 1587 ἐχομένην
1762 1513 1879 1588 τῆς
1914 1505 2181 1588 ὀρεινῆς

256 1608 572 1693 νέμονται
615 1617 751 1673 τῶν
779 1605 1080 1693 Ἀράβων
1126 1609 1198 1673 οἰ
1236 1609 1636 1693 καλούμενοι
1684 1608 1913 1692 Δέβαι.
1989 1604 2180 1675 οὗτοι
2217 1632 2255 1680 4

259 1711 336 1779 δὲ
379 1718 1043 1800 καμηλοτροφοῦντες
1086 1716 1254 1801 πρὸς
1299 1715 1556 1780 ἅπαντα
1610 1724 1901 1801 χρῶνται
1945 1715 2025 1778 τὰ
2072 1713 2181 1796 μέ-

148 1844 257 1893 213
275 1836 470 1904 γιστα
495 1831 630 1886 τῶν
656 1821 822 1886 κατὰ
855 1822 975 1886 τὸν
1010 1823 1164 1904 βίον
1198 1829 1279 1907 τῇ
1316 1830 1439 1886 τοῦ
1478 1818 1649 1909 ζῴου
1683 1821 1928 1886 τούτου
1964 1822 2181 1906 χρεία·

215 1929 424 2015 ’πρὸς
460 1923 582 2012 μὲν
625 1929 753 2013 γὰρ
790 1930 948 2004 τοὺς
982 1930 1342 2012 πολεμίους
1378 1927 1506 1993 ἀπὸ
1543 1928 1803 1993 τούτων
1840 1928 2181 2012 μάχονται,
2227 1944 2253 1971 θ

178 2054 231 2096 15
255 2038 374 2113 τὰς
429 2032 503 2100 δὲ
547 2036 827 2120 κομιδὰς
879 2046 1016 2101 τῶν
1063 2039 1361 2121 φορτίων
1415 2033 1523 2102 ἐπὶ
1567 2037 1825 2101 τούτων
1882 2058 2183 2119 νωτοφο-

261 2149 535 2228 ροῦντες
598 2141 846 2228 ῥᾳδίως
908 2141 1167 2206 ἅπαντα
1232 2148 1658 2226 συντελοῦσι,
1721 2145 1797 2207 τὸ
1863 2138 1937 2207 δὲ
2013 2142 2184 2222 γάλα

256 2249 563 2323 πίνοντες
617 2247 744 2312 ἀπὸ
798 2247 1055 2313 τούτων
1111 2247 1618 2334 διατρέφονται,
1672 2248 1784 2314 καὶ
1840 2248 1964 2331 τὴν
2019 2248 2183 2331 ὅλην

249 2354 483 2440 χώραν
534 2358 1015 2439 περιπολοῦσιν
1073 2352 1183 2419 ἐπὶ
1234 2364 1372 2421 τῶν
1438 2355 1795 2441 δρομάδων
1847 2357 2180 2439 καμήλων.

258 2462 423 2525 κατὰ
470 2457 544 2526 δὲ
590 2458 799 2544 μέσην
852 2460 976 2543 τὴν
1020 2461 1247 2545 χώραν
1303 2461 1526 2526 αὐτῶν
1573 2459 1846 2548 φέρεται
1889 2462 2182 2546 ποταμὸς
2218 2482 2254 2531 5

179 2585 235 2626 20
260 2573 540 2631 τοσοῦτο
575 2575 829 2654 χρυσοῦ
864 2566 1259 2654 καταφέρων
1295 2574 1527 2652 ψῆγμα
1563 2571 1978 2653 φαινόμενον
2014 2569 2182 2633 ὥστε

257 2673 425 2738 κατὰ
478 2673 593 2750 τὰς
638 2672 913 2757 ἐκβολὰς
967 2674 1090 2756 τὴν
1139 2676 1290 2740 ἰλὺν
1346 2672 1807 2760 ἀποφέρεσθαι
1851 2677 2184 2762 περιστίλ-

258 2782 533 2863 βουσαν.
626 2780 699 2844 oc
740 2776 798 2843 δ’
854 2778 1161 2866 ἐγχώριοι
1204 2789 1322 2864 τῆς
1374 2776 1498 2865 μὲν
1543 2779 1852 2867 ἐργασίας
1897 2788 2016 2864 τῆς
2060 2791 2184 2847 τοῦ

259 2895 515 2971 χρυσοῦ
558 2891 895 2963 παντελῶς
940 2888 1112 2952 εἰσιν
1157 2888 1440 2973 ἄπειροι,
1490 2887 1828 2971 φιλόξενοι
1874 2886 1938 2952 δ’
1972 2888 2185 2974 ὑπάρ-

0 2987 8 3053 Γ
259 3008 520 3077 χουσιν,
568 2992 651 3057 οὐ
695 2994 862 3078 πρὸς
904 2993 1153 3070 πάντας
1198 2996 1355 3071 τοὺς
1401 2992 1967 3078 ἀφικνουμένους,
2017 2994 2186 3058 ἀλλὰ

176 3115 230 3157 26
257 3100 425 3183 πρὸς
472 3101 721 3182 μόνους
764 3101 922 3176 τοὺς
967 3099 1096 3165 ἀπὸ
1135 3103 1462 3178 Βοιωτίας
1505 3098 1617 3166 καὶ
1655 3100 2185 3181 Πελοποννήσου

261 3205 374 3271 διά
426 3228 578 3271 τινα
635 3206 925 3271 παλαιὰν
981 3201 1099 3290 ἀφ’
1132 3203 1539 3292 “Ηρακλέους
1599 3208 1966 3286 οἰκειότητα
2019 3203 2186 3289 πρὸς

441 3440 472 3487 2
513 3425 608 3504 οὗ]
649 3426 728 3487 ὧν
769 3432 874 3488 OF
1011 3441 1047 3488 4
1083 3440 1206 3497 ταῖς
1243 3429 1447 3503 ὄψεσιν
1475 3434 1520 3487 F
1674 3436 1705 3485 5
1743 3426 1856 3485 ὑπὸ
1895 3430 2034 3502 τῶν]
2071 3423 2177 3497 ὑφ’

258 3504 412 3574 vulg.
523 3510 556 3559 8
593 3502 1036 3574 κατειλημμένος
1071 3505 1322 3573 audineo,
1360 3522 1499 3561 corr.
1539 3502 1717 3559 Wese.
1827 3506 1892 3555 11
1934 3499 2185 3587 Δεδεβαὶ

257 3574 490 3716 ἒὲζὶῦᾗ
506 3581 575 3631 95
600 3652 668 3701 22
688 3572 1113 3717 182ὖέᾇεῖἳέςῖ
1209 3582 1275 3631 19
1313 3573 1416 3647 τὴν
1454 3572 1630 3645 μέσην
1657 3572 1809 3641 vulg.
1921 3578 1986 3627 21
2009 3571 2181 3642 κατα]
