2569 4061
3 85 2563 138 —2

1057 361 1135 416 IV
1174 367 1223 416 9.
1265 366 1349 414 ιο.
2047 362 2180 426 409

255 526 375 589 τὸν
429 520 794 608 Εὐρυσθέα
852 521 1112 587 τελέσαι
1173 523 1433 588 δώδεκα
1490 523 1748 600 ἄθλους
1814 523 1932 601 οὓς
1996 522 2080 589 ἂν
2145 524 2181 590 ὁ

255 630 660 717 Εὐρυσθεὺς
712 628 1080 714 προστάξῃ,
1144 627 1257 696 καὶ
1311 638 1509 694 τοῦτο
1564 629 1901 715 πράξαντα
1957 642 2183 715 τυχεῖν

256 745 373 819 τῆς
401 737 791 813 ἀθανασίας.
847 733 1176 821 Ἀλκμήνη
1222 737 1263 801 δ
1267 733 1308 810 ὲ,
1332 744 1617 801 τεκοῦσα
1652 734 1764 800 καὶ
1802 740 2185 820 φοβηθεῖσα
2221 758 2253 806 6

255 845 379 927 τὴν
431 852 546 926 τῆς
584 842 798 930 ’Ἠρας
855 847 1274 927 ζηλοτυπίαν,
1333 840 1606 926 ἐξέθηκε
1661 843 1737 907 τὸ
1794 842 2045 927 βρέφος
2088 848 2183 922 εἰς

202 966 230 1007 5
257 952 378 1015 τὸν
413 953 620 1016 τόπον
658 949 732 1027 ὃς
766 959 896 1015 νῦν
934 948 1046 1015 ἀπ’
1083 948 1345 1015 ἐκείνου
1381 954 1675 1015 καλεῖται
1710 950 1946 1015 πεδίον
1983 947 2184 1038 (Ηρά-

257 1061 498 1122 κλειον.
570 1053 726 1122 καθ’
773 1056 854 1122 ὃν
902 1057 985 1139 δὴ
1031 1059 1280 1141 χρόνον
1321 1052 1574 1140 Ἀθηνᾶ
1619 1057 1781 1140 μετὰ
1825 1063 1942 1140 τῆς
1972 1055 2185 1140 “How

257 1172 654 1250 προσιοῦσα,
701 1160 814 1229 καὶ
858 1163 1266 1247 θαυμάσασα
1310 1172 1433 1228 τοῦ
1478 1165 1754 1229 παιδίου
1789 1164 1914 1247 τὴν
1951 1164 2181 1249 φύσιν,

259 1269 606 1335 συνέπεισε
652 1271 777 1353 τὴν
806 1265 1027 1354 ’“Ήραν
1071 1268 1396 1354 ὑποσχεῖν
1440 1273 1564 1355 τὴν
1609 1272 1850 1354 θηλήν.
1940 1278 2063 1335 τοῦ
2110 1267 2184 1337 δὲ

257 1377 495 1453 παιδὸς
539 1372 707 1461 ὑπὲρ
751 1376 876 1458 τὴν
919 1375 1185 1458 ἡλικίαν
1230 1379 1608 1461 βιαιότερον
1646 1374 2184 1459 ἐπισπασαμένου

173 1499 228 1537 10
258 1484 383 1566 τὴν
445 1484 703 1565 θηλήν,
774 1482 816 1565 ἡ
881 1479 1005 1566 μὲν
1066 1479 1244 1567 Ἵ-Ιρα
1319 1483 1732 1567 διαλγήσασα
1792 1484 1868 1548 τὸ
1931 1481 2186 1569 βρέφος

260 1591 554 1674 ἔρριψεν,
597 1582 849 1670 Ἀθηνᾶ
896 1583 971 1653 δὲ
1005 1590 1337 1672 κομίσασα
1374 1588 1537 1654 αὐτὸ
1573 1591 1740 1675 πρὸς
1774 1590 1899 1672 τὴν
1936 1589 2185 1675 μητέρα

258 1690 530 1775 τρέφειν
557 1693 1100 1778 παρεκελεύσατο.
1173 1694 1524 1777 θαυμάσαι
1562 1690 1624 1758 δ’
1661 1695 1745 1759 ἄν
1779 1717 1880 1772 τις
1916 1698 2185 1773 εἰκότως
2224 1715 2254 1763 7

4 1800 7 1883 ’χ
257 1800 335 1863 τὸ
381 1806 497 1881 τῆς
542 1802 954 1884 περιπετείας
997 1800 1406 1886 παράδοξον·
1453 1801 1495 1884 ἡ
1543 1796 1665 1885 μὲν
1708 1803 1836 1887 γὰρ
1884 1799 2184 1887 στέργειν

259 1905 630 1989 ὀφείλουσα
676 1909 889 1991 μήτηρ
936 1908 1011 1971 τὸ
1060 1908 1238 1972 ἴδιον
1293 1905 1530 1973 τέκνον
1585 1907 1958 1992 ἀπώλλυεν,
2013 1907 2055 1991 ἡ
2111 1905 2185 1972 δὲ

175 2028 229 2070 15
260 2020 584 2097 μητρυιᾶς
648 2014 893 2096 ἔχουσα
952 2022 1145 2096 μῖσος
1206 2006 1297 2079 δι’
1359 2014 1642 2095 ἄγνοιαν
1706 2015 1903 2093 ἔσωζε
1965 2015 2041 2079 τὸ
2104 2021 2184 2099 τῇ

262 2119 462 2203 φύσει
506 2118 846 2204 πολέμιον.

439 2227 631 2291 Μετὰ
696 2222 771 2291 δὲ
832 2235 1040 2292 ταῦτα
1103 2225 1145 2309 ἡ
1211 2224 1335 2311 μὲν
1382 2225 1559 2311 ’Ἠρα
1626 2227 1749 2293 δύο
1816 2227 2185 2314 δράκοντας
2210 2227 2290 2291 10

259 2330 600 2396 ἀπέστειλε
645 2334 804 2409 τοὺς
848 2333 1317 2409 ἀναλώσοντας
1360 2334 1456 2398 τὸ·
1482 2331 1761 2420 βρέφος,
1819 2332 1855 2398 ὁ
1912 2330 1986 2398 δὲ
2031 2344 2185 2411 παῖς

260 2436 344 2502 οὐ
406 2437 844 2520 καταπλαγεὶς
916 2437 1188 2525 ἑκατέρᾳ
1250 2449 1403 2514 τῶν
1448 2450 1691 2524 χειρῶν
1754 2441 1873 2504 τὸν
1937 2439 2186 2523 αὐχένα

175 2560 233 2599 20
262 2541 544 2624 σφίγξας
589 2543 901 2622 ἀπέπνιξε
946 2547 1104 2621 τοὺς
1149 2545 1536 2630 δράκοντας.
1631 2547 1862 2631 διόπερ
1902 2540 2186 2632 Ἀργεῖοι

260 2651 639 2733 πυθόμενοι
675 2652 750 2715 τὸ
787 2652 1066 2733 γεγονὸς
1103 2647 1432 2738 “Ηρακλέα
1468 2653 2043 2736 προσηγόρευσαν,
2083 2652 2185 2718 ὅτι

261 2752 356 2820 δι’
385 2752 605 2840 ’Ἠραν
634 2758 781 2841 ἔσχε
819 2756 1031 2840 κλέος,
1064 2752 1367 2823 Ἀλκαῖον
1395 2761 1723 2845 πρότερον
1751 2759 2185 2844 καλούμενον.

257 2872 401 2938 τοῖς
446 2859 570 2945 μὲν
617 2857 742 2928 οὖν
789 2864 1016 2941 ἄλλοις
1052 2864 1124 2928 oc
1153 2875 1376 2947 γονεῖς
1409 2865 1707 2950 τοῦνομα
1746 2866 2185 2952 περιτιθέασι,

256 2969 474 3056 τούτῳ
538 2964 611 3033 δὲ
671 2971 856 3057 μόνφ
910 2969 952 3052 ἡ
1014 2970 1210 3055 ἀρετὴ
1271 2971 1396 3054 τὴν
1453 2975 1913 3059 προσηγορίαν
1972 2975 2183 3038 ἔθετο.

172 3089 227 3132 25
257 3076 423 3158 μετὰ
480 3071 554 3140 δὲ
607 3083 813 3141 ταῦτα
869 3076 905 3142 ὁ
961 3072 1083 3160 μὲν
1131 3074 1555 3162 Ἀμφιτρύων
1611 3076 2066 3162 φυγαδευθεὶς
2111 3076 2184 3141 ἐκ
2218 3095 2251 3144 2

267 3182 609 3264 Τίρυνθος
645 3178 1022 3269 μετῴκησεν
1060 3184 1156 3259 εἰς
1195 3184 1445 3266 Θήβας·
1493 3182 1530 3249 ὁ
1568 3181 1630 3249 δ’
1666 3180 1996 3268 Ἡρακλῆς
2030 3206 2184 3265 τρα-

257 3284 410 3371 φεὶς
452 3285 564 3353 καὶ
609 3286 1001 3365 παιδευθεὶς
1043 3286 1155 3353 καὶ
1200 3285 1458 3372 μάλιστ’
1496 3289 1570 3353 ἐν
1605 3299 1746 3364 τοῖς
1790 3291 2186 3373 γυμνασίοις

408 3485 434 3533 1
476 3474 508 3533 ὁ
546 3496 657 3535 om.
691 3477 798 3535 OF
891 3483 924 3532 ὅ
960 3480 1187 3550 πεδίον]
1226 3477 1499 3534 παιδικὸν
1532 3479 1625 3534 OD
1739 3487 1769 3535 7
1806 3481 2086 3546 προιοῦσα
2112 3479 2181 3548 11,

252 3550 546 3615 παριοῦσα
583 3549 808 3606 Bekker
940 3551 1040 3605 καὶ
1077 3549 1430 3621 θαυμάσασα
1467 3568 1575 3605 om.
1614 3552 1662 3606 D
1802 3557 1867 3606 19
1906 3547 1975 3605 οὗ
2013 3570 2183 3606 κατα-

252 3620 494 3686 πλαγεὶς
531 3638 638 3677 om.
677 3622 732 3676 II
875 3627 942 3676 21
981 3618 1242 3694 γεγονὸς]
1281 3618 1595 3692 γενόμενον
1631 3622 1700 3678 Π.
1899 3629 1912 3640 ‘
