2569 4061
41 0 2523 325 β

871 347 969 403 DE
1011 347 1413 406 CODICIBUS.
2029 352 2108 408 XI

130 515 235 575 IV
282 517 401 592 67,
434 516 472 575 3
523 521 642 574 τῶν
688 513 912 576 Αἰόλου
1193 523 1379 576 τῶναι
1424 525 1580 578 ωτοῦ
1624 519 1680 578 D

1192 615 1272 696 τῷ
1318 623 1578 675 ναιωτοῦ
1624 616 1675 676 Β

1192 712 1272 794 τῷ
1319 708 1511 795 Δώρῳ
1556 712 1615 771 A.

167 807 235 864 V
281 808 398 882 80,
430 809 467 864 2
515 803 651 886 περὶ
686 801 944 865 Μαλέαν
988 804 1086 866 τό-
1192 803 1329 886 περὶ
1373 806 1664 869 κάλεσσαν
1707 809 1906 871 τόπων
1952 810 2003 870 Β
2073 814 2082 821 ”

285 922 431 962 πων
1191 904 1702 981 περικαλεσάντων
1745 907 1804 966 A.

345 1000 510 1059 Hinc
554 1000 816 1077 primum
861 999 1066 1061 elucet
1109 1001 1297 1061 etiam
1341 1002 1608 1063 codicem
1654 1004 1705 1062 B
1752 1022 1826 1063 ex
1870 1004 1926 1063 D
1973 1022 2103 1065 esse

145 1098 548 1174 descriptum
593 1090 732 1178 (nec
775 1096 949 1158 video
995 1097 1144 1173 quid
1187 1098 1509 1176 impediat,
1556 1100 1704 1178 quin
1747 1101 1801 1159 B
1849 1120 1924 1161 ex
1966 1100 2104 1177 ipso

148 1197 209 1256 D
266 1195 646 1271 descriptum
699 1213 830 1254 esse
895 1186 1255 1276 statuatur);
1322 1199 1454 1256 tum
1519 1197 1787 1258 codicem
1831 1198 1890 1257 A.
1934 1217 2009 1258 ex
2052 1198 2103 1257 B

151 1296 374 1353 ortum
427 1310 558 1351 esse
612 1310 816 1369 posse,
882 1291 988 1351 sed
1033 1291 1084 1350 B
1129 1295 1344 1368 utpote
1400 1294 1591 1355 codici
1634 1295 1691 1354 D
1751 1296 2106 1356 similiorem

155 1389 419 1449 minime
466 1408 541 1448 ex
583 1388 668 1467 A3
715 1389 971 1467 denique
1010 1388 1207 1448 libros
1253 1392 1318 1449 et
1361 1390 1413 1449 B
1460 1393 1523 1450 et
1566 1391 1624 1451 A
1669 1411 1813 1470 prae
1857 1393 1913 1452 D
1962 1412 2103 1470 neg-

157 1484 460 1565 legendos
498 1504 628 1546 esse
666 1503 995 1562 eorumque
1032 1485 1319 1546 lectiones
1357 1504 1394 1546 a
1427 1487 1484 1546 D
1523 1488 1931 1566 discrepantes
1970 1507 2101 1550 esse

159 1601 368 1642 meras
405 1582 792 1642 librariorum
822 1582 1199 1641 coniecturas
1238 1601 1345 1642 seu
1372 1587 1570 1644 rectas
1600 1604 1708 1646 seu
1733 1604 1970 1662 pravas.
2013 1586 2106 1647 Ac

163 1699 239 1740 ne
281 1679 350 1739 in
387 1679 472 1739 eis
509 1678 752 1757 quidem
777 1679 1057 1754 partibus
1096 1679 1320 1739 codicis
1348 1679 1424 1756 D,
1470 1698 1623 1756 quae
1660 1700 1842 1740 manu
1879 1683 2108 1742 saecu-li

165 1775 323 1835 XIII
363 1777 677 1854 suppletae
716 1778 875 1851 sunt,
912 1775 1037 1834 illis
1075 1775 1248 1835 libris
1286 1775 1617 1852 quidquam
1651 1775 1931 1853 ponderis
1971 1797 2106 1839 con-

168 1872 508 1934 cedendum
553 1891 685 1932 esse
728 1872 956 1950 iudico,
1005 1890 1369 1949 quamquam
1415 1873 1853 1950 quaestionem,
1898 1878 2107 1935 utrum

167 1973 301 2050 ipse
348 1969 401 2029 B
449 1962 603 2052 (scil.
652 1971 891 2032 saeculo
929 1962 1071 2053 XV)
1121 1988 1200 2029 an
1244 1970 1374 2030 eius
1434 1971 1739 2049 exemplar
1792 1974 1934 2032 ante
1980 1990 2108 2034 sae·

169 2070 380 2130 culum
406 2068 559 2127 XIII
595 2087 669 2127 ex
694 2068 893 2129 codice
924 2069 976 2127 D
1006 2068 1374 2144 descriptum
1419 2069 1518 2147 sit,
1554 2089 1664 2146 per
1700 2088 1764 2130 se
1803 2071 2108 2147 spinosam

171 2172 358 2244 atque
405 2166 673 2225 sterilem
717 2167 965 2241 propter
1021 2167 1364 2227 collationis
1409 2166 1461 2225 B
1507 2165 1661 2226 vitia
1703 2167 1768 2226 in
1814 2185 2105 2244 suspenso

171 2264 513 2341 relinquere
561 2262 755 2322 satius
801 2261 972 2322 duco.

352 2358 837 2419 Vindobonensis
882 2359 1071 2418 codex
1117 2361 1198 2420 81
1248 2360 1605 2420 chartaceus
1655 2359 1941 2419 foliorum
1984 2360 2101 2420 for·
2125 2364 2186 2423 N

173 2477 306 2518 mae
352 2458 647 2517 maximae
687 2457 769 2516 83
810 2456 1072 2533 scriptus
1124 2457 1362 2517 saeculo
1400 2456 1546 2516 XVI
1583 2447 1825 2537 (Kollar
1859 2458 1922 2516 in
1969 2476 2105 2535 sup-

172 2557 352 2633 plem.
399 2553 706 2613 Lambecii
761 2573 818 2630 p.
858 2547 1021 2634 496)
1079 2554 1348 2613 continet
1409 2554 1635 2613 librum
1694 2555 1960 2631 primum
2026 2556 2103 2616 ab

173 2652 348 2712 initio
395 2669 587 2727 usque
634 2650 712 2710 ad
764 2652 952 2711 verba
1005 2648 1228 2730 μεγάλα
1271 2647 1373 2709 καὶ
1416 2649 1738 2728 θαυμαστά
1784 2644 1864 2733 (c.
1895 2654 1998 2730 31,
2032 2645 2101 2735 9)

176 2752 236 2809 et
304 2747 584 2824 quintum
646 2747 904 2824 librum3
969 2748 1231 2807 collatus
1297 2751 1390 2807 est
1451 2751 1673 2824 rogatu
1726 2748 1963 2827 Heynei
2025 2751 2102 2809 ab

176 2845 394 2906 Carolo
440 2844 681 2921 Weigel
742 2838 914 2922 (edit.
954 2844 1196 2922 Bipont.
1224 2843 1315 2901 IV
1362 2864 1421 2920 p.
1448 2844 1544 2904 III
1590 2848 1653 2905 et
1695 2846 1750 2904 X
1793 2865 1851 2923 p.
1885 2848 2098 2908 391—

177 2933 355 3022 493).
403 2972 493 2982 —
537 2940 708 3000 Nihil
751 2941 955 3001 inveni
998 2942 1064 3001 in
1109 2960 1180 3001 eo
1224 2941 1394 3002 utile.

354 3037 667 3098 Parisinus
731 3039 916 3099 codex
977 3038 1187 3115 regius
1255 3040 1424 3099 1659
1504 3032 1832 3117 (quondam
1898 3033 2099 3123 2062)
2130 3043 2182 3101 E

178 3138 528 3196 chartaceus
593 3136 830 3196 saeculo
876 3136 1022 3195 XVI
1088 3135 1350 3212 scriptus
1414 3131 1636 3217 (Catal.
1695 3158 1993 3201 manuscr.
2052 3159 2104 3199 a.

185 3235 354 3296 1760
418 3252 475 3308 p.
515 3225 789 3314 383)*):
862 3234 1245 3296 collationem
1318 3235 1498 3295 huius
1571 3234 1715 3294 libri
1786 3236 1852 3295 in
1924 3253 2105 3295 usum

321 3382 372 3452 *)
410 3381 627 3438 Ibidem
664 3387 1009 3441 memoratur
1047 3386 1194 3442 alius
1232 3385 1410 3441 codex
1438 3384 1676 3440 Diodori
1708 3388 1845 3438 1658
1884 3382 2107 3436 charta-

186 3481 311 3521 ceus
367 3477 511 3520 saec.
559 3463 713 3531 XVI,
781 3464 904 3534 qui,
963 3467 1011 3520 si
1074 3464 1213 3536 quid
1270 3481 1341 3520 ex
1395 3464 1590 3534 paucis
1647 3460 1987 3515 lectionibus
2043 3457 2107 3510 in

187 3541 524 3613 Bergmanni
551 3543 861 3613 exemplari
877 3545 1163 3601 adnotatis
1185 3544 1443 3602 conicere
1461 3545 1616 3610 licet,
1645 3538 1919 3595 secundae
1939 3538 2108 3594 classi

190 3622 580 3680 adscribendus
619 3625 723 3678 est.
