2569 4061
1052 295 1133 350 ΠΙ
1171 302 1254 352 70.
1288 303 1370 352 τι.
2035 299 2170 364 383

236 458 494 545 εὑρεῖν,
554 455 664 523 καὶ
723 448 1145 543 βουληθῆναι
1203 467 1294 547 τῷ
1356 458 1535 542 γένει
1592 472 1729 526 τῶν
1789 461 2174 548 ἀνθρώπων

237 567 642 649 μεταδοῦναι
692 576 827 631 τῶν
889 565 1082 629 ἰδίων
1140 564 1569 650 εὑρημάτων,
1635 565 1991 631 ἐλπίσαντα
2059 567 2171 630 διὰ

235 671 313 735 τὸ
387 670 674 755 μέγεθος
743 680 859 756 τῆς
931 671 1313 758 εὐεργεσίας
1385 670 1747 737 ἀθανάτων
1817 672 2170 751 τεύξεσθαι

236 788 463 861 τιμῶν.

181 904 207 944 5
423 888 554 968 Τῆς
609 881 683 950 δὲ
736 881 887 971 περὶ
946 882 1150 949 αὐτὸν
1206 882 1443 967 ἀρετῆς
1495 904 1566 947 τε
1612 880 1724 947 καὶ
1781 872 1977 966 δόξης
2034 885 2170 949 δια·
2193 888 2272 952 71

238 988 623 1075 διδομένης,
679 990 939 1073 λέγεται
983 991 1108 1073 τὴν
1143 985 1333 1053 Ῥέαν
1376 988 1820 1074 ὀργισθεῖσαν
1866 987 2171 1073 ’Ἄμμωνι

236 1101 763 1180 φιλοτιμηθῆναι
809 1099 1040 1180 λαβεῖν
1076 1095 1464 1182 ὑποχείριον
1502 1097 1623 1162 τὸν
1658 1098 2038 1161 Διόνυσον·
2087 1095 2171 1161 οὐ

238 1200 622 1287 δυναμένην
667 1198 742 1267 δὲ
786 1210 1110 1287 κρατῆσαι
1153 1210 1269 1285 τῆς
1315 1200 1628 1287 ἐπιβολῆς
1670 1205 1790 1270 τὸν
1835 1200 1959 1288 μὲν
2011 1202 2171 1287 ’Ἀμ-

235 1332 423 1393 μωνα
468 1314 873 1391 καταλιπεῖν,
921 1308 1412 1390 ἀπαλλαγεῖσαν
1461 1306 1536 1374 δὲ
1581 1312 1749 1393 πρὸς
1783 1313 1940 1386 τοὺς
1978 1309 2170 1376 ἀδελ-

153 1434 208 1474 10
236 1419 410 1500 φοὺς
445 1419 728 1491 Τιτᾶνας
755 1423 1147 1498 συνοικῆσαι
1174 1417 1418 1503 Κρόνφ
1457 1423 1551 1504 τῷ
1587 1416 1856 1505 ἀδελφῷ
1874 1437 1888 1453 ·
1925 1425 2169 1483 τοῦτον
2206 1439 2240 1487 2

237 1519 300 1585 δ’
353 1520 485 1585 ὑπὸ
546 1530 662 1604 τῆς
710 1517 888 1597 Ῥέας
946 1518 1309 1585 πεισθέντα
1364 1531 1759 1604 στρατεῦσαι
1815 1525 1977 1607 μετὰ
2031 1535 2168 1589 τῶν

242 1626 543 1690 Τιτάνων
597 1624 697 1691 ἐπ’
751 1624 1102 1711 ’Ἀμμωνα,
1161 1623 1274 1691 καὶ
1332 1625 1696 1711 γενομένης
1749 1629 2170 1713 παρατάξεως

235 1732 356 1796 τὸν
395 1728 516 1817 μὲν
552 1734 825 1817 Κρόνον
861 1729 967 1797 ἐπὶ
1003 1741 1126 1797 τοῦ
1160 1735 1658 1819 προτερήματος
1691 1732 2005 1818 ὑπάρξαι,
2048 1735 2169 1799 τὸν

118 1844 232 1892 240
245 1832 309 1902 δ’
342 1836 662 1924 ’Ἀμμωνα
697 1840 994 1926 σιτοδείᾳ
1027 1841 1420 1924 πιεζόμενον
1456 1850 1701 1923 φυγεῖν
1739 1841 1835 1917 εἰς
1868 1841 2166 1926 Κρήτην,

153 1964 205 2004 15
238 1942 350 2011 καὶ
384 1946 687 2030 γήμαντα
722 1955 858 2010 τῶν
893 1947 1040 2010 τότε
1077 1947 1575 2029 βασιλευόντων
1611 1946 1982 2030 Κουρήτων
2020 1944 2168 2023 ἑνὸς

230 2051 573 2139 θυγατέρα
627 2054 901 2139 Κρήτην
956 2053 1411 2118 δυναστεῦσαί
1456 2075 1527 2118 τε
1581 2064 1716 2117 τῶν
1774 2055 1997 2118 τόπων
2054 2052 2166 2119 καὶ

230 2160 306 2223 τὸ
352 2162 482 2245 πρὸ
527 2167 650 2225 τοῦ
692 2159 819 2241 τὴν
863 2166 1080 2241 νῆσον
1121 2153 1371 2224 Ἰδαίαν
1415 2158 1838 2244 καλουμένην
1885 2158 2011 2223 ἀπὸ
2050 2169 2166 2243 τῆς

231 2266 548 2348 γυναικὸς
593 2264 921 2349 ὀνομάσαι
967 2266 1261 2351 Κρήτην.
1342 2266 1464 2330 τὸν
1511 2261 1585 2330 δὲ
1631 2267 1903 2352 Κρόνον
1951 2272 2165 2349 μυθο-
2203 2287 2237 2335 3

234 2375 511 2454 λογοῢσι
555 2372 976 2458 κρατήσαντα
1021 2381 1155 2436 τῶν
1203 2366 1596 2456 Ἀμμωνίων
1639 2373 1864 2436 τόπων
1906 2371 2167 2437 τούτων

152 2495 208 2535 20
235 2472 357 2560 μὲν
421 2478 650 2562 ἄρχειν
712 2487 991 2563 πικρῶς,
1066 2474 1174 2542 ἐπὶ
1240 2474 1316 2542 δὲ
1379 2478 1504 2560 τὴν
1567 2481 1811 2543 Νῦσαν
1873 2474 1984 2542 καὶ
2045 2477 2166 2542 τὸν

231 2583 580 2646 Διόνυσον
624 2590 1022 2669 στρατεῦσαι
1073 2584 1235 2666 μετὰ
1288 2587 1537 2667 πολλῆς
1593 2583 1956 2667 δυνάμεως.
2046 2583 2165 2648 τὸν

233 2683 308 2753 δὲ
356 2691 704 2754 Διόνυσον
748 2690 1140 2773 πυθόμενον
1180 2690 1268 2754 τά
1314 2712 1383 2755 τε
1427 2699 1550 2755 τοῦ
1594 2690 1842 2775 πατρὸς
1888 2689 2163 2755 ἐλαττώ-

230 2817 403 2878 ματα
447 2792 560 2860 καὶ
604 2795 727 2878 τὴν
781 2804 916 2859 τῶν
970 2796 1274 2861 Τιτάνων
1329 2790 1432 2861 ἐπ’
1483 2795 1692 2861 αὐτὸν
1748 2798 2162 2881 συνδρομήν,

229 2899 551 2986 ἀθροῖσαι
595 2901 998 2987 στρατιώτας
1044 2901 1117 2966 ἐκ
1158 2911 1275 2985 τῆς
1321 2903 1587 2985 Νύσης,
1646 2898 1741 2968 ὧν
1788 2899 1959 2967 εἶναι
2004 2919 2163 2967 συν-

148 3027 203 3068 25
232 3009 530 3093 τρόφους
588 3008 1001 3090 διακοσίους,
1058 3009 1431 3094 διαφόρους
1474 3017 1554 3093 τῇ
1600 3031 1670 3073 τε
1718 3007 1881 3091 ἀλκῇ
1926 3004 2037 3071 καὶ
2080 3015 2176 3089 τῇ·

226 3114 394 3199 πρὸς
422 3113 633 3178 αὐτὸν
658 3112 913 3200 εὐνοίᾳ·
951 3112 1455 3200 προσλαβέσθαι
1485 3110 1559 3179 δὲ
1587 3112 1699 3179 καὶ
1724 3123 1861 3177 τῶν
1887 3115 2160 3193 πλησιο-

226 3219 466 3305 χώρων
511 3220 670 3297 τούς
714 3243 784 3285 τε
830 3223 1088 3305 Λίβυας
1131 3218 1243 3284 καὶ
1288 3222 1407 3297 τὰς
1445 3218 1825 3304 Ἀμαζόνας,
1870 3213 2022 3301 περὶ
2061 3210 2157 3280 ὧν

226 3328 716 3413 προειρήκαμεν
780 3327 881 3391 ὅτι
946 3328 1264 3392 δοκοῦσιν
1339 3326 1504 3411 ἀλκῇ
1582 3327 1975 3407 διενεγκεῖν,
2048 3318 2158 3385 καὶ

409 3561 441 3609 3
480 3552 796 3622 τεύξασθαι
833 3554 986 3625 vulg.
1127 3562 1195 3609 14
1233 3555 1486 3626 σιτοδείᾳ
1525 3570 1631 3607 om.
1674 3551 1778 3607 OE.
