2569 4061
952 178 961 189 t

984 377 1037 431 ΙΙ
1075 382 1159 432 26.
1191 383 1275 432 27.
1304 382 1389 432 28.
2032 378 2164 442 215

234 544 363 628 ράν
419 540 494 606 έν
550 551 690 617 τοῖς
754 542 1114 623 βασιλείοις
1176 539 1656 604 κατεσκεύασεν
1719 538 2163 626 ὑπερμεγέθη,

234 647 345 713 καὶ
389 650 509 711 τόν
562 670 634 712 τε
690 648 944 733 χρυσὸν
986 644 1099 712 καὶ
1143 647 1264 711 τὸν
1310 646 1608 731 ἄργυρον
1655 646 1939 731 ἅπαντα,
1996 649 2163 734 πρὸς

240 752 315 819 δὲ
360 756 620 831 τούτοις
663 754 786 836 τὴν
823 755 1177 838 βασιλικὴν
1224 752 1475 836 ἐσθῆτα
1510 761 1732 817 πᾶσαν
1774 751 1882 817 ἐπὶ
1914 756 2163 840 ταύτην

240 857 595 945 ἐσώρευσε,
654 861 771 936 τὰς
829 856 903 925 δὲ
957 860 1366 935 παλλακίδας
1418 856 1533 922 καὶ
1588 861 1747 934 τοὺς
1800 857 2164 942 εὐνούχους

183 982 210 1023 5
240 969 630 1049 συγκλείσας
677 969 772 1042 εἰς
816 967 937 1031 τὸν
983 966 1057 1031 ἐν
1102 964 1268 1049 μέσῃ
1313 973 1393 1049 τῇ
1432 974 1613 1051 πυρᾷ
1650 965 2163 1048 κατεσκευασμέ-

236 1098 360 1140 νον
424 1069 614 1139 οἷκον
668 1074 802 1156 ἅμα
864 1074 1127 1148 τούτοις
1190 1071 1436 1136 ἅπασιν
1500 1070 1740 1137 ἑαυτόν
1793 1094 1866 1136 τε
1918 1069 2030 1135 καὶ
2083 1074 2163 1135 τὰ

235 1179 537 1264 βασίλεια
573 1178 992 1245 κατέκαυσεν.
1050 1179 1123 1243 οἰ
1154 1172 1215 1242 δ’
1243 1177 1602 1244 ἀποστάται
1638 1180 2014 1262 πυθόμενοι
2042 1178 2164 1261 τὴν
2200 1197 2233 1244 3

236 1287 571 1353 ἀπώλειαν
605 1287 732 1370 τὴν
759 1285 1365 1371 Σαρδαναπάλλου,
1392 1295 1509 1368 τῆς
1534 1282 1657 1369 μὲν
1692 1288 1946 1361 πόλεως
1974 1283 2164 1370 ἐκρά-

159 1424 165 1430 ’
233 1412 445 1478 τησαν
519 1395 936 1468 εἰσπεσόντες
997 1391 1162 1455 κατὰ
1235 1392 1309 1454 τὸ
1374 1394 1709 1469 πεπτωκὸς
1781 1391 1979 1478 μέρος
2040 1401 2163 1457 τοῦ

153 1515 207 1554 10
234 1503 517 1584 τείχους,
563 1499 682 1563 τὸν
729 1494 791 1561 δ’
830 1495 1159 1581 Ἀρβάκην
1207 1495 1605 1573 ἐνδύσαντες
1649 1498 1772 1580 τὴν
1808 1499 2161 1581 βασιλικὴν

236 1606 485 1686 στολὴν
532 1604 1084 1687 προσηγόρευσαν
1129 1601 1435 1685 βασιλέα,
1480 1601 1592 1668 καὶ
1638 1604 1760 1686 τὴν
1803 1615 1939 1669 τῶν
1984 1605 2161 1669 ὅλων

236 1708 550 1786 ἐξουσίαν
595 1706 977 1794 ἐπέτρεψαν.
1062 1743 1067 1749 ·

344 1862 349 1869 .
402 1812 620 1877 ’Ὲνθα
664 1814 746 1897 δὴ
784 1821 908 1879 τοῦ
953 1812 1276 1897 βασιλέως
1321 1826 1461 1891 τοῖς
1507 1814 2163 1899 συναγωνισαμένοις
2183 1814 2266 1877 28

235 1931 630 2007 στρατηγοῖς
667 1920 921 2006 δωρεάς
956 1943 1026 1985 τε
1064 1910 1418 1998 διαδόντος
1451 1922 1619 1987 κατὰ
1654 1923 1779 2006 τὴν
1816 1921 2006 2003 ἀξίαν
2051 1921 2163 1988 καὶ

152 2044 205 2085 15
234 2027 572 2114 σατράπας
616 2026 842 2092 ἐθνῶν
876 2029 1342 2113 καθιστάντος,
1389 2029 1787 2116 προσελθὼν
1824 2029 2003 2118 αὐτῷ
2041 2027 2163 2095 Βέ-

234 2140 431 2211 λεσυς
471 2133 506 2199 ὁ
545 2136 1001 2217 Βαβυλώνιος,
1040 2134 1076 2199 ὁ
1113 2138 1452 2220 προειπὼν
1490 2137 1591 2201 ὅτι
1628 2140 1942 2219 βασιλεὺς
1978 2138 2162 2201 ἔσται

233 2251 349 2326 τῆς
378 2237 619 2324 Ἀσίας,
665 2250 780 2325 τῆς
825 2264 894 2306 τε
933 2242 1316 2327 εὐεργεσίας
1351 2241 1687 2326 ὑπέμνησε
1722 2242 1833 2308 καὶ
1869 2244 1992 2327 τὴν
2029 2247 2161 2308 Βα-

234 2350 536 2431 βυλῶνος
600 2348 811 2433 ἀρχὴν
875 2347 1065 2430 ἠξίου
1127 2349 1397 2431 δοῦναι,
1462 2350 1764 2435 καθάπερ
1830 2348 1896 2428 ἐξ
1956 2350 2161 2435 ἀρχῆς

234 2452 566 2538 ὑπέσχετο.
661 2454 1064 2538 ἀπεφαίνετο
1113 2450 1187 2519 δὲ
1231 2453 1342 2520 καὶ
1388 2457 1553 2521 κατὰ
1599 2459 1756 2532 τοὺς
1799 2457 2161 2533 κινδύνους
2197 2474 2229 2521 2

154 2573 211 2615 20
240 2556 474 2625 ἑαυτὸν
519 2560 722 2645 εὐχὴν
760 2567 1167 2645 πεποιῆσθαι
1211 2569 1302 2650 τῷ
1342 2564 1539 2651 Βήλῳ
1577 2563 2160 2647 Σαρδαναπάλλου

235 2664 681 2750 κρατηθέντος
712 2664 825 2731 καὶ
857 2678 994 2732 τῶν
1029 2671 1389 2751 βασιλείων
1417 2668 1965 2755 ἐμπυρισθέντων
2001 2671 2157 2736 ἀπο-

232 2783 490 2856 κομιεῖν
543 2774 665 2857 τὴν
712 2775 968 2839 σποδὸν
1023 2775 1145 2858 τὴν
1190 2774 1261 2840 ἐκ
1320 2777 1578 2842 τούτων
1624 2780 1718 2853 εἰς
1762 2781 2157 2861 Βαβυλῶνα,

230 2877 344 2943 καὶ
389 2882 673 2962 πλησίον
718 2889 840 2945 τοῦ
885 2879 1199 2965 τεμένους
1252 2891 1375 2947 τοῦ
1419 2888 1592 2948 θεοῦ
1636 2881 1746 2948 καὶ
1798 2894 1921 2950 τοῦ
1964 2905 2159 2950 ποτα-

231 2993 364 3068 μοῦ
426 2984 883 3070 καταθέμενον
946 2997 1134 3071 χῶμα
1190 2991 1709 3055 κατασκευάσειν
1761 2992 1837 3055 τὸ
1890 2991 2157 3077 παρεξό-

152 3105 204 3147 2⁵
231 3114 439 3174 μενον
483 3103 624 3168 τοῖς
668 3095 832 3158 κατὰ
877 3095 996 3159 τὸν
1030 3094 1400 3180 Εὐφράτην
1443 3095 1765 3162 πλέουσιν
1811 3096 2157 3161 ἀθάνατον

228 3194 589 3282 ὑπόμνημα
633 3208 757 3263 τοῦ
801 3201 1295 3278 καταλύσαντος
1338 3202 1461 3285 τὴν
1510 3201 1880 3287 Ἀσσυρίων
1926 3201 2153 3285 ἀρχήν.

371 3431 405 3481 8
443 3420 550 3494 τὴν
590 3443 698 3482 om.
739 3426 846 3482 oF
988 3434 1053 3483 12
1093 3424 1382 3498 ἐξουσίαν]
1429 3425 1584 3503 αὐτῷ
1621 3429 1749 3483 add.
1788 3427 1939 3496 vulg.
2088 3428 2156 3478 14

229 3504 703 3639 Ξῖρῖἑῖἲοῗέιῖἐῒ
736 3497 845 3623 {fad
903 3502 1018 3625 311⁸
1018 3499 1402 3623 ⁶⁹²⁰³2v2¹¹ssg⁸v
1442 3505 1558 3640 ἕκῗ
1572 3499 2039 3637 zff“?1²1’1²g²'‘“”23
2042 3495 2158 3620 2¹55

229 3636 330 3692 τοῦ
369 3639 629 3709 ποταμοῦ
668 3656 776 3695 om.
815 3611 884 3696 Ii.
999 3589 1091 3696 82·ss
1129 3589 1573 3709 καταλέξαντος]
1614 3637 1883 3710 βασιλέως
1921 3638 2051 3693 add.
2088 3636 2154 3690 D.
