2569 4061
995 326 1076 382 111
1113 333 1199 384 61.
1238 333 1321 383 62.
2041 330 2170 397 367

246 490 565 578 δυσχερές
600 490 781 558 ἐστιν
816 487 985 577 ὑπὲρ
1023 499 1138 574 τῆς
1182 487 1505 573 γενέσεως
1548 501 1671 557 τοῦ
1715 498 1885 559 θεοῦ
1929 494 2175 559 τούτου

238 596 356 663 καὶ
402 608 538 663 τῶν
581 596 885 683 πράξεων
929 603 1245 681 καθαρῶς
1291 597 1519 662 εἰπεῖν.
1605 598 1675 662 οἰ
1715 594 1835 682 μὲν
1880 600 2008 686 γὰρ
2054 597 2174 665 ἕνα

248 707 619 789 Διόνυσον,
685 705 758 770 οἰ
815 701 890 769 δὲ
952 714 1128 791 τρεῖς
1190 702 1539 788 γεγονέναι
1601 704 2171 789 παραδεδώκασιν,

243 809 376 877 εἰσὶ
432 806 494 877 δ’
546 812 617 877 οἰ
665 808 930 895 γένεσιν
983 806 1106 895 μὲν
1157 809 1403 875 τούτου
1449 807 2038 896 ἀνθρωπόμορφον
2083 813 2172 897 μὴ

188 935 218 976 5
247 916 599 1002 γεγονέναι
649 918 727 984 τὸ
782 917 1097 1001 παράπαν
1152 914 1711 999 ἀποφαινόμενοι,
1764 915 1888 998 τὴν
1935 913 2009 981 δὲ
2053 926 2173 982 τοῦ

248 1031 443 1091 οἴνου
473 1025 668 1090 δόσιν
697 1025 1046 1089 Διόνυσον
1074 1016 1247 1087 εἶναι
1274 1025 1671 1107 νομίζοντες.
1729 1022 1962 1107 διόπερ
1990 1021 2176 1106 ἡμεῖς
2212 1045 2244 1093 3

243 1144 383 1198 τῶν
426 1125 583 1216 παρ’
628 1128 928 1205 ἑκάστοις
973 1125 1351 1212 λεγομένων
1387 1129 1470 1193 τὰ
1505 1129 1828 1213 κεφάλαια
1866 1132 2176 1216 πειρασό-

169 1282 174 1287 ·
245 1242 425 1322 μεθα
471 1238 817 1319 συντόμως
864 1232 1266 1317 ἐπιδραμεῖν.

430 1343 521 1408 Οἱ
560 1343 795 1407 τοίνυν
840 1344 1409 1424 φυσιολογοῦντες
1451 1339 1604 1427 περὶ
1648 1350 1772 1407 τοῦ
1815 1349 1987 1410 θεοῦ
2022 1344 2175 1409 τού-

159 1467 216 1508 10
245 1473 370 1515 του
432 1446 547 1513 καὶ
607 1448 727 1511 τὸν
792 1444 920 1511 ἀπὸ
983 1454 1101 1529 τῆς
1160 1443 1457 1530 ἀμπέλου
1512 1450 1770 1533 καρπὸν
1826 1453 2174 1516 Διόνυσον

248 1551 687 1638 ὀνομάζοντές
731 1567 900 1636 φασι
943 1553 1068 1636 τὴν
1113 1560 1239 1635 γῆν
1275 1552 1660 1637 αὐτομάτως
1694 1556 1855 1638 μετὰ
1889 1567 2025 1621 τῶν
2062 1558 2174 1622 ἄλ-

251 1666 392 1725 λων
422 1669 655 1743 φυτῶν
683 1657 979 1740 ἐνεγκεῖν
1014 1660 1137 1742 τὴν
1173 1648 1492 1744 ἄμπελον,
1530 1654 1675 1724 ἀλλ’
1707 1659 1831 1724 οὐκ
1867 1659 1933 1739 ἐξ
1973 1661 2176 1747 ἀρχῆς

250 1767 383 1832 ὑπό
429 1789 613 1843 τινος
658 1764 934 1851 εὑρετοῦ
981 1770 1424 1849 φυτευθῆναι.
1497 1769 1850 1852 τεκμήριον
1897 1765 1958 1832 δ’
2004 1763 2175 1834 εἶναι
2213 1787 2247 1836 4

250 1874 496 1940 τούτου
533 1875 609 1939 τὸ
658 1870 849 1957 μέχρι
893 1881 1016 1938 τοῦ
1062 1881 1192 1937 νῦν
1237 1871 1313 1937 ἐν
1357 1877 1629 1950 πολλοῖς
1671 1876 1900 1951 τόποις
1945 1873 2177 1961 ἀγρίας

167 1995 217 2039 ²5
246 1979 580 2066 ἀμπέλους
636 1979 963 2065 φύεσθαι,
1022 1976 1135 2045 καὶ
1191 1989 1650 2067 καρποφορεῢν
1709 1980 1911 2059 αὐτὰς
1967 2001 2175 2069 παρα-

246 2091 539 2172 πλησίως
596 2098 740 2164 ταῖς
797 2086 930 2152 ὑπὸ
986 2094 1105 2169 τῆς
1164 2084 1595 2172 ἀνθρωπίνης
1647 2086 1984 2174 ἐμπειρίας
2044 2113 2175 2174 χει-

252 2191 795 2281 ρουργουμέναις.
869 2195 1195 2279 διμήτορα
1232 2188 1308 2257 δὲ
1343 2196 1463 2258 τὸν
1488 2196 1837 2260 Διόνυσον
1872 2195 2003 2261 ὑπὸ
2040 2206 2176 2261 τῶν
2213 2214 2246 2262 5

247 2306 549 2368 παλαιῶν
587 2300 1016 2385 ὠνομάσθαι,
1062 2308 1218 2384 μιᾶς
1252 2295 1376 2383 μὲν
1409 2298 1522 2365 καὶ
1555 2301 1820 2386 πρώτης
1856 2301 2177 2385 γενέσεως

251 2405 749 2492 ἀρνθμουμένης
808 2405 970 2471 ὅταν
1028 2407 1104 2471 τὸ
1168 2407 1388 2490 φυτὸν
1453 2407 1547 2482 εἰς
1610 2406 1735 2489 τὴν
1792 2415 1921 2490 γῆν
1975 2405 2176 2474 τεθὲν

172 2528 225 2568 20
252 2513 555 2597 λαμβάνῃ
598 2513 722 2596 τὴν
767 2511 1070 2596 αὔξησιν,
1127 2509 1443 2597 δευτέρας
1489 2508 1550 2578 δ’
1603 2513 1766 2577 ὅταν
1811 2516 2021 2600 βρίθῃ
2065 2515 2176 2581 καὶ

253 2620 412 2696 τοὺς
466 2621 710 2705 βότρυς
762 2621 1082 2704 πεπαίνῃ,
1142 2619 1312 2685 ὥστε
1364 2620 1488 2703 τὴν
1540 2615 1664 2704 μὲν
1718 2618 1792 2686 ἐκ
1844 2629 1993 2705 γῆς,
2053 2624 2177 2707 τὴν

251 2719 312 2791 δ’
365 2719 468 2790 έκ’
496 2733 609 2808 τῆς
668 2724 963 2810 ἀμπέλου
1023 2723 1287 2808 γένεσιν
1349 2734 1472 2790 τοῦ
1533 2731 1704 2792 θεοῦ
1767 2731 2175 2812 νομίζεσθαι.

249 2831 816 2917 παραδεδωκότων
891 2827 965 2897 δὲ
1036 2842 1173 2896 τῶν
1243 2833 1712 2917 μυθογράφων
1772 2832 1884 2898 καὶ
1946 2838 2177 2920 τρίτην
2213 2852 2245 2899 6

251 2938 536 3023 γένεσιν,
582 2934 738 3003 καθ’
773 2938 859 3021 ἥν
896 2956 1062 3022 φασι
1105 2939 1228 3003 τὸν
1269 2940 1441 3003 θεὸν
1488 2939 1560 3004 ἐκ
1594 2940 1762 3016 Διὸς
1797 2938 1909 3005 καὶ
1944 2943 2175 3023 Λήμη-

173 3059 225 3102 25
251 3067 406 3129 τρος
449 3043 869 3110 τεκνωθέντα
915 3044 1414 3127 διασπασθῆναι
1460 3041 1582 3130 μὲν
1627 3046 1757 3111 ὑπὸ
1804 3056 1939 3109 τῶν
1984 3067 2175 3127 γηγε-

250 3162 389 3217 νῶν
434 3149 547 3217 καὶ
590 3156 1085 3235 καθεψηθῆναι,
1132 3151 1335 3216 πάλιν
1382 3147 1444 3216 δ’
1490 3151 1620 3217 ὑπὸ
1664 3158 1781 3233 τῆς
1819 3151 2177 3234 Δήμητρος

252 3268 385 3323 τῶν
440 3263 660 3343 μελῶν
714 3256 1329 3343 συναρμοσθέντων
1376 3255 1443 3336 ἐξ
1491 3256 1692 3342 ἀρχῆς
1737 3251 1895 3321 νέον
1941 3277 2176 3338 γεννη-

395 3385 427 3434 2
464 3382 626 3435 καθα
628 3380 739 3450 ρῶς
774 3378 1039 3434 0113.οΓ
1137 3385 1173 3434 4
1209 3377 1314 3465 μὴ]
1352 3373 1490 3449 μήτε
1527 3379 1595 3448 D,
1633 3373 1775 3464 μηδὲ
1816 3377 1865 3429 Α
1976 3380 2008 3428 5
2037 3370 2177 3429 ἀπο-

255 3452 562 3518 φαίνονται
607 3451 657 3506 D
826 3455 890 3504 12
929 3447 1196 3576 τὴῶΐκαὶ
1231 3448 1338 3519 τὴν
1376 3449 1426 3501 Α
1592 3453 1657 3501 17
1715 3445 1817 3501 τὸν
1865 3461 1973 3500 om.
2020 3445 2174 3513 vulg.

253 3521 954 3664 Ξζνίρύξιηέεκαρποφορῇ
1207 3527 1275 3577 22
1318 3516 1706 3589 ὀνομάζεσθαι
1742 3517 1791 3570 D
1901 3520 1969 3570 27
2007 3534 2176 3584 γενη-
