<?xml version="1.0" encoding="UTF-8"?>
<!DOCTYPE html PUBLIC "-//W3C//DTD XHTML 1.0 Transitional//EN"
    "http://www.w3.org/TR/xhtml1/DTD/xhtml1-transitional.dtd">
<html xmlns="http://www.w3.org/1999/xhtml" xml:lang="en" lang="en">
 <head>
  <title>
</title>
<meta http-equiv="Content-Type" content="text/html;charset=utf-8" />
  <meta name='ocr-system' content='tesseract 3.04.00' />
  <meta name='ocr-capabilities' content='ocr_page ocr_carea ocr_par ocr_line ocrx_word'/>
</head>
<body>
  <div class='ocr_page' id='page_1' title='image "./diodoribiblioth02dindgoog/diodoribiblioth02dindgoog_0171.png"; bbox 0 0 2569 4061; ppageno 0'>
   <div class='ocr_carea' id='block_1_1' title="bbox 0 0 2569 198">
    <p class='ocr_par' dir='ltr' id='par_1_1' title="bbox 0 0 2569 198">
     <span class='ocr_line' id='line_1_1' title="bbox 0 0 2569 198; baseline 0 3863"><span class='ocrx_word' id='word_1_1' title='bbox 0 0 2569 198; x_wconf 95' lang='lat' dir='ltr'><strong><em> </em></strong></span> 
     </span>
    </p>
   </div>
   <div class='ocr_carea' id='block_1_2' title="bbox 1042 392 2142 460">
    <p class='ocr_par' dir='ltr' id='par_1_2' title="bbox 1042 392 2142 460">
     <span class='ocr_line' id='line_1_2' title="bbox 1042 392 2142 460; baseline -0.005 -13"><span class='ocrx_word' id='word_1_2' title='bbox 1042 392 1069 447; x_wconf 95' lang='lat'>1</span> <span class='ocrx_word' id='word_1_3' title='bbox 1106 400 1191 450; x_wconf 86' lang='lat'><strong><em>40.</em></strong></span> <span class='ocrx_word' id='word_1_4' title='bbox 1230 400 1317 448; x_wconf 86' lang='lat'><strong><em>41.</em></strong></span> <span class='ocrx_word' id='word_1_5' title='bbox 2061 394 2142 460; x_wconf 73' lang='grc' dir='ltr'>ῃ</span> 
     </span>
    </p>
   </div>
   <div class='ocr_carea' id='block_1_3' title="bbox 103 555 2235 3405">
    <p class='ocr_par' dir='ltr' id='par_1_3' title="bbox 103 555 2235 3405">
     <span class='ocr_line' id='line_1_3' title="bbox 225 555 2147 644; baseline -0.001 -20"><span class='ocrx_word' id='word_1_6' title='bbox 225 559 449 644; x_wconf 80' lang='grc' dir='ltr'><strong><em>ροειδῆ</em></strong></span> <span class='ocrx_word' id='word_1_7' title='bbox 496 558 621 642; x_wconf 83' lang='grc' dir='ltr'><strong><em>τὴν</em></strong></span> <span class='ocrx_word' id='word_1_8' title='bbox 661 564 795 641; x_wconf 83' lang='grc' dir='ltr'><strong><em>γῆν</em></strong></span> <span class='ocrx_word' id='word_1_9' title='bbox 840 556 1178 642; x_wconf 76' lang='grc' dir='ltr'><strong><em>ὑπάρχειν.</em></strong></span> <span class='ocrx_word' id='word_1_10' title='bbox 1261 555 1373 621; x_wconf 83' lang='grc' dir='ltr'><strong><em>καὶ</em></strong></span> <span class='ocrx_word' id='word_1_11' title='bbox 1410 559 1537 641; x_wconf 83' lang='grc' dir='ltr'><strong><em>γὰρ</em></strong></span> <span class='ocrx_word' id='word_1_12' title='bbox 1574 556 1690 623; x_wconf 83' lang='grc' dir='ltr'><strong><em>έάν</em></strong></span> <span class='ocrx_word' id='word_1_13' title='bbox 1726 579 1828 635; x_wconf 91' lang='grc' dir='ltr'><strong><em>τις</em></strong></span> <span class='ocrx_word' id='word_1_14' title='bbox 1861 566 2001 634; x_wconf 79' lang='grc' dir='ltr'><strong><em>τοῖς</em></strong></span> <span class='ocrx_word' id='word_1_15' title='bbox 2039 560 2147 622; x_wconf 90' lang='grc' dir='ltr'><strong><em>λό-</em></strong></span> 
     </span>
     <span class='ocr_line' id='line_1_4' title="bbox 222 661 2144 750; baseline -0.001 -19"><span class='ocrx_word' id='word_1_16' title='bbox 222 689 365 749; x_wconf 85' lang='grc' dir='ltr'><strong><em>γοις</em></strong></span> <span class='ocrx_word' id='word_1_17' title='bbox 417 665 914 748; x_wconf 78' lang='grc' dir='ltr'><strong><em>κατατολμήσας</em></strong></span> <span class='ocrx_word' id='word_1_18' title='bbox 978 662 1275 747; x_wconf 81' lang='grc' dir='ltr'><strong><em>βιάζηται</em></strong></span> <span class='ocrx_word' id='word_1_19' title='bbox 1340 661 1465 746; x_wconf 81' lang='grc' dir='ltr'><strong><em>τὴν</em></strong></span> <span class='ocrx_word' id='word_1_20' title='bbox 1523 661 1901 749; x_wconf 82' lang='grc' dir='ltr'><strong><em>ἐνάργειαν,</em></strong></span> <span class='ocrx_word' id='word_1_21' title='bbox 1965 664 2010 750; x_wconf 81' lang='grc' dir='ltr'><strong><em>ἥ</em></strong></span> <span class='ocrx_word' id='word_1_22' title='bbox 2068 687 2144 747; x_wconf 89' lang='grc' dir='ltr'><strong><em>γε</em></strong></span> 
     </span>
     <span class='ocr_line' id='line_1_5' title="bbox 220 769 2143 856; baseline 0 -19"><span class='ocrx_word' id='word_1_23' title='bbox 220 773 423 855; x_wconf 82' lang='grc' dir='ltr'><em>φύσις</em></span> <span class='ocrx_word' id='word_1_24' title='bbox 475 782 611 838; x_wconf 79' lang='grc' dir='ltr'><strong><em>τῶν</em></strong></span> <span class='ocrx_word' id='word_1_25' title='bbox 664 769 1069 856; x_wconf 78' lang='grc' dir='ltr'><em>πραγμάτων</em></span> <span class='ocrx_word' id='word_1_26' title='bbox 1116 769 1427 853; x_wconf 76' lang='grc' dir='ltr'><strong><em>οὐδαμῶς</em></strong></span> <span class='ocrx_word' id='word_1_27' title='bbox 1472 773 1901 854; x_wconf 75' lang='grc' dir='ltr'><strong><em>συγχωρήσει.</em></strong></span> <span class='ocrx_word' id='word_1_28' title='bbox 1975 777 2143 837; x_wconf 91' lang='grc' dir='ltr'><strong><em>καθ-</em></strong></span> 
     </span>
     <span class='ocr_line' id='line_1_6' title="bbox 220 873 2143 963; baseline -0.001 -20"><span class='ocrx_word' id='word_1_29' title='bbox 220 880 383 943; x_wconf 90' lang='grc' dir='ltr'><strong><em>όλου</em></strong></span> <span class='ocrx_word' id='word_1_30' title='bbox 446 874 569 963; x_wconf 75' lang='grc' dir='ltr'><strong><em>μὲν</em></strong></span> <span class='ocrx_word' id='word_1_31' title='bbox 638 877 766 962; x_wconf 76' lang='grc' dir='ltr'><strong><em>γὰρ</em></strong></span> <span class='ocrx_word' id='word_1_32' title='bbox 831 873 1300 959; x_wconf 79' lang='grc' dir='ltr'><strong><em>ἀνεξέλεγκτον</em></strong></span> <span class='ocrx_word' id='word_1_33' title='bbox 1356 874 1699 957; x_wconf 86' lang='grc' dir='ltr'><strong><em>ἀπόφασιν</em></strong></span> <span class='ocrx_word' id='word_1_34' title='bbox 1760 876 2143 961; x_wconf 68' lang='grc' dir='ltr'><strong><em>εἰσηγούμε-</em></strong></span> 
     </span>
     <span class='ocr_line' id='line_1_7' title="bbox 163 979 2141 1067; baseline -0.001 -17"><span class='ocrx_word' id='word_1_35' title='bbox 163 1018 193 1059; x_wconf 80' lang='lat'><strong>5</strong></span> <span class='ocrx_word' id='word_1_36' title='bbox 218 1009 357 1067; x_wconf 84' lang='grc' dir='ltr'><strong><em>νοι,</em></strong></span> <span class='ocrx_word' id='word_1_37' title='bbox 428 982 539 1050; x_wconf 86' lang='grc' dir='ltr'><strong><em>καὶ</em></strong></span> <span class='ocrx_word' id='word_1_38' title='bbox 604 985 728 1067; x_wconf 85' lang='grc' dir='ltr'><strong><em>τὴν</em></strong></span> <span class='ocrx_word' id='word_1_39' title='bbox 793 981 1106 1066; x_wconf 85' lang='grc' dir='ltr'><strong><em>ἀοίκητον</em></strong></span> <span class='ocrx_word' id='word_1_40' title='bbox 1173 983 1401 1067; x_wconf 80' lang='grc' dir='ltr'><strong><em>χώραν</em></strong></span> <span class='ocrx_word' id='word_1_41' title='bbox 1473 980 1715 1065; x_wconf 80' lang='grc' dir='ltr'><strong><em>μεταξὺ</em></strong></span> <span class='ocrx_word' id='word_1_42' title='bbox 1779 979 2141 1066; x_wconf 80' lang='grc' dir='ltr'><strong><em>τιθέμενοι,</em></strong></span> 
     </span>
     <span class='ocr_line' id='line_1_8' title="bbox 216 1073 2145 1176; baseline -0.001 -20"><span class='ocrx_word' id='word_1_43' title='bbox 216 1092 422 1176; x_wconf 79' lang='grc' dir='ltr'><strong><em>ταύτῃ</em></strong></span> <span class='ocrx_word' id='word_1_44' title='bbox 477 1073 963 1174; x_wconf 71' lang='grc' dir='ltr'><strong><em>διαφεύξεσθαι</em></strong></span> <span class='ocrx_word' id='word_1_45' title='bbox 1027 1091 1185 1165; x_wconf 87' lang='grc' dir='ltr'><strong><em>τοὺς</em></strong></span> <span class='ocrx_word' id='word_1_46' title='bbox 1241 1088 1533 1174; x_wconf 77' lang='grc' dir='ltr'><strong><em>ἀκριβεῖς</em></strong></span> <span class='ocrx_word' id='word_1_47' title='bbox 1595 1085 1906 1173; x_wconf 78' lang='grc' dir='ltr'><strong><em>ἐλέγχους</em></strong></span> <span class='ocrx_word' id='word_1_48' title='bbox 1958 1092 2145 1173; x_wconf 84' lang='grc' dir='ltr'><strong><em>νομί-</em></strong></span> 
     </span>
     <span class='ocr_line' id='line_1_9' title="bbox 221 1181 2214 1280; baseline -0.001 -18"><span class='ocrx_word' id='word_1_49' title='bbox 221 1200 430 1275; x_wconf 79' lang='grc' dir='ltr'><strong><em>ζουσι·</em></strong></span> <span class='ocrx_word' id='word_1_50' title='bbox 496 1181 768 1262; x_wconf 85' lang='grc' dir='ltr'><strong><em>δίκαιον</em></strong></span> <span class='ocrx_word' id='word_1_51' title='bbox 814 1192 889 1261; x_wconf 76' lang='grc' dir='ltr'><strong><em>δὲ</em></strong></span> <span class='ocrx_word' id='word_1_52' title='bbox 951 1197 1109 1271; x_wconf 84' lang='grc' dir='ltr'><strong><em>τοὺς</em></strong></span> <span class='ocrx_word' id='word_1_53' title='bbox 1167 1197 1326 1280; x_wconf 89' lang='grc' dir='ltr'><strong><em>περί</em></strong></span> <span class='ocrx_word' id='word_1_54' title='bbox 1384 1218 1588 1260; x_wconf 87' lang='grc' dir='ltr'><strong><em>τινων</em></strong></span> <span class='ocrx_word' id='word_1_55' title='bbox 1644 1193 2144 1279; x_wconf 84' lang='grc' dir='ltr'><strong><em>διαβεβαιουμέ-</em></strong></span> <span class='ocrx_word' id='word_1_56' title='bbox 2182 1219 2214 1268; x_wconf 84' lang='lat'><em>6</em></span> 
     </span>
     <span class='ocr_line' id='line_1_10' title="bbox 217 1298 2142 1394; baseline -0.001 -26"><span class='ocrx_word' id='word_1_57' title='bbox 217 1326 380 1379; x_wconf 87' lang='grc' dir='ltr'><strong><em>νους</em></strong></span> <span class='ocrx_word' id='word_1_58' title='bbox 432 1302 474 1387; x_wconf 76' lang='grc' dir='ltr'>ἢ</span> <span class='ocrx_word' id='word_1_59' title='bbox 530 1303 653 1386; x_wconf 79' lang='grc' dir='ltr'><strong><em>τὴν</em></strong></span> <span class='ocrx_word' id='word_1_60' title='bbox 708 1301 1059 1387; x_wconf 83' lang='grc' dir='ltr'><strong><em>ἐνάργειαν</em></strong></span> <span class='ocrx_word' id='word_1_61' title='bbox 1112 1298 1520 1386; x_wconf 76' lang='grc' dir='ltr'><strong><em>παρέχεσθαι</em></strong></span> <span class='ocrx_word' id='word_1_62' title='bbox 1574 1309 2048 1394; x_wconf 71' lang='grc' dir='ltr'><strong><em>μαρτυροῦσαν</em></strong></span> <span class='ocrx_word' id='word_1_63' title='bbox 2101 1300 2142 1386; x_wconf 78' lang='grc' dir='ltr'><em>ἢ</em></span> 
     </span>
     <span class='ocr_line' id='line_1_11' title="bbox 218 1404 2143 1493; baseline 0.001 -19"><span class='ocrx_word' id='word_1_64' title='bbox 218 1410 334 1486; x_wconf 79' lang='grc' dir='ltr'><strong><em>τὰς</em></strong></span> <span class='ocrx_word' id='word_1_65' title='bbox 398 1408 763 1488; x_wconf 81' lang='grc' dir='ltr'><strong><em>ἀποδείξεις</em></strong></span> <span class='ocrx_word' id='word_1_66' title='bbox 827 1406 1191 1491; x_wconf 76' lang='grc' dir='ltr'><strong><em>λαμβάνειν</em></strong></span> <span class='ocrx_word' id='word_1_67' title='bbox 1250 1404 1318 1483; x_wconf 79' lang='grc' dir='ltr'><strong><em>ἐξ</em></strong></span> <span class='ocrx_word' id='word_1_68' title='bbox 1381 1405 1584 1491; x_wconf 82' lang='grc' dir='ltr'><strong><em>ἀρχῆς</em></strong></span> <span class='ocrx_word' id='word_1_69' title='bbox 1647 1405 2143 1493; x_wconf 80' lang='grc' dir='ltr'><strong><em>συγκεχωρημέ-</em></strong></span> 
     </span>
     <span class='ocr_line' id='line_1_12' title="bbox 134 1511 2141 1598; baseline 0.001 -18"><span class='ocrx_word' id='word_1_70' title='bbox 134 1550 193 1589; x_wconf 80' lang='lat'><strong><em>10</em></strong></span> <span class='ocrx_word' id='word_1_71' title='bbox 220 1529 358 1593; x_wconf 83' lang='grc' dir='ltr'><strong><em>νας.</em></strong></span> <span class='ocrx_word' id='word_1_72' title='bbox 432 1525 571 1591; x_wconf 79' lang='grc' dir='ltr'><strong><em>πῶς</em></strong></span> <span class='ocrx_word' id='word_1_73' title='bbox 609 1511 683 1579; x_wconf 72' lang='grc' dir='ltr'><strong><em>δὲ</em></strong></span> <span class='ocrx_word' id='word_1_74' title='bbox 729 1515 935 1598; x_wconf 85' lang='grc' dir='ltr'><strong><em>μόνος</em></strong></span> <span class='ocrx_word' id='word_1_75' title='bbox 980 1512 1017 1577; x_wconf 99' lang='lat'><em>6</em></span> <span class='ocrx_word' id='word_1_76' title='bbox 1055 1515 1303 1588; x_wconf 80' lang='grc' dir='ltr'><strong><em>Νεῖλος</em></strong></span> <span class='ocrx_word' id='word_1_77' title='bbox 1349 1511 1415 1590; x_wconf 77' lang='grc' dir='ltr'><strong><em>ἐξ</em></strong></span> <span class='ocrx_word' id='word_1_78' title='bbox 1463 1513 1715 1597; x_wconf 77' lang='grc' dir='ltr'><strong><em>ἐκείνης</em></strong></span> <span class='ocrx_word' id='word_1_79' title='bbox 1759 1524 1876 1598; x_wconf 79' lang='grc' dir='ltr'><strong><em>τῆς</em></strong></span> <span class='ocrx_word' id='word_1_80' title='bbox 1921 1517 2141 1582; x_wconf 88' lang='grc' dir='ltr'><strong><em>οἰκου-</em></strong></span> 
     </span>
     <span class='ocr_line' id='line_1_13' title="bbox 215 1615 2142 1705; baseline 0.001 -19"><span class='ocrx_word' id='word_1_81' title='bbox 215 1620 421 1705; x_wconf 80' lang='grc' dir='ltr'><strong><em>μένης</em></strong></span> <span class='ocrx_word' id='word_1_82' title='bbox 467 1618 737 1705; x_wconf 81' lang='grc' dir='ltr'><strong><em>φέρεται</em></strong></span> <span class='ocrx_word' id='word_1_83' title='bbox 792 1620 960 1703; x_wconf 88' lang='grc' dir='ltr'><strong><em>πρὸς</em></strong></span> <span class='ocrx_word' id='word_1_84' title='bbox 1003 1620 1161 1694; x_wconf 82' lang='grc' dir='ltr'><strong><em>τοὺς</em></strong></span> <span class='ocrx_word' id='word_1_85' title='bbox 1204 1615 1360 1683; x_wconf 89' lang='grc' dir='ltr'><strong><em>καθ’</em></strong></span> <span class='ocrx_word' id='word_1_86' title='bbox 1415 1617 1584 1701; x_wconf 79' lang='grc' dir='ltr'><strong><em>ἡμᾶς</em></strong></span> <span class='ocrx_word' id='word_1_87' title='bbox 1636 1621 1908 1699; x_wconf 82' lang='grc' dir='ltr'><strong><em>τόπους;</em></strong></span> <span class='ocrx_word' id='word_1_88' title='bbox 1966 1624 2142 1699; x_wconf 91' lang='grc' dir='ltr'><strong><em>εἰκὸς</em></strong></span> 
     </span>
     <span class='ocr_line' id='line_1_14' title="bbox 216 1720 2136 1812; baseline 0.001 -22"><span class='ocrx_word' id='word_1_89' title='bbox 216 1728 347 1808; x_wconf 79' lang='grc' dir='ltr'><strong><em>γὰρ</em></strong></span> <span class='ocrx_word' id='word_1_90' title='bbox 395 1720 566 1789; x_wconf 82' lang='grc' dir='ltr'><strong><em>εἶναι</em></strong></span> <span class='ocrx_word' id='word_1_91' title='bbox 610 1721 722 1789; x_wconf 84' lang='grc' dir='ltr'><strong><em>καὶ</em></strong></span> <span class='ocrx_word' id='word_1_92' title='bbox 769 1721 1033 1809; x_wconf 80' lang='grc' dir='ltr'><strong><em>ἑτέρους</em></strong></span> <span class='ocrx_word' id='word_1_93' title='bbox 1077 1723 1461 1807; x_wconf 58' lang='grc' dir='ltr'><strong><em>ποταμούς,ι</em></strong></span> <span class='ocrx_word' id='word_1_94' title='bbox 1484 1724 1786 1809; x_wconf 88' lang='grc' dir='ltr'><strong><em>καθάπερ</em></strong></span> <span class='ocrx_word' id='word_1_95' title='bbox 1827 1725 1937 1791; x_wconf 85' lang='grc' dir='ltr'><strong><em>καὶ</em></strong></span> <span class='ocrx_word' id='word_1_96' title='bbox 1980 1723 2136 1812; x_wconf 87' lang='grc' dir='ltr'><strong><em>παρ’</em></strong></span> 
     </span>
     <span class='ocr_line' id='line_1_15' title="bbox 218 1826 2211 1914; baseline 0.002 -20"><span class='ocrx_word' id='word_1_97' title='bbox 218 1830 399 1914; x_wconf 79' lang='grc' dir='ltr'><strong><em>ἡμῖν.</em></strong></span> <span class='ocrx_word' id='word_1_98' title='bbox 467 1830 533 1913; x_wconf 82' lang='grc' dir='ltr'><strong><em>-ἥ</em></strong></span> <span class='ocrx_word' id='word_1_99' title='bbox 595 1852 664 1896; x_wconf 89' lang='grc' dir='ltr'><strong><em>τε</em></strong></span> <span class='ocrx_word' id='word_1_100' title='bbox 727 1838 842 1913; x_wconf 81' lang='grc' dir='ltr'><strong><em>τῆς</em></strong></span> <span class='ocrx_word' id='word_1_101' title='bbox 904 1826 1058 1914; x_wconf 79' lang='grc' dir='ltr'><strong><em>περὶ</em></strong></span> <span class='ocrx_word' id='word_1_102' title='bbox 1119 1831 1195 1895; x_wconf 88' lang='grc' dir='ltr'><strong><em>τὸ</em></strong></span> <span class='ocrx_word' id='word_1_103' title='bbox 1258 1829 1446 1914; x_wconf 75' lang='grc' dir='ltr'><strong><em>ὕδωρ</em></strong></span> <span class='ocrx_word' id='word_1_104' title='bbox 1505 1830 1910 1913; x_wconf 78' lang='grc' dir='ltr'><strong><em>γλυκύτητος</em></strong></span> <span class='ocrx_word' id='word_1_105' title='bbox 1967 1834 2142 1898; x_wconf 86' lang='grc' dir='ltr'><strong><em>αἰτία</em></strong></span> <span class='ocrx_word' id='word_1_106' title='bbox 2181 1854 2211 1903; x_wconf 79' lang='lat'>7</span> 
     </span>
     <span class='ocr_line' id='line_1_16' title="bbox 216 1935 2143 2023; baseline 0.001 -22"><span class='ocrx_word' id='word_1_107' title='bbox 216 1941 559 2014; x_wconf 81' lang='grc' dir='ltr'><strong><em>παντελῶς</em></strong></span> <span class='ocrx_word' id='word_1_108' title='bbox 621 1937 875 2020; x_wconf 73' lang='grc' dir='ltr'><strong><em>ἄλογος.</em></strong></span> <span class='ocrx_word' id='word_1_109' title='bbox 978 1936 1045 2003; x_wconf 89' lang='grc' dir='ltr'><strong><em>εἰ</em></strong></span> <span class='ocrx_word' id='word_1_110' title='bbox 1100 1937 1229 2023; x_wconf 75' lang='grc' dir='ltr'><strong><em>γάρ</em></strong></span> <span class='ocrx_word' id='word_1_111' title='bbox 1293 1938 1755 2020; x_wconf 82' lang='grc' dir='ltr'><strong><em>καθεψόμενος</em></strong></span> <span class='ocrx_word' id='word_1_112' title='bbox 1815 1935 1946 2002; x_wconf 79' lang='grc' dir='ltr'><strong><em>ὑπὸ</em></strong></span> <span class='ocrx_word' id='word_1_113' title='bbox 2010 1948 2143 2003; x_wconf 78' lang='grc' dir='ltr'><strong><em>τῶν</em></strong></span> 
     </span>
     <span class='ocr_line' id='line_1_17' title="bbox 131 2043 2145 2129; baseline 0 -20"><span class='ocrx_word' id='word_1_114' title='bbox 131 2080 187 2120; x_wconf 78' lang='lat'><strong><em>15</em></strong></span> <span class='ocrx_word' id='word_1_115' title='bbox 214 2044 571 2129; x_wconf 78' lang='grc' dir='ltr'><strong><em>καυμάτων</em></strong></span> <span class='ocrx_word' id='word_1_116' title='bbox 626 2043 664 2109; x_wconf 96' lang='lat'><em>6</em></span> <span class='ocrx_word' id='word_1_117' title='bbox 717 2045 1009 2129; x_wconf 87' lang='grc' dir='ltr'><strong><em>ποταμὸς</em></strong></span> <span class='ocrx_word' id='word_1_118' title='bbox 1070 2043 1526 2128; x_wconf 80' lang='grc' dir='ltr'><strong><em>ἐγλυκαίνετο,</em></strong></span> <span class='ocrx_word' id='word_1_119' title='bbox 1590 2043 1967 2128; x_wconf 87' lang='grc' dir='ltr'><strong><em>πολύγονος</em></strong></span> <span class='ocrx_word' id='word_1_120' title='bbox 2021 2043 2145 2110; x_wconf 83' lang='grc' dir='ltr'><strong><em>οὐκ</em></strong></span> 
     </span>
     <span class='ocr_line' id='line_1_18' title="bbox 215 2145 2143 2236; baseline 0.001 -21"><span class='ocrx_word' id='word_1_121' title='bbox 215 2149 300 2216; x_wconf 80' lang='grc' dir='ltr'><strong><em>ἂν</em></strong></span> <span class='ocrx_word' id='word_1_122' title='bbox 345 2146 432 2234; x_wconf 81' lang='grc' dir='ltr'><strong><em>ἦν</em></strong></span> <span class='ocrx_word' id='word_1_123' title='bbox 476 2146 638 2216; x_wconf 72' lang='grc' dir='ltr'><strong><em>οὐδὲ</em></strong></span> <span class='ocrx_word' id='word_1_124' title='bbox 673 2154 975 2228; x_wconf 88' lang='grc' dir='ltr'><strong><em>ποικίλας</em></strong></span> <span class='ocrx_word' id='word_1_125' title='bbox 1012 2151 1273 2236; x_wconf 77' lang='grc' dir='ltr'><strong><em>ἰχθύων</em></strong></span> <span class='ocrx_word' id='word_1_126' title='bbox 1311 2148 1421 2216; x_wconf 83' lang='grc' dir='ltr'><strong><em>καὶ</em></strong></span> <span class='ocrx_word' id='word_1_127' title='bbox 1462 2152 1728 2236; x_wconf 87' lang='grc' dir='ltr'><strong><em>θηρίων</em></strong></span> <span class='ocrx_word' id='word_1_128' title='bbox 1765 2148 1945 2228; x_wconf 84' lang='grc' dir='ltr'><strong><em>ἰδέας</em></strong></span> <span class='ocrx_word' id='word_1_129' title='bbox 1981 2145 2143 2236; x_wconf 86' lang='grc' dir='ltr'><strong><em>εἶχε·</em></strong></span> 
     </span>
     <span class='ocr_line' id='line_1_19' title="bbox 213 2256 2141 2342; baseline 0 -19"><span class='ocrx_word' id='word_1_130' title='bbox 213 2265 349 2323; x_wconf 85' lang='grc' dir='ltr'><strong><em>πᾶν</em></strong></span> <span class='ocrx_word' id='word_1_131' title='bbox 400 2257 529 2342; x_wconf 79' lang='grc' dir='ltr'><strong><em>γὰρ</em></strong></span> <span class='ocrx_word' id='word_1_132' title='bbox 583 2256 771 2342; x_wconf 77' lang='grc' dir='ltr'><strong><em>ὕδωρ</em></strong></span> <span class='ocrx_word' id='word_1_133' title='bbox 825 2256 958 2322; x_wconf 83' lang='grc' dir='ltr'><strong><em>ὑπὸ</em></strong></span> <span class='ocrx_word' id='word_1_134' title='bbox 1014 2265 1131 2340; x_wconf 82' lang='grc' dir='ltr'><strong><em>τῆς</em></strong></span> <span class='ocrx_word' id='word_1_135' title='bbox 1183 2257 1543 2342; x_wconf 82' lang='grc' dir='ltr'><strong><em>πυρώδους</em></strong></span> <span class='ocrx_word' id='word_1_136' title='bbox 1602 2257 1868 2341; x_wconf 84' lang='grc' dir='ltr'><strong><em>φύσεως</em></strong></span> <span class='ocrx_word' id='word_1_137' title='bbox 1922 2256 2141 2323; x_wconf 87' lang='grc' dir='ltr'><strong><em>ἀλλοι-</em></strong></span> 
     </span>
     <span class='ocr_line' id='line_1_20' title="bbox 103 2360 2210 2451; baseline -0.001 -19"><span class='ocrx_word' id='word_1_138' title='bbox 103 2383 178 2433; x_wconf 77' lang='lat'><strong><em>50</em></strong></span> <span class='ocrx_word' id='word_1_139' title='bbox 217 2360 397 2429; x_wconf 73' lang='grc' dir='ltr'><strong><em>ωθὲν</em></strong></span> <span class='ocrx_word' id='word_1_140' title='bbox 471 2362 1000 2449; x_wconf 81' lang='grc' dir='ltr'><strong><em>ἀλλοτριώτατόν</em></strong></span> <span class='ocrx_word' id='word_1_141' title='bbox 1073 2362 1213 2428; x_wconf 79' lang='grc' dir='ltr'><strong><em>ἐστι</em></strong></span> <span class='ocrx_word' id='word_1_142' title='bbox 1290 2365 1662 2446; x_wconf 78' lang='grc' dir='ltr'><strong><em>ζωογονίας.</em></strong></span> <span class='ocrx_word' id='word_1_143' title='bbox 1754 2365 1988 2448; x_wconf 87' lang='grc' dir='ltr'><strong><em>διόπερ</em></strong></span> <span class='ocrx_word' id='word_1_144' title='bbox 2059 2372 2138 2449; x_wconf 78' lang='grc' dir='ltr'><strong><em>τῇ</em></strong></span> <span class='ocrx_word' id='word_1_145' title='bbox 2177 2401 2210 2451; x_wconf 86' lang='lat'>8</span> 
     </span>
     <span class='ocr_line' id='line_1_21' title="bbox 213 2467 2140 2556; baseline 0.002 -22"><span class='ocrx_word' id='word_1_146' title='bbox 213 2467 746 2556; x_wconf 82' lang='grc' dir='ltr'><strong><em>παρεισαγομένῃ</em></strong></span> <span class='ocrx_word' id='word_1_147' title='bbox 798 2472 1171 2554; x_wconf 82' lang='grc' dir='ltr'><strong><em>καθεψήσει</em></strong></span> <span class='ocrx_word' id='word_1_148' title='bbox 1224 2477 1342 2554; x_wconf 84' lang='grc' dir='ltr'><strong><em>τῆς</em></strong></span> <span class='ocrx_word' id='word_1_149' title='bbox 1397 2469 1665 2554; x_wconf 86' lang='grc' dir='ltr'><strong><em>φύσεως</em></strong></span> <span class='ocrx_word' id='word_1_150' title='bbox 1716 2480 1839 2536; x_wconf 89' lang='grc' dir='ltr'><strong><em>τοῦ</em></strong></span> <span class='ocrx_word' id='word_1_151' title='bbox 1886 2474 2140 2537; x_wconf 90' lang='grc' dir='ltr'><strong><em>Νείλου</em></strong></span> 
     </span>
     <span class='ocr_line' id='line_1_22' title="bbox 131 2574 2138 2664; baseline 0.002 -23"><span class='ocrx_word' id='word_1_152' title='bbox 131 2610 189 2650; x_wconf 78' lang='lat'><strong><em>20</em></strong></span> <span class='ocrx_word' id='word_1_153' title='bbox 216 2577 632 2642; x_wconf 85' lang='grc' dir='ltr'><strong><em>παντάπασιν</em></strong></span> <span class='ocrx_word' id='word_1_154' title='bbox 695 2574 1209 2661; x_wconf 79' lang='grc' dir='ltr'><strong><em>ἐναντιουμένης</em></strong></span> <span class='ocrx_word' id='word_1_155' title='bbox 1269 2578 1542 2655; x_wconf 71' lang='grc' dir='ltr'><strong><em>ψευδεῖς</em></strong></span> <span class='ocrx_word' id='word_1_156' title='bbox 1613 2576 1729 2653; x_wconf 77' lang='grc' dir='ltr'><strong><em>τὰς</em></strong></span> <span class='ocrx_word' id='word_1_157' title='bbox 1791 2578 2138 2664; x_wconf 78' lang='grc' dir='ltr'><strong><em>εἰρημένας</em></strong></span> 
     </span>
     <span class='ocr_line' id='line_1_23' title="bbox 216 2679 2235 2770; baseline 0 -22"><span class='ocrx_word' id='word_1_158' title='bbox 216 2683 430 2760; x_wconf 78' lang='grc' dir='ltr'><strong><em>αἰτίας</em></strong></span> <span class='ocrx_word' id='word_1_159' title='bbox 453 2691 570 2767; x_wconf 83' lang='grc' dir='ltr'><strong><em>τῆς</em></strong></span> <span class='ocrx_word' id='word_1_160' title='bbox 596 2684 995 2770; x_wconf 78' lang='grc' dir='ltr'><strong><em>πληρώσεως</em></strong></span> <span class='ocrx_word' id='word_1_161' title='bbox 1029 2680 1334 2766; x_wconf 74' lang='grc' dir='ltr'><strong><em>ἡγητέον.</em></strong></span> <span class='ocrx_word' id='word_1_162' title='bbox 1412 2683 1777 2767; x_wconf 85' lang='grc' dir='ltr'><strong><em>Οἰνοπίδης</em></strong></span> <span class='ocrx_word' id='word_1_163' title='bbox 1805 2679 1878 2749; x_wconf 72' lang='grc' dir='ltr'><strong><em>δὲ</em></strong></span> <span class='ocrx_word' id='word_1_164' title='bbox 1908 2683 1944 2749; x_wconf 92' lang='lat'><em>6</em></span> <span class='ocrx_word' id='word_1_165' title='bbox 1974 2686 2137 2763; x_wconf 77' lang='grc' dir='ltr'><strong><em>Χῖός</em></strong></span> <span class='ocrx_word' id='word_1_166' title='bbox 2153 2685 2235 2749; x_wconf 91' lang='grc'><strong><em>41</em></strong></span> 
     </span>
     <span class='ocr_line' id='line_1_24' title="bbox 214 2786 2138 2875; baseline 0.002 -20"><span class='ocrx_word' id='word_1_167' title='bbox 214 2806 382 2874; x_wconf 82' lang='grc' dir='ltr'><strong><em>φησι</em></strong></span> <span class='ocrx_word' id='word_1_168' title='bbox 426 2791 591 2856; x_wconf 77' lang='grc' dir='ltr'><strong><em>κατὰ</em></strong></span> <span class='ocrx_word' id='word_1_169' title='bbox 650 2786 774 2873; x_wconf 73' lang='grc' dir='ltr'><strong><em>μὲν</em></strong></span> <span class='ocrx_word' id='word_1_170' title='bbox 818 2791 943 2873; x_wconf 86' lang='grc' dir='ltr'><strong><em>τὴν</em></strong></span> <span class='ocrx_word' id='word_1_171' title='bbox 996 2790 1281 2875; x_wconf 79' lang='grc' dir='ltr'><strong><em>θερινὴν</em></strong></span> <span class='ocrx_word' id='word_1_172' title='bbox 1337 2790 1521 2875; x_wconf 77' lang='grc' dir='ltr'><strong><em>ὥραν</em></strong></span> <span class='ocrx_word' id='word_1_173' title='bbox 1575 2789 1656 2854; x_wconf 76' lang='grc' dir='ltr'><strong><em>τὰ</em></strong></span> <span class='ocrx_word' id='word_1_174' title='bbox 1708 2788 1921 2856; x_wconf 74' lang='grc' dir='ltr'><strong><em>ὕδατα</em></strong></span> <span class='ocrx_word' id='word_1_175' title='bbox 1973 2794 2138 2858; x_wconf 77' lang='grc' dir='ltr'><strong><em>κατὰ</em></strong></span> 
     </span>
     <span class='ocr_line' id='line_1_25' title="bbox 210 2890 2138 2981; baseline 0.001 -20"><span class='ocrx_word' id='word_1_176' title='bbox 210 2896 336 2979; x_wconf 85' lang='grc' dir='ltr'><strong><em>τὴν</em></strong></span> <span class='ocrx_word' id='word_1_177' title='bbox 386 2905 514 2980; x_wconf 80' lang='grc' dir='ltr'><strong><em>γῆν</em></strong></span> <span class='ocrx_word' id='word_1_178' title='bbox 560 2890 733 2961; x_wconf 84' lang='grc' dir='ltr'><strong><em>εἶναι</em></strong></span> <span class='ocrx_word' id='word_1_179' title='bbox 777 2897 1030 2981; x_wconf 83' lang='grc' dir='ltr'><strong><em>ψυχρά,</em></strong></span> <span class='ocrx_word' id='word_1_180' title='bbox 1085 2905 1207 2960; x_wconf 83' lang='grc' dir='ltr'><strong><em>τοῦ</em></strong></span> <span class='ocrx_word' id='word_1_181' title='bbox 1261 2892 1335 2961; x_wconf 74' lang='grc' dir='ltr'><strong><em>δὲ</em></strong></span> <span class='ocrx_word' id='word_1_182' title='bbox 1378 2906 1698 2981; x_wconf 80' lang='grc' dir='ltr'><strong><em>χειμῶνος</em></strong></span> <span class='ocrx_word' id='word_1_183' title='bbox 1743 2897 2138 2964; x_wconf 87' lang='grc' dir='ltr'><strong><em>τούναντίον</em></strong></span> 
     </span>
     <span class='ocr_line' id='line_1_26' title="bbox 210 2999 2138 3088; baseline 0 -20"><span class='ocrx_word' id='word_1_184' title='bbox 210 3003 463 3088; x_wconf 85' lang='grc' dir='ltr'><strong><em>θερμά,</em></strong></span> <span class='ocrx_word' id='word_1_185' title='bbox 522 2999 635 3067; x_wconf 86' lang='grc' dir='ltr'><strong><em>καὶ</em></strong></span> <span class='ocrx_word' id='word_1_186' title='bbox 686 3010 885 3068; x_wconf 84' lang='grc' dir='ltr'><strong><em>τοῦτο</em></strong></span> <span class='ocrx_word' id='word_1_187' title='bbox 942 3002 1231 3086; x_wconf 79' lang='grc' dir='ltr'><strong><em>εὔδηλον</em></strong></span> <span class='ocrx_word' id='word_1_188' title='bbox 1287 2999 1394 3066; x_wconf 78' lang='grc' dir='ltr'><strong><em>ἐπὶ</em></strong></span> <span class='ocrx_word' id='word_1_189' title='bbox 1438 3012 1574 3068; x_wconf 76' lang='grc' dir='ltr'><strong><em>τῶν</em></strong></span> <span class='ocrx_word' id='word_1_190' title='bbox 1619 3000 1890 3085; x_wconf 83' lang='grc' dir='ltr'><strong><em>βαθέων</em></strong></span> <span class='ocrx_word' id='word_1_191' title='bbox 1934 3005 2138 3088; x_wconf 81' lang='grc' dir='ltr'><strong><em>φρεά-</em></strong></span> 
     </span>
     <span class='ocr_line' id='line_1_27' title="bbox 130 3105 2137 3193; baseline -0.001 -18"><span class='ocrx_word' id='word_1_192' title='bbox 130 3140 183 3183; x_wconf 82' lang='lat'><strong><em>25</em></strong></span> <span class='ocrx_word' id='word_1_193' title='bbox 210 3133 347 3175; x_wconf 87' lang='grc' dir='ltr'><strong><em>των</em></strong></span> <span class='ocrx_word' id='word_1_194' title='bbox 400 3111 739 3193; x_wconf 87' lang='grc' dir='ltr'><strong><em>γίνεσθαι·</em></strong></span> <span class='ocrx_word' id='word_1_195' title='bbox 803 3109 968 3173; x_wconf 77' lang='grc' dir='ltr'><strong><em>κατὰ</em></strong></span> <span class='ocrx_word' id='word_1_196' title='bbox 1021 3105 1144 3193; x_wconf 72' lang='grc' dir='ltr'><strong><em>μὲν</em></strong></span> <span class='ocrx_word' id='word_1_197' title='bbox 1177 3110 1326 3192; x_wconf 75' lang='grc' dir='ltr'><strong><em>γὰρ</em></strong></span> <span class='ocrx_word' id='word_1_198' title='bbox 1385 3108 1508 3192; x_wconf 82' lang='grc' dir='ltr'><strong><em>τὴν</em></strong></span> <span class='ocrx_word' id='word_1_199' title='bbox 1564 3107 1779 3192; x_wconf 84' lang='grc' dir='ltr'><strong><em>ἀκμὴν</em></strong></span> <span class='ocrx_word' id='word_1_200' title='bbox 1831 3118 1953 3174; x_wconf 86' lang='grc' dir='ltr'><strong><em>τοῦ</em></strong></span> <span class='ocrx_word' id='word_1_201' title='bbox 2006 3132 2137 3192; x_wconf 89' lang='grc' dir='ltr'><strong><em>χει-</em></strong></span> 
     </span>
     <span class='ocr_line' id='line_1_28' title="bbox 209 3213 2135 3300; baseline -0.003 -19"><span class='ocrx_word' id='word_1_202' title='bbox 209 3226 435 3300; x_wconf 75' lang='grc' dir='ltr'><strong><em>μῶνος</em></strong></span> <span class='ocrx_word' id='word_1_203' title='bbox 479 3216 715 3299; x_wconf 80' lang='grc' dir='ltr'><strong><em>ἥκιστα</em></strong></span> <span class='ocrx_word' id='word_1_204' title='bbox 759 3216 834 3280; x_wconf 86' lang='grc' dir='ltr'><strong><em>τὸ</em></strong></span> <span class='ocrx_word' id='word_1_205' title='bbox 879 3213 1065 3300; x_wconf 75' lang='grc' dir='ltr'><strong><em>ὕδωρ</em></strong></span> <span class='ocrx_word' id='word_1_206' title='bbox 1113 3214 1187 3280; x_wconf 79' lang='grc' dir='ltr'><strong><em>ἐν</em></strong></span> <span class='ocrx_word' id='word_1_207' title='bbox 1224 3213 1452 3291; x_wconf 78' lang='grc' dir='ltr'><strong><em>αὐτοῖς</em></strong></span> <span class='ocrx_word' id='word_1_208' title='bbox 1496 3214 1820 3299; x_wconf 84' lang='grc' dir='ltr'><strong><em>ὑπάρχειν</em></strong></span> <span class='ocrx_word' id='word_1_209' title='bbox 1854 3215 2135 3295; x_wconf 82' lang='grc' dir='ltr'><strong><em>ψυχρόν,</em></strong></span> 
     </span>
     <span class='ocr_line' id='line_1_29' title="bbox 208 3316 2138 3405; baseline -0.006 -17"><span class='ocrx_word' id='word_1_210' title='bbox 208 3323 375 3388; x_wconf 80' lang='grc' dir='ltr'><strong><em>κατὰ</em></strong></span> <span class='ocrx_word' id='word_1_211' title='bbox 421 3317 496 3387; x_wconf 73' lang='grc' dir='ltr'><strong><em>δὲ</em></strong></span> <span class='ocrx_word' id='word_1_212' title='bbox 539 3322 623 3386; x_wconf 79' lang='grc' dir='ltr'><strong><em>τὰ</em></strong></span> <span class='ocrx_word' id='word_1_213' title='bbox 666 3319 939 3405; x_wconf 85' lang='grc' dir='ltr'><strong><em>μέγιστα</em></strong></span> <span class='ocrx_word' id='word_1_214' title='bbox 984 3322 1283 3405; x_wconf 89' lang='grc' dir='ltr'><strong><em>καύματα</em></strong></span> <span class='ocrx_word' id='word_1_215' title='bbox 1339 3322 1757 3404; x_wconf 81' lang='grc' dir='ltr'><strong><em>ψυχρότατον</em></strong></span> <span class='ocrx_word' id='word_1_216' title='bbox 1803 3317 1869 3395; x_wconf 79' lang='grc' dir='ltr'><strong><em>ἐξ</em></strong></span> <span class='ocrx_word' id='word_1_217' title='bbox 1916 3316 2138 3380; x_wconf 83' lang='grc' dir='ltr'><strong><em>αὐτῶν</em></strong></span> 
     </span>
    </p>
   </div>
   <div class='ocr_carea' id='block_1_4' title="bbox 207 3488 2137 3722">
    <p class='ocr_par' dir='ltr' id='par_1_4' title="bbox 207 3488 2137 3722">
     <span class='ocr_line' id='line_1_30' title="bbox 353 3488 2137 3589; baseline -0.007 -21"><span class='ocrx_word' id='word_1_218' title='bbox 353 3519 386 3568; x_wconf 80' lang='grc'>2</span> <span class='ocrx_word' id='word_1_219' title='bbox 427 3488 731 3582; x_wconf 73' lang='grc' dir='ltr'><strong><em>ἐνάργειαν</em></strong></span> <span class='ocrx_word' id='word_1_220' title='bbox 760 3512 811 3566; x_wconf 87' lang='lat' dir='ltr'>A</span> <span class='ocrx_word' id='word_1_221' title='bbox 840 3516 899 3568; x_wconf 74' lang='lat' dir='ltr'><strong><em>et</em></strong></span> <span class='ocrx_word' id='word_1_222' title='bbox 931 3512 981 3566; x_wconf 94' lang='lat' dir='ltr'>D</span> <span class='ocrx_word' id='word_1_223' title='bbox 1018 3513 1080 3566; x_wconf 87' lang='lat' dir='ltr'><strong><em>in</em></strong></span> <span class='ocrx_word' id='word_1_224' title='bbox 1116 3512 1372 3581; x_wconf 81' lang='lat' dir='ltr'>margine</span> <span class='ocrx_word' id='word_1_225' title='bbox 1409 3528 1480 3565; x_wconf 89' lang='lat' dir='ltr'><strong><em>m.</em></strong></span> <span class='ocrx_word' id='word_1_226' title='bbox 1514 3518 1589 3579; x_wconf 87' lang='lat'><strong><em>1.,</em></strong></span> <span class='ocrx_word' id='word_1_227' title='bbox 1629 3505 1923 3574; x_wconf 78' lang='grc' dir='ltr'><strong><em>ἐνέργειαν</em></strong></span> <span class='ocrx_word' id='word_1_228' title='bbox 1963 3500 2137 3589; x_wconf 54' lang='lat' dir='ltr'>cetegi</span> 
     </span>
     <span class='ocr_line' id='line_1_31' title="bbox 207 3574 2135 3654; baseline -0.008 -15"><span class='ocrx_word' id='word_1_229' title='bbox 207 3589 243 3639; x_wconf 88' lang='lat'>8</span> <span class='ocrx_word' id='word_1_230' title='bbox 283 3580 578 3654; x_wconf 72' lang='grc' dir='ltr'><strong><em>ἐνέργειαν</em></strong></span> <span class='ocrx_word' id='word_1_231' title='bbox 620 3583 728 3640; x_wconf 81' lang='lat' dir='ltr'><strong><em>OF</em></strong></span> <span class='ocrx_word' id='word_1_232' title='bbox 888 3591 954 3639; x_wconf 78' lang='lat'><strong><em>1⁴¹1</em></strong></span> <span class='ocrx_word' id='word_1_233' title='bbox 992 3578 1109 3638; x_wconf 76' lang='grc' dir='ltr'><strong><em>ἀπὸ</em></strong></span> <span class='ocrx_word' id='word_1_234' title='bbox 1146 3582 1195 3635; x_wconf 94' lang='lat' dir='ltr'>D</span> <span class='ocrx_word' id='word_1_235' title='bbox 1361 3586 1429 3634; x_wconf 78' lang='lat'><strong><em>23</em></strong></span> <span class='ocrx_word' id='word_1_236' title='bbox 1466 3579 1569 3648; x_wconf 82' lang='grc' dir='ltr'><strong><em>τὴν</em></strong></span> <span class='ocrx_word' id='word_1_237' title='bbox 1607 3597 1714 3633; x_wconf 83' lang='lat' dir='ltr'><strong><em>om.</em></strong></span> <span class='ocrx_word' id='word_1_238' title='bbox 1757 3574 1862 3629; x_wconf 78' lang='lat' dir='ltr'><strong><em>OF</em></strong></span> <span class='ocrx_word' id='word_1_239' title='bbox 2009 3591 2135 3627; x_wconf 83' lang='grc' dir='ltr'><strong><em>του-</em></strong></span> 
     </span>
     <span class='ocr_line' id='line_1_32' title="bbox 207 3644 1700 3722; baseline -0.007 -12"><span class='ocrx_word' id='word_1_240' title='bbox 207 3657 442 3711; x_wconf 72' lang='grc' dir='ltr'><strong><em>ναντεόν</em></strong></span> <span class='ocrx_word' id='word_1_241' title='bbox 480 3673 589 3711; x_wconf 82' lang='lat' dir='ltr'><strong><em>om.</em></strong></span> <span class='ocrx_word' id='word_1_242' title='bbox 628 3652 713 3710; x_wconf 75' lang='lat' dir='ltr'><strong><em>OF</em></strong></span> <span class='ocrx_word' id='word_1_243' title='bbox 859 3661 930 3709; x_wconf 81' lang='lat'><strong><em>24</em></strong></span> <span class='ocrx_word' id='word_1_244' title='bbox 967 3649 1238 3722; x_wconf 72' lang='grc' dir='ltr'><strong><em>εὔδηλον]</em></strong></span> <span class='ocrx_word' id='word_1_245' title='bbox 1280 3644 1605 3718; x_wconf 65' lang='grc' dir='ltr'><strong><em>εὖφάνερον</em></strong></span> <span class='ocrx_word' id='word_1_246' title='bbox 1632 3649 1700 3701; x_wconf 66' lang='grc' dir='ltr'><strong><em>Π.</em></strong></span> 
     </span>
    </p>
   </div>
  </div>
 </body>
</html>
