2569 4061
377 375 512 441 454
1045 371 1353 428 DIODORI
1390 369 1623 426 SICULI

380 538 491 602 διὰ
544 537 668 619 τὴν
724 536 1007 620 ὀξύτητα
1065 544 1181 618 τῆς
1235 540 1491 619 πληγῆς
1554 533 1764 610 εὐθὺς
1823 532 2306 617 ἀποθνήσκων,

375 645 584 728 ἔφησε
632 653 711 729 τῇ
750 645 1123 729 Δηιανείρᾳ
1162 643 1406 707 δώσειν
1445 644 1752 727 φίλτρον,
1799 639 1977 717 ὅπως
2013 641 2307 728 μηδεμιᾷ

371 760 511 815 τῶν
567 752 789 816 ἄλλων
845 760 1182 837 γυναικῶν
1218 746 1554 834 Ἡρακλῆς
1608 749 1863 833 θελήσῃ
1919 749 2302 832 πλησιάσαι.

303 877 336 926 5
374 858 899 944 παρεκελεύσατο
948 851 1073 922 οὖν
1118 859 1461 939 λαβοῦσαν
1506 856 1626 920 τὸν
1663 854 1730 934 ἐξ
1768 853 1976 919 αὑτοῦ
2012 857 2306 920 πεσόντα

375 967 615 1048 γόνον,
672 963 784 1030 καὶ
835 964 1049 1053 τούτω
1096 961 1558 1049 προσμίξασαν
1614 964 1840 1027 ἔλαιον
1883 959 1996 1026 καὶ
2050 963 2125 1027 τὸ
2173 961 2302 1027 ἀπὸ
2336 976 2367 1018 5

375 1081 492 1155 τῆς
538 1070 766 1148 ἀκίδος
810 1069 1180 1148 ἀποστάζον
1227 1061 1410 1154 αἷμα,
1458 1078 1684 1156 χρῖσαι
1727 1068 1846 1133 τὸν
1890 1079 2137 1153 χιτῶνα
2180 1078 2303 1134 τοῦ

367 1173 788 1261 Ἡρακλέους.
882 1169 1077 1251 οὗτος
1122 1171 1245 1258 μὲν
1303 1168 1430 1239 οὖν
1472 1175 1724 1259 ταύτην
1777 1174 1901 1257 τὴν
1946 1173 2303 1259 ὑποθήκην

366 1284 541 1358 δοὺς
603 1290 682 1365 τῇ
740 1284 1112 1366 Δηιανείρᾳ
1165 1289 1564 1366 παραχρῆμα
1628 1279 2034 1359 ἐξέπνευσεν.
2122 1280 2164 1363 ἡ
2223 1278 2303 1346 δὲ

375 1388 539 1453 κατὰ
583 1388 707 1470 τὴν
760 1385 1133 1472 γενομένην
1175 1387 1309 1452 ὑπὸ
1359 1396 1482 1456 τοῦ
1528 1386 1801 1454 Νέσσου
1846 1389 2300 1474 παραγγελίαν

375 1496 469 1570 εἰς
534 1494 738 1576 ἄγγος
793 1493 1221 1578 ἀναλαβοῦσα
1276 1495 1396 1558 τὸν
1452 1496 1689 1578 γόνον,
1754 1491 1867 1559 καὶ
1919 1495 2043 1577 τὴν
2104 1494 2300 1561 ἀκίδα
2335 1509 2390 1549 10

374 1601 643 1684 βάψασα
654 1649 697 1686 ,0
741 1601 964 1688 λάθρα
1018 1610 1139 1666 τοῦ
1187 1596 1594 1688 Ἡρακλέους
1658 1600 2040 1686 ἐφύλαττεν.
2134 1602 2170 1668 ὁ
2227 1599 2301 1667 δὲ

377 1710 615 1792 διαβὰς
677 1710 796 1775 τὸν
859 1710 1160 1793 ποταμὸν
1222 1710 1589 1792 κατήντησε
1655 1711 1819 1794 πρὸς
1881 1711 2118 1792 Κήυκα
2180 1710 2299 1774 τὸν
2361 1738 2366 1739 ’

375 1823 491 1899 τῆς
534 1817 861 1901 Τραχῖνος
906 1812 1202 1898 βασιλέα,
1249 1811 1361 1879 καὶ
1405 1815 1567 1899 μετὰ
1611 1813 1857 1879 τούτου
1895 1811 2294 1902 κατῴκησεν,

374 1924 545 2006 ἔχων
589 1923 747 1998 τοὺς
793 1920 895 1986 ἀεὶ
942 1921 1510 2006 συστρατεύοντας
1553 1930 1689 1985 τῶν
1729 1914 2078 2006 Ἀρκάδων.

268 2026 352 2093 37
537 2028 729 2094 Μετα
758 2024 831 2093 δὲ
859 2036 1064 2093 ταῦτα
1090 2028 1438 2105 Φύλαντος
1464 2036 1586 2093 τοῦ
1607 2029 1947 2114 Δρυόπων
1972 2023 2293 2111 βασιλέως
2329 2040 2385 2081 15

376 2136 694 2215 δόξαντος
738 2136 832 2212 είς
868 2136 943 2200 τὸ
981 2134 1055 2200 ἐν
1094 2139 1395 2220 Δελφοῖς
1441 2135 1623 2223 ἱερὸν
1659 2132 2295 2221 παρανενομηκέναι,

374 2242 778 2326 στρατεύσας
815 2242 974 2326 μετα
1009 2241 1334 2326 Μηλιέων
1370 2244 1489 2306 τόν
1524 2264 1595 2306 τε
1630 2239 1907 2325 βασιλέα
1943 2252 2078 2308 τῶν
2113 2248 2298 2328 Δρυ-

375 2351 561 2414 όπων
609 2348 828 2415 ἀνεῖλε
871 2346 984 2414 καὶ
1029 2352 1187 2425 τοὺς
1233 2350 1477 2425 άλλους
1528 2347 1600 2413 ἐκ
1645 2356 1762 2433 τῆς
1805 2350 2024 2434 χώρας
2069 2347 2298 2426 ἐξανα-

357 2458 622 2539 στήσας
694 2459 1032 2541 Μηλιεῦσι
1103 2454 1446 2543 παρέδωκε
1518 2456 1641 2538 τὴν
1704 2456 1960 2540 χώραν·
2033 2456 2158 2539 τὴν
2223 2451 2299 2521 δὲ

379 2563 726 2639 Φύλαντος
779 2560 1120 2648 θυγατέρα
1175 2564 1401 2645 λαβὼν
1456 2562 1873 2645 αἰχμάλωτον
1927 2560 2039 2628 καὶ
2084 2559 2300 2646 μιγεὶς
2328 2573 2382 2613 2⁰

373 2667 541 2751 αὐτῇ
578 2668 733 2733 υἱὸν
764 2663 1104 2752 Ἀντίοχον
1142 2666 1516 2751 ἐγέννησεν.
1590 2666 1906 2734 ἐτέκνωσε
1946 2664 2021 2732 δὲ
2057 2667 2171 2735 καὶ
2206 2666 2280 2733 ἐκ
2300 2681 2410 2733 282

370 2779 487 2855 τῆς
541 2776 947 2858 Δηιανείρας
1010 2771 1375 2859 νεωτέρους
1437 2783 1559 2840 τοῦ
1599 2772 1841 2839 ’Τλλου
1895 2775 2087 2852 υἱοὺς
2148 2776 2297 2859 δύο,

300 2899 332 2947 2
377 2878 637 2962 Γληνέα
671 2876 784 2944 καὶ
803 2873 1083 2964 Οδίτην.
1138 2890 1274 2945 τῶν
1314 2879 1373 2945 δ’
1411 2880 1824 2947 ἐκπεσόντων
1853 2884 2194 2967 Δρυόπων
2232 2883 2308 2947 οἷ

374 2981 496 3070 μὲν
542 2988 638 3064 εἰς
690 2988 813 3071 τὴν
857 2987 1158 3070 Εὔβοιαν
1210 2989 1737 3072 καταντήσαντες
1782 2991 2049 3055 ἔκτισαν
2097 2990 2299 3053 πόλιν

370 3094 752 3180 Κάρυστον,
800 3094 871 3159 οἰ
912 3092 972 3159 δ’
1009 3095 1104 3171 είς
1140 3095 1424 3182 Κύπρον
1468 3097 1594 3179 τὴν
1638 3103 1851 3179 νῆσον
1894 3095 2300 3172 πλεύσαντες
2328 3106 2383 3147 25

369 3198 482 3265 καὶ
508 3212 648 3278 τοῖς
677 3200 1020 3286 ἐγχωρίοις
1048 3200 1528 3286 ἀναμιχθέντες
1557 3200 1855 3267 ἐνταῦθα
1881 3198 2302 3290 κατῴκησαν,

370 3305 443 3367 οἱ
493 3300 568 3368 δὲ
626 3305 849 3370 λοιποὶ
903 3317 1038 3371 τῶν
1084 3310 1425 3393 Δρυόπων
1470 3311 1970 3394 καταφυγόντες
2024 3304 2131 3373 ἐπὶ
2174 3308 2300 3372 τὸν

290 3493 304 3502 .
370 3409 738 3494 Εὐρυσθέα
800 3414 1120 3495 βοηθείας
1182 3415 1422 3498 ἔτυχον
1491 3416 1602 3479 διὰ
1666 3416 1789 3499 τὴν
1853 3417 2109 3502 ἔχθραν
2170 3415 2300 3498 τὴν

366 3627 424 3677 ὃ
428 3560 605 3680 o‘ngt
556 3561 839 3698 ᾜὸῡοῃα.
876 3567 1031 3635 vulg.
1118 3591 1123 3594 ¹
1176 3575 1244 3623 21
1277 3566 1587 3640 Ἀντίλοχον
1624 3571 1674 3624 D
1821 3578 1890 3627 23
1935 3568 2191 3640 Ὁδείτην
2232 3569 2295 3640 O,
