2569 4061
5 200 16 233 ί

1 240 14 311 (1

1087 350 1167 404 ΙΙΙ
1205 357 1293 407 25.
1323 356 1409 405 26.
2070 351 2196 416 301

279 516 651 596 διαιροῦσι,
712 509 823 578 καὶ
876 514 1346 589 κατεσθίοντες
1409 510 1857 596 βεβιασμένως
1913 512 2203 597 ἀναπλη-

279 604 477 701 ροῦσι
520 620 644 702 τὴν
688 620 973 684 ἔνδειαν.
1036 622 1193 696 τοὺς
1233 615 1308 683 δὲ
1345 617 1638 702 ἀνήβους
1676 621 1916 696 παῖδας
1950 619 2204 704 γυμνά-
2242 645 2273 692 5

284 727 512 803 ζουσιν
574 724 681 791 ἐπὶ
752 728 1005 792 σκοπὸν
1076 727 1378 810 βάλλειν,
1451 722 1564 790 καὶ
1635 727 1865 807 μόνοις
1938 727 2205 791 διδόασι

280 832 540 917 τροφὴν
600 843 741 910 τοῖς
806 832 1208 917 ἐπιτυχοῦσι.
1304 833 1409 897 διὸ
1465 829 1577 896 καὶ
1631 829 2010 914 θαυμαστοὶ
2063 842 2206 909 ταῖς

224 962 251 1002 5
280 937 649 1023 εὐστοχίαις
695 940 938 1025 ἄνδρες
983 942 1318 1023 γίνονται,
1372 938 1691 1003 κάλλιστα
1738 937 2207 1019 διδασκόμενοι

278 1055 422 1121 ταῖς
465 1055 588 1111 τοῦ
638 1050 838 1129 λιμοῦ
883 1049 1180 1127 πληγαῖς.

465 1153 726 1236 Ταύτης
764 1148 838 1217 δὲ
874 1161 989 1235 τῆς
1033 1152 1251 1236 χώρας
1288 1153 1383 1227 εἰς
1427 1151 1509 1214 τὰ
1543 1151 1709 1235 πρὸς
1746 1149 2004 1232 δυσμὰς
2040 1145 2206 1233 μέρη
2230 1154 2313 1219 26

280 1261 453 1324 πολὺ
509 1260 922 1342 διεστηκότες
968 1259 1298 1333 Αἰθίοπες
1353 1257 1769 1343 ὑπάρχουσιν
1817 1255 2209 1341 Ἐλεφαντο-

281 1366 479 1449 μάχοι
532 1366 833 1449 κυνηγοί.
923 1366 1280 1448 νεμόμενοι
1326 1365 1453 1449 γὰρ
1515 1364 1885 1450 δρυμώδεις
1930 1362 2043 1430 καὶ
2086 1385 2210 1429 πυ-

177 1497 280 1545 193
299 1475 504 1548 κνοὺς
559 1481 699 1545 τοῖς
748 1467 1056 1553 δένδρεσι
1100 1471 1347 1546 τόπους
1391 1479 1845 1555 παρατηροῦσι
1893 1481 2028 1536 τῶν
2073 1469 2210 1536 ἐλε-

203 1601 255 1639 11
284 1577 560 1661 φάντων
604 1577 721 1651 τὰς
758 1576 1065 1652 εἰσόδους
1087 1574 1219 1640 ’καὶ
1255 1577 1372 1652 τὰς
1408 1574 1746 1660 ἐκτροπάς,
1795 1577 2044 1652 σκοπὰς
2082 1576 2209 1642 ἀπὸ

283 1692 421 1746 τῶν
456 1680 897 1763 ὑψηλοτάτων
944 1672 1254 1768 δένδρων
1282 1682 1701 1763 ποιούμενοι·
1746 1679 1859 1746 καὶ
1902 1691 2045 1758 ταῖς
2090 1679 2211 1765 μὲν

287 1785 554 1869 ἀγέλαις
620 1788 841 1853 αὐτῶν
902 1788 1027 1853 οὐκ
1089 1787 1500 1854 ἐπιτίθενται
1565 1788 1676 1852 διὰ
1747 1789 1821 1852 τὸ
1886 1788 2215 1871 μηδεμίαν

287 1893 524 1959 ἐλπίδα
552 1895 735 1978 ἔχειν
770 1894 1270 1980 κατορθώσεως,
1309 1903 1449 1971 τοῖς
1488 1890 1561 1958 δὲ
1587 1890 1744 1958 καθ’
1779 1891 1900 1957 ἕνα
1935 1914 2214 1978 πορευο-

207 2021 259 2063 15
286 1999 511 2086 μένοις
576 1999 1005 2085 ἐπιβάλλουσι
1066 2001 1184 2078 τὰς
1246 2011 1500 2087 χεῖρας,
1555 1999 1956 2087 παραδόξοις
2011 1998 2214 2084 ἐγχει-

290 2117 562 2194 ροῦντες
635 2111 1066 2193 τολμήμασιν.
1158 2109 1320 2174 ὅταν
1383 2110 1510 2191 γὰρ
1584 2110 1679 2173 τὸ·
1727 2112 1895 2196 ζῷον
1969 2105 2217 2184 διεξιὸν
2254 2129 2286 2178 2

288 2214 558 2300 γένηται
603 2217 780 2281 κατὰ
813 2217 889 2280 τὸ
946 2213 1232 2301 δένδρον
1278 2215 1353 2280 ἐν
1401 2206 1453 2302 ᾧ
1502 2217 1852 2299 συμβαίνει
1897 2216 2018 2280 τὸν
2064 2230 2217 2279 σκο-

288 2323 579 2387 πεύοντα
608 2322 1013 2407 κεκρύφθαι,
1051 2322 1185 2405 ἅμα
1220 2330 1313 2411 τῷ
1345 2321 1832 2407 παραλλάττειν·
1860 2322 1980 2386 τὸν
2010 2322 2217 2386 τόπον

289 2438 432 2505 ταῖς
477 2425 600 2512 μὲν
647 2426 877 2515 χερσὶν
914 2427 1232 2514 ἐδράξατο
1278 2436 1396 2510 τῆς
1443 2427 1668 2513 οὐρᾶς,
1714 2438 1853 2504 τοῖς
1891 2423 1966 2493 δὲ
2017 2425 2218 2493 ποσὶν

211 2555 267 2595 2ο
296 2532 536 2617 ἀντέβη
582 2537 749 2619 πρὸς
793 2537 913 2601 τὸν
958 2534 1311 2621 ἀριστερὸν
1357 2537 1596 2619 μηρόν·
1644 2535 1813 2618 ἔχων
1860 2531 1922 2598 δ’
1967 2533 2040 2599 ἐκ
2083 2544 2219 2599 τῶν

298 2640 499 2725 ὤμων
554 2640 995 2727 ἐξηρτημένον
1043 2639 1357 2725 πέλεκυν,
1404 2649 1667 2726 κοῦφον
1712 2637 1835 2725 μὲν
1887 2642 2053 2727 πρὸς
2096 2642 2219 2725 τὴν

298 2745 427 2811 ἀπὸ
481 2755 599 2830 τῆς
652 2757 803 2831 μιᾶς
856 2749 1076 2833 χειρὸς
1129 2750 1424 2831 πληγήν,
1480 2747 1641 2825 ὀξὺν
1687 2743 1760 2812 δὲ
1810 2743 1967 2812 καθ’
2022 2747 2219 2830 ὑπερ-

297 2855 539 2937 βολήν,
585 2862 826 2919 τοῦτον
873 2857 1239 2938 λαβόμενος
1293 2853 1367 2919 ἐν
1411 2861 1491 2938 τῇ
1540 2851 1723 2939 δεξιᾷ
1767 2852 1939 2940 χειρὶ
1986 2877 2220 2939 νευρο-

294 2970 491 3024 κοπεῖ
529 2960 655 3043 τὴν
703 2960 927 3040 δεξιὰν
975 2962 1194 3045 ἰγνύν,
1239 2961 1495 3037 πυκνὰς
1529 2960 1924 3046 καταφέρων
1968 2962 2221 3045 πληγὰς

214 3084 268 3125 25
297 3063 409 3130 καὶ
447 3067 560 3130 διὰ
595 3073 712 3149 τῆς
740 3065 1088 3152 ἀριστερᾶς
1113 3068 1334 3151 χειρὸς
1362 3069 1668 3146 οἰακίζων
1694 3069 1769 3131 τὸ
1800 3068 1977 3131 ἴδιον
2015 3076 2219 3147 σῶμα.

297 3171 682 3258 παράδοξον
740 3168 814 3238 δὲ
877 3172 1158 3256 ὀξύτητα
1220 3182 1360 3250 τοῖς
1425 3175 1644 3259 ἔργοις
1695 3169 2219 3255 προσφέρουσιν,

300 3278 389 3354 ὡς
435 3278 518 3343 ἂν
565 3280 785 3344 ἄθλου
829 3288 945 3363 τῆς
993 3280 1161 3356 ἰδίας
1196 3288 1413 3364 ψυχῆς
1459 3277 1709 3367 ἑκάστω
1756 3274 2217 3363 προκειμένου·

443 3478 469 3524 1
509 3472 784 3541 πληροῦσι
820 3471 874 3525 11
993 3478 1056 3526 11
1099 3469 1339 3542 σκοπὰς]
1377 3460 1478 3533 τας
1516 3488 1598 3526 σκ.
1639 3468 1706 3539 D,
1744 3468 1842 3523 καὶ
1878 3483 1963 3522 σκ.
2002 3466 2043 3520 O
2157 3423 2222 3521 1‘6

298 3536 515 3606 διεξιὸν
552 3492 811 3610 Dindorf‚
849 3538 1041 3630 δεξιὸν
1078 3542 1213 3597 libri
1357 3548 1424 3596 21
1452 3513 1952 3627 προεξηρτημένον
1991 3537 2042 3590 II
2150 3541 2221 3588 24

300 3608 502 3681 ἰγνύην
541 3611 589 3665 D
737 3582 811 3669 27⁹
845 3607 1061 3686 ἑκάστῳ
1098 3612 1323 3682 Reiske,
1364 3607 1603 3667 ἑκάστου
1639 3609 1786 3667 libri.
