2569 4061
414 214 541 280 166
1072 213 1377 270 DIODORI
1414 212 1650 270 SICULI

406 376 517 443 καὶ
579 379 660 440 τὰ
713 377 879 440 κατὰ
941 379 1349 462 γεωμετρίαν
1402 378 1805 462 θεωρήματα
1858 374 1971 441 καὶ
2031 377 2114 440 τὰ
2173 375 2335 462 περὶ

406 485 561 558 τοὺς
607 481 958 566 ἀριθμούς,
1006 485 1101 547 ἔτι
1149 480 1222 547 δὲ
1268 484 1391 566 τὴν
1436 484 1533 560 είς
1575 493 1710 548 πᾶν
1749 486 1916 570 ζῷον
1960 492 2077 565 τῆς
2112 491 2334 567 ψυχῆς

338 609 370 657 3
409 590 779 672 μεταβολὴν
826 595 1070 673 μαθεῖν
1106 583 1260 675 παρ’
1292 590 1700 672 Αἰγυπτίων.
1774 588 2335 673 ὑπολαμβάνουσι

405 690 480 758 δὲ
524 693 634 759 καὶ
670 698 1100 779 Δημόκριτον
1133 691 1287 781 παρ’
1334 694 1559 771 αὐτοῖς
1601 697 1712 779 ἔτη
1753 696 2095 780 διατρῖψαι
2130 694 2329 762 πέντε

401 798 512 865 καὶ
556 803 770 866 πολλὰ
817 803 1223 888 διδαχθῆναι
1276 811 1411 866 τῶν
1468 802 1635 866 κατὰ
1687 801 1812 885 τὴν
1867 800 2324 887 ἀστρολογίαν.
2358 817 2386 857 5

401 907 521 971 τόν
548 929 617 972 τε
642 909 1013 991 Οἰνοπίδην
1041 906 1286 990 ὁμοίως
1313 907 1883 993 συνδιατρίψαντα
1906 919 2045 984 τοῖς
2073 909 2326 993 ίερεῦσι

400 1010 510 1076 καὶ
566 1012 997 1098 ἀστρολόγοις
1050 1019 1299 1097 μαθεῖν
1353 1015 1521 1078 ἄλλα
1572 1036 1644 1078 τε
1696 1012 1809 1079 καὶ
1868 1016 2149 1097 μάλιστα
2201 1016 2324 1079 τὸν

400 1117 677 1201 ἡλιακὸν
740 1120 986 1184 κύκλον
1046 1119 1136 1196 ὡς
1200 1119 1403 1202 λοξὴν
1466 1116 1587 1203 μὲν
1650 1122 1783 1204 ἔχει
1844 1122 1969 1204 τὴν
2020 1124 2320 1206 πορείαν,

400 1223 712 1289 ἐναντίαν
749 1222 823 1290 δὲ
858 1236 997 1302 τοῖς
1034 1226 1259 1301 ἄλλοις
1297 1226 1565 1311 ἄστροις
1599 1227 1722 1309 τὴν
1759 1228 1981 1312 φορὰν
2017 1238 2318 1293 ποιεῖται.

327 1349 362 1397 4
398 1333 871 1415 παραπλησίως
917 1328 991 1397 δὲ
1044 1330 1155 1397 καὶ
1207 1334 1328 1397 τὸν
1382 1332 1688 1412 Εὔδοξον
1742 1331 2325 1419 ἀστρολογήσαντα
2354 1348 2409 1387 10

398 1434 550 1522 παρ’
626 1437 852 1514 αὐτοῖς
922 1435 1034 1503 καὶ
1104 1439 1319 1503 πολλὰ
1389 1448 1524 1503 τῶν
1593 1440 1937 1522 χρησίμων
1999 1440 2094 1516 εἰς
2164 1443 2323 1517 τοὺς

327 1558 360 1606 ὅ
384 1540 706 1626 Ἕλληνας
762 1542 1039 1610 ἐκδόντα
1083 1555 1313 1629 τυχεῖν
1357 1542 1711 1626 ἀξιολόγου
1757 1544 1968 1628 δόξης.
2059 1555 2196 1610 τῶν
2249 1569 2318 1611 τε

399 1648 948 1733 ἀγαλματοποιῶν
1001 1661 1136 1715 τῶν
1177 1654 1484 1726 παλαιῶν
1536 1652 1694 1725 τοὺς
1754 1650 2036 1733 μάλιστα
2082 1652 2319 1716 διωνο-

319 1733 330 1750 ⁸
396 1754 775 1839 μασμένους
822 1754 1310 1840 διατετριφέναι
1354 1752 1507 1839 παρ’
1554 1755 1782 1831 αὐτοῖς
1835 1754 2162 1838 Τηλεκλέα
2206 1756 2319 1821 καὶ

398 1863 784 1946 Θεόδωρον,
840 1865 995 1937 τοὺς
1040 1859 1299 1928 Ῥοίκου
1344 1858 1466 1946 μὲν
1511 1861 1732 1943 υἱούς,
1787 1862 2314 1926 κατασκευάσαν-
2346 1878 2399 1918 15

393 1990 510 2046 τας
555 1965 629 2034 δὲ
673 1979 812 2047 τοῖς
848 1970 1130 2052 Σαμίοις
1165 1968 1240 2033 τὸ
1278 1976 1398 2034 τοῦ
1430 1961 1841 2043 ’Λπόλλωνος
1877 1975 1998 2033 τοῦ
2037 1970 2317 2034 Πυθίου

325 2091 357 2139 6
397 2074 655 2153 ξόανον.
746 2085 867 2140 τοῦ
939 2076 1066 2161 γὰρ
1140 2074 1516 2159 ἀγάλματος
1579 2072 1652 2139 ἐν
1715 2075 1924 2162 Σάμῳ
2001 2069 2122 2158 μὲν
2184 2074 2315 2140 ὑπὸ

403 2180 809 2264 Τηλεκλέους
874 2182 1229 2268 ἱστορεῖται
1291 2184 1366 2247 τὸ
1439 2181 1646 2266 ἥμισυ
1711 2182 2313 2267 δημιουργηθῆναι,

392 2289 555 2353 κατὰ
612 2285 686 2354 δὲ
739 2290 862 2372 τὴν
902 2287 1198 2370 ’Έφεσον
1249 2287 1380 2352 ὑπὸ
1433 2285 1772 2369 τάδελφοῦ
1830 2287 2187 2372 Θεοδώρου
2238 2289 2312 2352 τὸ

393 2392 621 2477 ἕτερον
681 2393 879 2479 μέρος
935 2399 1487 2474 συντελεσθῆναι·
1551 2390 1960 2456 συντεθέντα
2021 2390 2096 2458 δὲ
2148 2395 2313 2478 πρὸς
2340 2408 2392 2447 2⁰

393 2499 644 2580 ἄλληλα
689 2500 770 2561 τὰ
815 2496 979 2582 με’ρη
1026 2507 1416 2580 συμφωνεῖν
1452 2495 1664 2571 οὕτως
1710 2497 1878 2560 ὥστε
1923 2498 2150 2562 δοκεῖν
2186 2494 2304 2582 ὑφ’

393 2601 542 2679 ἑνὸς
602 2604 678 2667 τὸ
741 2612 875 2668 πᾶν
947 2603 1146 2686 ἔργον
1215 2599 1742 2666 συντετελέσθαι.
1834 2609 2032 2665 τοῦτο
2100 2599 2173 2666 δὲ
2236 2607 2311 2670 τὸ

391 2705 584 2792 γένος
630 2715 745 2789 τῆς
790 2705 1100 2789 ἐργασίας
1134 2706 1312 2790 παρὰ
1349 2700 1471 2790 μὲν
1505 2715 1647 2782 τοῖς
1675 2702 1950 2788 Ἕλλησι
1995 2707 2313 2792 μηδαμῶς

394 2812 934 2898 ἐπιτηδεύεσθαι,
998 2813 1178 2897 παρὰ
1243 2808 1319 2877 δὲ
1379 2822 1520 2888 τοῖς
1570 2814 1966 2894 Αἰγυπτίοις
2028 2813 2311 2897 μάλιστα

323 2939 354 2989 ’1
397 2925 881 2987 συντελεῖσθαι.
961 2915 1116 3003 παρ’
1163 2917 1442 2996 ἐκείνοις
1476 2920 1604 3005 γὰρ
1652 2918 1776 2984 οὐκ
1812 2917 1940 2985 ἀπὸ
1987 2928 2104 3003 τῆς
2147 2923 2310 2989 κατὰ
2336 2937 2386 2977 25

391 3030 515 3112 τὴν
570 3029 806 3114 ὅρασιν
860 3027 1231 3110 φαντασίας
1283 3027 1406 3108 τὴν
1462 3028 1870 3112 συμμετρίαν
1923 3038 2058 3092 τῶν
2114 3027 2311 3111 ἀγαλ-

307 3128 310 3133 ’
388 3137 618 3220 μάτων
649 3136 1022 3220 κρίνεσθαι,
1064 3132 1366 3218 καθάπερ
1403 3135 1580 3219 παρὰ
1614 3143 1754 3209 τοῖς
1775 3130 2113 3218 “Ελλησιν,
2161 3133 2300 3200 ἀλλ’

533 3332 567 3380 5
603 3323 749 3380 κατὰ
786 3322 912 3396 τὴν]
951 3321 1081 3380 κατ’
1119 3325 1270 3395 vulg.
1417 3329 1450 3380 8
1487 3320 1750 3396 ἡλιακὸν]
1790 3321 1949 3395 ἱερὸν
1986 3320 2224 3394 ἡλιακὸν
2261 3328 2306 3382 D

387 3397 755 3519 ὲῖθὶιῗνοῗι.
785 3395 937 3467 vulg.
1012 3402 1081 3452 22
1122 3394 1287 3466 ἔργον
1326 3395 1782 3467 συντετελέσθαι]
1822 3397 1981 3466 σῶμα
2010 3414 2309 3454 κατεσκευ-
