2569 4061
1061 433 1089 486 1
1124 439 1210 490 39.
2017 436 2103 502 59

179 600 576 684 φερόμενος·
621 604 751 662 νῦν
789 592 863 662 δὲ
898 598 1102 663 πλείω
1149 608 1286 662 τῶν
1323 595 1778 682 ἑξακισχιλίων
1814 599 2107 665 σταδίων

179 704 294 769 διὰ
327 711 453 787 ,τῆς
498 705 865 781 Αὐθιοπίας
910 701 1081 789 ῥέων
1129 703 1252 787 τὴν
1297 706 1642 789 πλήρωσιν
1687 707 1819 790 ἔχει
1862 704 2025 794 πρὶν
2061 704 2104 790 ἢ

176 820 435 889 ψαῦσαι
478 819 594 893 τῆς
630 809 998 893 Αἰγύπτου.
1091 808 1290 877 ἔπειτ’
1345 812 1410 875 εἰ
1451 806 1574 894 μὲν
1618 811 1692 876 τὸ
1737 811 1944 897 ῥεῦμα
1979 822 2101 880 τοῦ
2140 831 2210 882 10

178 920 438 983 Νείλου
491 919 963 1002 ταπεινότερον
1016 912 1103 1000 ἦν
1164 927 1301 983 τῶν
1356 918 1522 984 κατὰ
1565 916 1689 1000 τὴν
1735 922 2113 1004 ποταμόχω-

119 1043 149 1083 5
179 1041 343 1090 στον
404 1032 533 1109 γῆν
602 1023 1074 1111 ἀραιωμάτων,
1139 1022 1570 1101 ἐπιπολαίους
1631 1020 1716 1087 ἂν
1776 1018 1948 1089 εἶναι
2001 1026 2116 1102 τὰς

181 1130 474 1217 ῥαγάδας
513 1129 887 1214 συνέβαινε,
934 1127 1097 1197 καθ’
1151 1129 1228 1207 ἃς
1275 1129 1612 1196 ἀδύνατον
1650 1126 1737 1218 ἦν
1777 1127 2116 1215 διαμένειν

179 1244 459 1303 τοσοῦτο
520 1240 781 1318 πλῆθος
844 1233 1089 1312 ὕδατος
1106 1253 1123 1271 ·
1185 1236 1250 1299 εί
1308 1232 1371 1300 δ’
1431 1235 1850 1322 ὑψηλότερον
1905 1237 2115 1302 τόπον

186 1343 444 1428 ἐπεῖχεν
491 1342 527 1407 6
573 1343 865 1425 ποταμὸς
911 1352 1045 1406 τῶν
1106 1340 1576 1427 ἀραιωμάτων,
1633 1343 1974 1410 ἀδύνατον
2027 1338 2116 1427 ἦν

186 1448 261 1515 ἐκ
304 1460 440 1515 τῶν
483 1445 971 1531 ταπεινοτέρων
1017 1448 1448 1531 κοιλωμάτων
1493 1450 1587 1526 είς
1630 1450 1753 1533 τὴν
1789 1448 2115 1535 ὑψηλοτέ-

97 1576 155 1616 10
188 1580 318 1642 ραν
355 1554 752 1640 ἐπιφάνειαν
797 1553 921 1636 τὴν
965 1563 1101 1618 τῶν
1144 1552 1372 1639 ὑγρῶν
1418 1555 1743 1639 σύρρυσιν
1783 1560 2112 1639 γίνεσθαι.

179 1663 485 1728 καθόλου
533 1656 608 1725 δὲ
665 1661 764 1736 τίς
810 1657 894 1723 ἀν
940 1659 1231 1725 δυνατὸν
1276 1658 1597 1742 ἡγήσαιτο
1656 1665 1814 1738 τοὺς
1858 1662 1930 1729 ἐκ
1972 1674 2108 1729 τῶν
2148 1679 2214 1730 11

180 1768 352 1833 κατὰ
405 1766 527 1848 τὴν
582 1771 711 1847 γῆν
771 1763 1207 1848 ἀραιωμάτων
1269 1765 1552 1851 ἱδρῶτας
1613 1767 1945 1852 τοσαύτην
1998 1770 2115 1835 αὔ-

183 1870 381 1956 ξησιν
443 1878 564 1935 τοῦ
626 1877 929 1954 ποταμοῦ
996 1879 1216 1934 ποιεῖν
1280 1871 1449 1936 ὥστε
1511 1868 1628 1935 ὑπ’
1701 1870 1910 1936 αὐτοῦ
1974 1888 2118 1956 σχε-

181 1978 310 2043 δὸν
386 1984 610 2043 πᾶσαν
691 1976 814 2061 τὴν
885 1980 1234 2060 Αἴγυπτον
1307 1975 1801 2057 έπικλύζεσθαι;
1876 1976 2119 2063 ἀφίημι

97 2110 151 2151 15
180 2086 311 2170 γὰρ
365 2081 475 2150 καὶ
527 2084 603 2148 τὸ
658 2083 914 2161 ψεῦδος
967 2090 1085 2167 τῆς
1139 2106 1207 2160 τε
1261 2085 1782 2171 ποταμοχώστου
1836 2093 1956 2168 γῆς
2007 2082 2118 2150 καὶ

180 2200 314 2256 τῶν
375 2190 447 2256 ἐν
509 2200 650 2267 τοῖς
716 2189 1095 2275 ἀραιώμασι
1158 2189 1592 2276 τηρουμένων
1647 2191 1942 2275 ὑδάτων,
2008 2190 2119 2276 έμ-

181 2308 418 2384 φανῶν
481 2299 697 2363 ὄντων
769 2305 905 2362 τῶν
980 2296 1054 2362 έν
1130 2299 1394 2376 τούτοις
1466 2295 1773 2382 ἐλέγχων.
1883 2297 1919 2362 6
1993 2294 2116 2382 μὲν
2155 2316 2221 2366 12

180 2405 307 2489 γὰρ
361 2404 759 2490 Μαίανδρος
815 2405 1113 2489 ποταμὸς
1170 2405 1337 2469 κατὰ
1393 2404 1518 2486 τὴν
1574 2401 1805 2469 Ἀσίαν
1858 2405 2118 2488 πολλὴν

184 2511 413 2596 χώραν
452 2512 768 2594 πεποίηκε
823 2504 1372 2595 ποταμόχωστον,
1428 2508 1502 2574 ἐν
1548 2500 1591 2594 ᾖ
1644 2519 1781 2574 τῶν
1837 2513 2115 2595 συμβαι-

99 2642 156 2682 20
185 2619 443 2683 νόντων
487 2615 640 2703 περὶ
676 2617 799 2700 τὴν
851 2616 1324 2702 ἀναπλήρωσιν
1373 2625 1495 2682 τοῦ
1531 2618 1788 2682 Νείλου
1833 2618 1908 2682 τὸ
1949 2619 2115 2699 ,σύνι-

184 2728 345 2790 ολον
392 2721 595 2790 οὐδὲν
639 2730 993 2812 θεωρεῖται
1037 2726 1416 2809 γινόμενον.
1498 2724 1741 2808 ὁμοίως
1788 2720 1863 2790 δὲ
1898 2726 2112 2816 τούτῳ
2150 2746 2218 2795 13

180 2828 331 2915 περὶ
391 2827 512 2915 μὲν
567 2831 692 2914 τὴν
745 2829 1187 2917 Ἀκαρνανίαν
1242 2831 1280 2897 6
1333 2831 1742 2916 καλούμενος
1799 2826 2115 2921 Ἁχελῷος

180 2940 500 3022 ποταμός,
555 2935 705 3023 περὶ
763 2933 840 3006 δὲ
898 2939 1022 3021 τὴν
1066 2941 1401 3004 Βοιωτίαν
1456 2938 1494 3004 6
1549 2940 1859 3022 Κηφισὸς
1912 2941 2114 3024 φερό-

180 3066 381 3127 μενος
425 3042 498 3108 ἐκ
540 3053 676 3108 τῶν
717 3041 1007 3109 Φωκέων
1042 3041 1509 3129 προσκέχωκεν
1546 3043 1670 3109 οὐκ
1716 3043 1952 3129 ὀλίγην
1987 3047 2113 3131 χώ-

101 3181 153 3221 25
181 3172 331 3235 ραν,
379 3142 487 3233 ἐφ’
540 3142 637 3214 ὧν
682 3146 1082 3235 ἀμφοτέρων
1125 3147 1454 3235 ἐλέγχεται
1499 3161 1806 3236 φανερῶς
1840 3151 1915 3215 τὸ
1952 3159 2114 3227 ψεῦ-

181 3257 298 3334 δος
351 3264 474 3321 τοῦ
530 3252 982 3340 συγγραφέως.
1076 3255 1243 3322 ἀλλά
1300 3257 1427 3340 γὰρ
1489 3255 1612 3321 οὐκ
1666 3257 1751 3320 ἄν
1797 3277 1897 3330 τις
1949 3247 2106 3336 παρ’

176 3358 433 3451 Ἐφόρῳ
474 3363 808 3445 ζητήσειεν
853 3359 927 3426 ἐκ
974 3363 1217 3440 παντὸς
1262 3364 1516 3446 τρόπου
1563 3357 1887 3445 τάκριβές,
1936 3356 2114 3440 ὁρῶν

179 3469 387 3535 αὐτὸν
433 3467 507 3534 ἐν
554 3472 825 3549 πολλοῖς
870 3469 1337 3555 ὠλιγωρηκότα
1387 3477 1502 3552 τῆς
1547 3466 1882 3550 ἀληθείας.
1976 3470 2110 3525 τῶν
2130 3457 2219 3522 40

323 3632 351 3680 1
393 3628 528 3681 νυνί
554 3625 659 3681 OF
801 3632 865 3681 12
904 3620 1010 3696 τὴν
1048 3642 1158 3682 om.
1197 3624 1247 3677 D
1381 3629 1447 3678 13
1485 3622 1677 3675 πᾶσαν
1715 3610 1918 3685 σχεδὸν
1955 3617 2108 3685 vulg.

183 3704 254 3754 24
289 3697 651 3768 προκέχωκεν
686 3697 752 3752 D.
