2569 4061
337 706 373 754 4

404 311 539 378 480
1072 307 1379 366 DIODORI
1415 306 1652 364 SICULI

405 478 581 540 θίων
616 470 904 557 Κρέοντι
951 483 1301 557 μετασχεῖν
1344 481 1460 555 τῆς
1495 472 1830 547 πολιτείας
1872 467 1984 535 καὶ
2028 469 2149 534 τὸν
2201 473 2368 535 λοι-

405 582 536 646 πὸν
580 582 829 667 χρόνον
876 579 952 645 ἐν
996 588 1076 665 τῇ
1124 581 1448 667 Κορίνθῳ
1499 586 1903 660 κατοικῆσαι.

587 689 1001 752 Μελλόντων
1039 681 1113 752 δὲ
1149 696 1286 751 τῶν
1315 679 1780 771 Ἀργοναυτῶν
1816 685 1911 760 εἰς
1953 684 2069 759 τὰς
2104 686 2363 769 πατρί-

409 794 529 871 δας
576 795 1116 879 διαχωρίζεσθαι,
1165 789 1330 876 φασὶ
1383 793 1503 858 τὸν
1539 788 1871 876 Ἡρακλέα
1920 792 2360 873 συμβουλεῦ-

408 917 521 966 σαι
585 912 725 979 τοῖς
788 900 1128 986 ἀριστεῦσι
1192 901 1361 985 πρὸς
1420 899 1503 962 τὰ
1559 896 1904 982 παράδοξα
1959 904 2077 981 τῆς
2133 897 2359 982 τύχης
2388 912 2420 954 5

410 1006 722 1091 ἀλλήλοις
767 1006 1012 1091 ὅρκους
1057 1007 1299 1070 δοῦναι
1344 1007 1822 1089 συμμαχήσειν,
1869 1001 1989 1068 ἐάν
2033 1025 2133 1078 τις
2178 1005 2356 1087 βοη-

409 1116 603 1191 θείας
644 1112 1066 1197 προσδεηθῇ·
1132 1109 1526 1189 ἐκλέξασθαι
1582 1106 1656 1175 δὲ
1711 1108 1822 1175 καὶ
1865 1117 1983 1193 τῆς
2018 1107 2354 1187 Ἑλλάδος

410 1222 529 1284 τὸν
599 1215 1124 1301 ἐπιφανέστατον
1185 1219 1398 1282 τόπον
1462 1218 1557 1293 εἰς
1620 1215 1901 1299 ἀγώνων
1963 1214 2162 1281 θέσιν
2228 1215 2352 1281 καὶ

408 1324 788 1408 πανήγυριν
840 1325 1108 1406 κοινήν,
1164 1321 1275 1388 καὶ
1328 1329 1739 1408 καθιερῶσαι
1791 1325 1912 1388 τὸν
1967 1321 2191 1405 ἀγῶνα
2243 1332 2348 1411 τῷ

412 1429 697 1517 μεγίστῳ
744 1437 880 1493 τῶν
915 1434 1100 1493 θεῶν
1136 1428 1258 1494 Διὶ
1289 1427 1639 1517 Ὀλυμπίῳ.
1691 1429 2215 1512 συνομοσάντων
2264 1427 2348 1495 δὲ
2378 1445 2434 1485 10

409 1544 546 1600 τῶν
592 1533 919 1621 ἀριστέων
959 1534 1111 1623 περὶ
1146 1546 1263 1620 τῆς
1301 1537 1694 1621 συμμαχίας,
1731 1532 1843 1600 καὶ
1877 1536 2002 1619 τὴν
2039 1533 2344 1614 διάταξιν

410 1651 547 1707 τῶν
607 1640 891 1724 ἀγώνων
947 1640 1443 1728 ἐπιτρεψάντων
1478 1639 1822 1728 ἹΙρακλεῖ,
1878 1640 2044 1726 φασὶ
2097 1653 2346 1709 τοῦτον

415 1749 587 1832 [τὸν]
635 1752 844 1816 τόπον
879 1760 1232 1836 προκρῖναι
1269 1748 1437 1834 πρὸς
1470 1748 1594 1831 τὴν
1630 1750 2009 1833 πανήγυριν
2046 1758 2164 1833 τῆς
2203 1761 2344 1815 τῶν

406 1852 689 1920 Ἠλείων
733 1855 954 1940 χώρας
997 1855 1116 1919 τὸν
1161 1855 1342 1939 παρὰ
1385 1856 1506 1919 τὸν
1533 1851 1864 1938 Ἀλφειόν.
1927 1855 2033 1920 διὸ
2069 1853 2175 1919 καὶ
2212 1857 2345 1937 τὴν

412 1963 922 2049 παραποταμίαν
966 1955 1473 2047 καθιερώσαντα
1512 1967 1604 2049 τῷ
1640 1962 1926 2051 μεγίστῳ
1964 1972 2091 2027 τῶν
2124 1965 2337 2046 θεῶν,
2373 1975 2426 2017 1⁵

406 2063 769 2153 Ὀλυμπίαν
821 2064 931 2135 ἀπ’
986 2067 1247 2135 ἐκείνου
1305 2078 1857 2154 προσαγορεῦσαι.
1950 2070 2323 2153 ὑποστησά-
2343 2068 2449 2118 29⁷

413 2197 620 2258 μενον
667 2174 732 2241 δ’
788 2177 1064 2242 ἱππικὸν
1109 2176 1337 2260 ἀγῶνα
1380 2174 1491 2241 καὶ
1537 2178 1893 2259 γυμνικόν,
1939 2177 2020 2240 τά
2073 2198 2143 2241 τε
2188 2174 2340 2262 περὶ

412 2291 548 2348 τῶν
595 2283 827 2349 ἄθλων
875 2281 1174 2361 διατάξαι
1227 2280 1340 2348 καὶ
1392 2284 1700 2369 θεωροὺς
1749 2281 2130 2348 ἀποστεῖλαι
2183 2287 2340 2360 τοὺς

414 2399 557 2468 ταῖς
611 2392 843 2456 πόλεσι
907 2400 1360 2476 προεροῦντας
1422 2389 1546 2474 τὴν
1606 2386 1782 2454 θέαν
1842 2400 1979 2455 τῶν
2043 2389 2338 2472 ἀγώνων.

417 2497 531 2562 διὰ
579 2493 653 2562 δὲ
696 2498 820 2580 τὴν
864 2499 1043 2582 παρὰ
1085 2506 1227 2574 τοῖς
1266 2490 1735 2581 Ἀργοναύταις
1777 2493 2145 2582 γενομένην
2182 2496 2340 2562 ἀπο-
2365 2510 2416 2552 2⁰

416 2602 626 2685 δοχὴν
672 2603 881 2668 αὐτοῦ
925 2604 1091 2667 κατὰ
1135 2603 1260 2686 τὴν
1307 2605 1655 2689 στρατείαν
1700 2603 1783 2669 οὐ
1828 2605 2105 2688 μετρίως
2151 2602 2340 2682 δοξα-

417 2707 730 2791 σθέντος,
813 2705 1309 2793 προσγενέσθαι
1390 2711 1513 2794 τὴν
1609 2709 1681 2775 ἐκ
1759 2720 1875 2795 τῆς
1949 2706 2340 2794 Ὀλυμπικῆς

416 2814 850 2899 πανηγύρεως
915 2813 1152 2898 δόξαν,
1228 2815 1395 2881 ὥστε
1468 2817 1738 2882 πάντων
1807 2827 1942 2882 τῶν
2005 2814 2338 2901 Ἑλλήνων

420 2918 947 3006 ἐπιφανέστατον
1013 2920 1337 3008 ὑπάρχειν
1400 2920 1511 2987 καὶ
1573 2924 1752 3007 παρὰ
1808 2932 1952 3000 ταῖς
2007 2925 2339 3000 πλείσταις

416 3031 650 3095 πόλεσι
714 3026 1109 3111 γνωσθέντα
1171 3030 1465 3105 πολλοὺς
1528 3030 1703 3113 ἔχειν
1763 3028 2173 3112 ἐπιθυμητὰς
2224 3037 2336 3113 τῆς
2362 3041 2410 3084 25

417 3137 666 3218 φιλίας,
716 3133 835 3211 οὓς
870 3135 1267 3220 προθύμους
1314 3129 1485 3200 εἶναι
1522 3144 1869 3219 μετασχεῖν
1914 3136 2161 3211 παντὸς
2199 3157 2335 3200 κιν-

419 3240 651 3304 δύνου.
742 3243 907 3324 ταχὺ
966 3234 1027 3305 δ’
1082 3236 1183 3306 ἐπ’
1236 3241 1515 3328 ἀνδρεία
1576 3239 1689 3306 καὶ
1747 3244 2108 3328 στρατηγίᾳ
2168 3246 2335 3307 θαυ-

318 3410 349 3437 t
415 3341 760 3426 μασθέντα
822 3348 1272 3430 στρατόπεδόν
1332 3370 1401 3411 τε
1457 3348 1814 3432 ’κράτιστον
1875 3351 2328 3441 συστήσασθαι

562 3503 628 3550 13
665 3494 766 3552 τὸν
803 3499 912 3554 del.
951 3501 1207 3556 Hertlein
1427 3503 1538 3557 τῶν
1577 3519 1684 3559 om.
1725 3502 1773 3556 D
1884 3509 1955 3559 28
1991 3503 2104 3557 τῶν
2141 3518 2246 3557 om.
2279 3501 2326 3556 D

416 3567 485 3612 24
520 3559 770 3633 ὑπάρξαι
806 3567 859 3619 ΙΙ
968 3576 1036 3625 26
1073 3571 1331 3640 μετέχειν
1367 3571 1433 3627 ΙΙ.

2509 3410 2512 3561 Ψ
