2569 4061
1082 387 1134 439 Π
1177 391 1257 440 15.
1291 392 1373 441 16.
2057 386 2184 450 195

259 550 498 617 πολλοὶ
545 547 702 615 καθ’
746 551 1127 635 ὑπερβολὴν
1173 554 1487 633 λαμπρῶς
1522 548 2002 635 κεκοσμημένοι
2047 558 2189 625 τοῖς

262 662 357 736 εἰς
391 659 510 723 τὸν
541 659 832 741 πόλεμον
865 661 1427 739 καταπληκτικοῖς.
1492 655 1533 738 ἡ
1572 657 1698 740 γὰρ
1722 653 1962 740 Ἰνδικὴ
2001 656 2186 741 χώρα
2224 678 2257 726 3

266 764 589 849 διάφορος
644 758 814 829 οὖσα
858 772 949 852 τῷ
1006 764 1233 829 κάλλει
1276 759 1390 828 καὶ
1443 766 1716 838 πολλοῖς
1763 762 2184 848 διειλημμένη

267 881 582 955 ποταμοῖς
636 870 992 957 ἀρδεύεταί
1037 893 1106 935 τε
1162 873 1503 954 πολλαχοῦ
1548 866 1659 933 καὶ
1718 869 1979 943 διττοὺς
2022 864 2178 933 καθ’

212 997 239 1037 5
268 975 541 1042 ἕκαστον
605 976 912 1042 ἐνιαυτὸν
979 974 1244 1060 ἐκφέρει
1306 975 1631 1062 καρπούς·
1710 975 1813 1039 διὸ
1880 972 1989 1039 καὶ
2053 984 2187 1038 τῶν

264 1084 427 1168 πρὸς
462 1086 535 1149 τὸ
587 1088 701 1167 ζῆν
748 1083 1137 1168 ἐπιτηδείων
1184 1081 1509 1147 τοσοῦτον
1547 1083 1678 1165 ἔχει
1722 1085 1983 1165 πλῆθος
2021 1080 2188 1145 ὥστε

265 1191 374 1255 διά
420 1193 666 1268 παντὸς
701 1193 1016 1274 ἄφθονον
1055 1189 1427 1254 ἀπόλαυσιν
1462 1198 1601 1266 τοῖς
1647 1188 1990 1275 ἐγχωρίοις
2024 1209 2189 1273 παρ-

263 1295 551 1380 έχεσθαι.
617 1298 874 1381 λέγεται
913 1294 985 1362 δὲ
1023 1293 1350 1382 μηδέποτε
1395 1295 1537 1361 κατ’
1584 1297 1793 1381 αὐτὴν
1837 1293 2188 1379 γεγονέναι

262 1405 599 1468 σιτοδείαν
634 1403 676 1486 ἢ
715 1405 992 1487 φθορὰν
1027 1412 1303 1488 καρπῶν
1349 1403 1459 1467 διά
1494 1404 1616 1487 τὴν
1657 1403 2016 1489 εὐκρασίαν
2050 1412 2188 1467 τῶν

178 1531 234 1570 10
261 1513 503 1574 τόπων.
578 1512 709 1594 ἔχει
747 1505 821 1573 δὲ
858 1507 967 1572 καὶ
1003 1520 1137 1574 τῶν
1175 1508 1554 1593 ἐλεφάντων
1590 1511 1870 1575 ἄπιστον
1905 1516 2184 1594 πλῆθος,
2223 1530 2258 1578 4

264 1619 335 1679 οἳ
388 1624 534 1690 ταῖς
589 1638 659 1678 τε
731 1614 960 1690 ἀλκαῖς
1017 1612 1127 1679 καὶ
1186 1625 1330 1691 ταῖς
1397 1623 1517 1680 τοῦ
1578 1616 1877 1699 σώματος
1936 1616 2187 1700 ῥώμαις

263 1723 439 1784 πολὺ
477 1717 840 1804 προέχουσι
874 1729 1008 1785 τῶν
1038 1719 1112 1786 ἐν
1147 1728 1227 1805 τῇ
1255 1720 1478 1805 Λιβύῃ
1518 1718 1911 1803 γινομένων,
1942 1719 2187 1804 ὁμοίως

266 1821 340 1889 δὲ
375 1828 651 1912 χρυσόν,
698 1828 1016 1912 ἄργυρον,
1064 1827 1369 1914 σίδηρον,
1406 1828 1678 1910 χαλκόν·
1725 1827 1889 1910 πρὸς
1927 1821 2000 1889 δὲ
2036 1826 2188 1890 τού-

263 1955 404 2008 τοις
447 1934 666 1998 λίθων
710 1937 1048 1999 παντοίων
1092 1931 1203 1999 καὶ
1249 1937 1632 1999 πολυτελῶν
1678 1933 1859 1998 ἔστιν
1907 1931 1979 1996 ἐν
2018 1932 2186 2017 αὐτῇ

180 2061 234 2102 15
262 2044 554 2124 πλῆθος,
619 2043 716 2106 ἔτι
771 2037 845 2107 δὲ
899 2053 1034 2107 τῶν
1089 2044 1313 2107 ἄλλων
1367 2040 1684 2107 ἁπάντων
1749 2042 1988 2125 σχεδὸν
2050 2049 2187 2121 τῶν

261 2149 426 2232 πρὸς
479 2150 747 2235 τρυφὴν
800 2147 910 2214 καὶ
959 2154 1254 2225 πλοῦτον
1303 2150 1786 2214 διατεινόντων.
1877 2144 2042 2233 ὑπὲρ
2091 2142 2186 2213 ὧν

261 2254 342 2317 τὰ
367 2256 532 2319 κατά
560 2254 760 2341 μέρος
795 2255 837 2338 ἡ
865 2259 1233 2340 Σεμίραμις
1270 2255 1612 2321 ἀκούσασα
1638 2257 1945 2342 προήχθη
1977 2250 2186 2339 μηδὲν

262 2362 791 2446 προαδικηθεῖσα
825 2362 945 2427 τὸν
981 2364 1147 2449 πρὸς
1185 2358 1440 2438 Ἰνδοὺς
1478 2361 1839 2444 ἐξενεγκεῖν
1876 2364 2182 2444 πόλεμον.

265 2464 486 2549 ὁρῶσα
533 2462 593 2532 δ’
638 2468 848 2551 αὐτὴν
894 2469 1203 2553 μεγάλων
1248 2461 1406 2532 καθ’
1449 2467 1828 2553 ὑπερβολὴν
1863 2468 2185 2554 προσδεο-
2222 2487 2253 2536 5

180 2592 236 2632 20
266 2569 473 2655 μένην
535 2574 914 2660 δυνάμεων,
979 2573 1338 2658 ἐξέπεμψεν
1401 2573 1722 2657 ἀγγέλους
1786 2575 1879 2650 εἰς
1928 2572 2184 2651 ἁπάσας

261 2676 379 2752 τὰς
417 2683 845 2766 σατραπείας,
878 2678 1433 2764 διακελευσαμένη
1470 2692 1610 2758 τοῖς
1648 2679 1955 2768 ἐπάρχοις
1989 2705 2184 2746 κατα-

153 2808 259 2857 130
279 2786 566 2871 γράφειν
601 2799 737 2853 τῶν
780 2785 955 2852 νέων
990 2790 1147 2864 τοὺς
1184 2787 1517 2874 ἀρίστους,
1568 2789 1780 2853 δοῦσα
1824 2790 1943 2852 τὸν
1989 2788 2182 2875 ἀριθ-

261 2893 388 2975 μὸν
424 2895 588 2958 κατὰ
632 2896 713 2959 τὰ
750 2892 1001 2979 μεγέθη
1048 2903 1182 2960 τῶν
1220 2893 1470 2960 ἐθνῶν·
1517 2894 1871 2982 προσέταξε
1910 2891 1984 2959 δὲ
2020 2904 2184 2959 πᾶσι

260 3001 766 3078 κατασκευάζειν
828 3002 1061 3076 καινὰς
1122 3001 1492 3077 πανοπλίας
1562 2999 1672 3066 καὶ
1744 3011 1883 3077 τοῖς
1955 3002 2183 3074 ἄλλοις

178 3124 241 3165 25-
261 3106 467 3171 ἅπασι
526 3111 836 3193 λαμπρῶς
889 3108 1380 3190 παραγίνεσθαι
1434 3107 1967 3191 κεκοσμημένους
2021 3105 2182 3187 μετὰ

259 3214 486 3297 τρίτον
525 3213 669 3289 ἔτος
706 3214 800 3289 εἰς
837 3212 1118 3300 Βάκτρα.
1181 3210 1633 3297 μετεπέμψατο
1674 3209 1748 3277 δὲ
1782 3210 1894 3276 καὶ
1929 3228 2181 3289 ναυπη-
2219 3228 2250 3275 6

258 3321 422 3399 γοὺς
477 3321 549 3384 ἔκ
603 3343 672 3384 τε
725 3322 1040 3403 Φοινίκης
1092 3317 1203 3385 καὶ
1256 3323 1515 3405 Συρίας
1568 3316 1678 3383 καὶ
1733 3318 2016 3402 Κύπρου
2070 3311 2183 3376 καὶ

256 3434 374 3509 τῆς
419 3427 623 3510 ἄλλης
676 3435 791 3510 τῆς
834 3429 1379 3510 παραθαλαττίου
1424 3426 1672 3509 χώρας,
1721 3415 1821 3498 οἷς
1866 3422 2180 3502 ἄφθονον

403 3588 472 3636 14
512 3579 574 3638 ἐν
614 3578 756 3656 αὐτῇ
800 3579 916 3638 ἐστι
949 3584 1100 3654 vulg.
1225 3588 1296 3637 20
1331 3578 1518 3641 πάσας
1553 3578 1606 3631 II
1733 3585 1799 3632 21
1840 3576 2183 3647 σατραπείας

255 3651 514 3723 Dindorf,
555 3657 992 3725 στρατοπεδείας
1029 3656 1149 3711 eod.
1297 3658 1366 3705 25
1403 3645 1834 3727 παραγενέσθαι
1870 3649 2023 3716 vulg.

1860 3731 1969 3787 18·
