2569 4061
1026 301 1105 353 ΙΙΙ
1143 306 1227 355 62.
1259 307 1344 354 63.
2059 305 2189 368 369

257 454 501 548 ταύτης
555 464 678 547 τὴν
732 460 1109 546 ἐπιμέλειαν
1162 460 1273 526 καὶ
1328 465 1549 546 τιμήν,
1599 466 1888 549 Θυώνην
1944 462 2006 529 δ’
2061 465 2189 530 ἀπὸ

258 583 396 636 τῶν
448 568 808 655 θυομένων
862 569 1028 654 αὐτῇ
1082 575 1350 633 θυσιῶν
1402 567 1515 633 καὶ
1570 575 1865 653 θυηλῶν.
1961 570 2064 649 δὶς
2119 574 2181 637 δ’
2232 594 2298 642 10

263 677 471 742 αὐτοῦ
524 675 648 758 τὴν
706 673 972 756 γένεσιν
1028 673 1100 739 ἐκ
1155 676 1325 750 Διὸς
1377 673 1890 757 παραδεδόσθαι
1945 678 2057 743 διά
2114 680 2188 743 τὸ

264 764 490 848 δοκεῖν
525 783 687 866 μετὰ
722 791 858 845 τῶν
895 782 1119 846 ἄλλων
1157 779 1231 845 ἐν
1266 789 1358 868 τῷ
1396 782 1562 845 κατὰ
1597 781 1717 844 τὸν
1753 786 2191 850 Δευκαλίωνα

207 909 234 950 5
261 894 697 975 κατακλυσμῷ
755 893 1109 971 φθαρῆναι
1162 883 1272 951 καὶ
1327 887 1609 962 τούτους
1663 890 1822 963 τοὺς
1875 891 2190 973 καρπούς,

260 994 371 1063 καὶ
416 996 580 1081 μετὰ
624 995 750 1077 τὴν
796 993 1165 1078 ἐπομβρίαν
1210 994 1413 1057 πάλιν
1459 992 1867 1077 ἀναφύντων
1912 995 2194 1081 ὡσπερεὶ

264 1102 585 1188 δευτέραν
624 1101 1020 1184 ἐπιφάνειαν
1055 1100 1306 1183 ταύτην
1341 1092 1629 1185 ὑπάρξαι
1663 1110 1786 1165 τοῦ
1821 1108 1993 1166 θεοῦ
2029 1100 2185 1187 παρ’

264 1208 681 1295 ἀνθρώποις,
735 1202 893 1271 καθ’
944 1205 1032 1289 ’ἢν
1087 1204 1160 1270 ἐκ
1211 1214 1334 1271 τοῦ
1379 1208 1548 1283 Διὸς
1603 1216 1820 1292 μηροῦ
1875 1208 2192 1290 γενέσθαι

260 1317 462 1380 πάλιν
515 1316 637 1379 τὸν
689 1315 858 1377 θεὸν
905 1315 1202 1393 [τοῦτον]
1250 1320 1865 1396 μεμυθοποιῆσθαι.
1959 1316 2031 1380 οἰ
2069 1312 2191 1400 μὲν

182 1443 237 1483 10
265 1416 391 1486 οὗν
443 1421 568 1503 τὴν
622 1420 852 1504 χρείαν
906 1415 1019 1483 καὶ
1074 1418 1366 1501 δύναμιν
1423 1428 1544 1484 τοῦ
1602 1422 1767 1485 κατὰ
1823 1423 1943 1486 τὸν
1999 1417 2191 1487 οἶνον

263 1527 631 1611 εὑρήματος
691 1523 1220 1607 ἀποφαινόμενοι
1274 1526 1622 1590 Διόνυσον
1678 1526 2001 1610 ὑπάρχειν
2058 1551 2192 1594 τοι-

265 1640 433 1696 αῦτα
487 1628 639 1714 περὶ
695 1628 904 1694 αὐτοῦ
960 1634 1445 1713 μυθολογοῦσι.
1535 1642 1671 1695 τῶν
1727 1627 1800 1695 δὲ
1846 1634 2188 1718 μυθογρά-
2213 1635 2298 1699 63

269 1759 419 1821 φων
485 1736 556 1801 οἰ
615 1737 1025 1820 σωματοειδῆ
1089 1735 1210 1800 τὸν
1271 1736 1441 1800 θεὸν
1498 1736 2013 1821 παρεισάγοντες
2070 1739 2194 1820 τὴν

265 1839 388 1928 μὲν
443 1842 713 1927 εὕρεσιν
769 1850 884 1924 τῆς
943 1841 1239 1926 ἀμπέλου
1298 1839 1408 1907 καὶ
1469 1845 1750 1926 φυτείαν
1803 1840 1916 1908 καὶ
1974 1853 2194 1910 πᾶσαν

187 1971 239 2013 15
265 1951 389 2035 τὴν
447 1947 599 2035 περὶ
658 1949 777 2013 τὸν
831 1943 1023 2013 οἶνον
1075 1953 1530 2034 πραγματείαν
1585 1950 1962 2036 συμφώνως
2015 1950 2193 2039 αὐτῷ

264 2057 752 2143 προσάπτουσι,
807 2053 960 2139 περὶ
1017 2050 1092 2119 δὲ
1144 2065 1265 2120 τοῦ
1320 2058 1590 2133 πλείους
1634 2051 1982 2139 γεγονέναι
2030 2064 2192 2123 Διο-

264 2164 514 2240 νύσους
559 2162 1114 2246 ἀμφισβητοῦσιν.
1198 2164 1368 2227 ἔνιοι
1414 2159 1537 2246 μὲν
1581 2164 1710 2248 γάρ
1757 2162 1876 2228 ἕνα
1918 2162 2031 2229 καὶ
2074 2165 2194 2229 τὸν
2232 2186 2262 2232 2

267 2270 472 2335 αὐτὸν
529 2269 1019 2352 ἀποφαίνονται
1072 2267 1396 2350 γενέσθαι
1440 2271 1560 2334 τόν
1604 2292 1675 2333 τε
1720 2269 2195 2347 καταδείξαντα

268 2378 350 2441 τὰ
401 2377 566 2441 κατὰ
620 2376 735 2452 τὰς
790 2376 1163 2451 οἰνοποιίας
1216 2373 1330 2439 καὶ
1385 2377 1792 2459 συγκομιδὰς
1835 2387 1971 2444 τῶν
2018 2377 2195 2454 ξυλί-

192 2503 247 2542 20
272 2505 413 2546 νων
466 2478 897 2564 καλουμένων
951 2485 1227 2564 καρπῶν
1279 2479 1392 2545 καὶ
1445 2482 1565 2546 τὸν
1625 2483 2197 2567 στρατευσάμενον

271 2586 376 2653 ἐπὶ
420 2596 640 2653 πᾶσαν
683 2588 807 2670 τὴν
853 2587 1272 2673 οἰκουμένην,
1318 2591 1413 2653 ἔτι
1461 2585 1535 2654 δὲ
1577 2590 1698 2654 τὸν
1741 2591 1822 2654 τὰ
1867 2593 2196 2676 μυστήρια

267 2692 377 2760 καὶ
422 2694 683 2769 τελετὰς
736 2689 846 2758 καὶ
904 2696 1211 2776 βακχείας
1265 2696 1818 2780 εἰσηγησάμενον·
1873 2698 2043 2762 ἔνιοι
2098 2697 2197 2782 δέ,

266 2800 571 2884 καθάπερ
626 2808 971 2884 προεῖπον,
1026 2811 1204 2884 τρεῖς
1256 2799 1794 2886 ὑποστησάμενοι
1847 2802 2197 2886 γεγονέναι

266 2906 432 2971 κατὰ
497 2906 919 2985 διεστηκότας
979 2907 1300 2990 χρόνους,
1374 2904 1624 2995 ἑκάστω
1697 2909 2196 2993 προσάπτουσιν

187 3031 241 3073 25
269 3012 444 3088 ἰδίας
482 3009 775 3095 πράξεις·
820 3013 937 3075 καί
968 3027 1135 3094 φασι
1171 3013 1291 3076 τὸν
1337 3009 1459 3095 μὲν
1506 3013 1943 3098 ἀρχαιότατον
1981 3008 2196 3077 Ἰνδὸν
2233 3036 2265 3082 3

266 3116 649 3202 γεγονέναι,
704 3114 815 3181 καὶ
867 3125 984 3199 τῆς
1038 3118 1258 3202 χώρας
1314 3119 1698 3203 αὐτομάτως
1755 3120 1867 3183 διὰ
1919 3119 2045 3201 τὴν
2089 3119 2195 3183 εὐ-

266 3227 551 3309 κρασίαν
605 3223 942 3309 φερούσης
995 3224 1252 3307 πολλὴν
1305 3225 1598 3308 άμπελον
1644 3235 1909 3311 πρῶτον
1953 3233 2196 3289 τοῦτον

269 3330 643 3408 ἀποθλῖψαι
702 3331 991 3415 βότρυας
1048 3327 1160 3394 καὶ
1218 3330 1344 3413 τὴν
1403 3332 1633 3417 χρείαν
1694 3337 1810 3413 τῆς
1869 3328 2020 3415 περὶ
2079 3331 2197 3395 τὸν

414 3563 446 3612 2
479 3556 782 3628 φυομένων
812 3557 862 3611 D
972 3564 1005 3612 3
1034 3558 1467 3624 παραδίδοσθαι
1503 3556 1552 3609 D
1664 3564 1696 3611 9
1724 3559 1926 3613 τοῦτον
1956 3574 2063 3612 om.
2085 3556 2192 3611 OD.

377 3656 635 3717 qunonus
662 3656 702 3698 Ι.
1808 3653 1878 3703 24
