2569 4061
393 273 525 338 344
1057 268 1368 324 DIODORI
1405 268 1638 324 smum

322 458 355 507 5
390 438 734 522 χωρήσεσι.
828 433 1061 517 διόπερ
1128 431 1396 497 εὔθετοι
1457 432 1627 515 πρὸς
1691 432 1946 517 δρόμον
2011 429 2140 496 εἰσὶ
2204 430 2335 497 καὶ

392 540 811 623 λιθοβολίαν,
858 539 1414 621 διαπεπονηκότες
1448 544 1528 622 τῇ
1566 535 1800 622 μελέτῃ
1844 535 1954 602 καὶ
1990 544 2070 621 τῆ
2109 553 2329 622 συνη-

391 648 549 733 θείᾳ
585 646 666 710 τὰ
701 653 819 729 τῆς
855 646 1120 731 φύσεως
1155 646 1633 730 προτερήματα.
1699 646 2000 710 καθόλου
2040 641 2114 709 δὲ
2148 646 2335 731 πρὸς

391 754 550 829 τοὺς
594 751 1020 837 ἀλλοφύλους
1074 751 1225 816 οὔτε
1270 751 1346 815 τὸ
1404 751 1666 816 δίκαιον
1713 751 1866 816 οὔτε
1921 750 2045 834 τὴν
2089 753 2328 818 πίστιν

393 853 534 926 κατ’
587 857 831 924 οὐδένα
877 861 1127 945 τρόπον
1174 858 1627 942 διατηροῦσιν.
2360 877 2390 917 5

290 966 378 1031 50
583 969 715 1049 Τῆς
752 961 826 1030 δὲ
860 965 1080 1050 χώρας
1113 964 1155 1047 ἡ
1193 960 1317 1047 μὲν
1355 963 1600 1050 ὅμορος
1633 970 1713 1049 τῇ
1748 965 2027 1049 Κυρήνῃ
2065 965 2331 1049 γεώδης

398 1071 537 1139 ἐστὶ
581 1070 690 1137 καὶ
735 1072 1026 1147 πολλοὺς
1080 1069 1382 1155 φέρουσα
1427 1071 1750 1155 καρπούς·
1807 1070 1890 1135 οὐ
1936 1073 2146 1154 μόνον
2191 1074 2329 1158 γὰρ

397 1179 677 1265 ὑπάρχει
732 1179 1121 1263 σιτοφόρος,
1169 1176 1336 1242 ἀλλὰ
1384 1176 1496 1243 καὶ
1548 1178 1806 1260 πολλὴν
1851 1179 2178 1261 ἄμπελον,
2225 1180 2328 1244 ἔτι

402 1283 462 1350 δ’
516 1283 745 1349 ἐλαίαν
799 1286 930 1368 ἔχει
975 1281 1088 1348 καὶ
1139 1285 1264 1367 τὴν
1309 1283 1549 1371 ἀγρίαν
1605 1284 1778 1367 ὕλην
1822 1283 1933 1350 καὶ
1984 1287 2329 1369 ποταμοὺς

401 1391 797 1476 εὐχρηστίαν
824 1389 1346 1476 παρεχομένους·
1382 1392 1431 1475 ἡ
1466 1389 1525 1456 δ’
1560 1388 1726 1477 ὑπὲρ
1765 1393 1839 1457 τὸ
1867 1394 2097 1458 νότιον
2124 1391 2326 1479 μέρος
2358 1410 2415 1449 1⁰

398 1497 911 1582 ὑπερτείνουσα,
967 1495 1123 1562 καθ’
1175 1496 1264 1581 ἣν
1317 1499 1393 1562 τὸ
1438 1500 1672 1585 νίτρον
1727 1499 2027 1583 φύεσθαι
2082 1498 2326 1583 συμβέ-

399 1607 632 1689 βηκεν,
694 1605 985 1691 ἄσπορος
1044 1599 1214 1670 οὖσα
1266 1602 1380 1670 καὶ
1442 1606 1849 1683 σπανίζουσα
1911 1608 2327 1689 ναματιαίων

400 1711 700 1795 ὑδάτων,
765 1712 888 1794 τὴν
955 1714 1291 1798 πρόσοψιν
1363 1713 1496 1795 ἔχει
1567 1711 1834 1794 πελάγει
1906 1721 2324 1797 παρεμφερῆ·

403 1818 723 1903 οὐδεμίαν
772 1814 847 1883 δὲ
899 1814 1316 1903 παρεχομένη
1362 1820 1701 1883 ποικιλίαν
1754 1819 1921 1882 κατὰ
1964 1818 2084 1901 τὴν
2131 1816 2322 1883 ἰδέαν

404 1923 623 2014 ἐρήμῳ
660 1933 746 2012 γῆ
783 1924 1168 2011 περιέχεται,
1214 1932 1332 2008 τῆς
1366 1923 1841 2010 ὑπερκειμένης
1876 1924 2121 2009 έρήμου
2159 1924 2316 1988 δυσ-
2353 1941 2411 1982 15

332 2052 365 2101 2
405 2029 619 2113 έξιτον
665 2030 943 2117 ἐχούσης
986 2033 1061 2096 τὸ
1106 2028 1326 2117 πέρας.
1404 2030 1636 2117 διόπερ
1683 2027 1829 2097 οὐδ’
1867 2033 2103 2117 ὄρνεον
2151 2032 2324 2097 ἰδεῖν

405 2141 617 2223 ἔστιν,
664 2139 747 2205 οὐ
792 2139 1160 2224 τετράπουν
1216 2137 1290 2203 έν
1337 2137 1504 2224 αὐτῇ
1554 2142 1721 2226 ζῷον
1775 2140 1951 2222 πλὴν
2000 2139 2326 2225 δορκάδος

406 2244 517 2311 καὶ
559 2249 738 2329 βοός,
787 2245 869 2310 οὐ
916 2247 1048 2330 μὴν
1094 2245 1245 2310 οὔτε
1293 2247 1510 2329 φυτὸν
1558 2237 1697 2310 οὔτ’
1732 2245 1894 2310 ἄλλο
1941 2256 2077 2310 τῶν
2125 2247 2324 2311 δυνά-

407 2351 627 2438 μένων
690 2360 1169 2437 ψυχαγωγῆσαι
1235 2353 1359 2435 τὴν
1423 2353 1689 2437 ὅρασιν,
1754 2353 1843 2428 ὡς
1906 2350 1991 2417 ἂν
2054 2361 2171 2436 τῆς
2233 2354 2326 2429 εἰς

408 2451 768 2545 μεσόγειον
820 2459 1197 2543 ἀνηκούσης
1257 2467 1380 2541 γῆς
1443 2458 1723 2543 ἐχούσης
1795 2457 1899 2524 ἐπὶ
1973 2461 2049 2525 τὸ
2124 2468 2327 2545 μῆκος
2352 2473 2408 2514 2⁰

409 2565 708 2651 ἀθρόους
733 2571 950 2641 θῖνας.
1015 2559 1122 2648 ἐφ’
1156 2564 1320 2629 ὅσον
1359 2560 1431 2629 δὲ
1471 2567 1766 2644 σπανίζει
1802 2575 1937 2631 τῶν
1973 2568 2141 2652 πρὸς
2176 2567 2327 2650 ἥμε-

410 2693 534 2756 ρον
580 2673 732 2754 βίον
778 2670 1186 2753 ἀνηκόντων,
1233 2668 1341 2736 ἐπὶ
1386 2679 1667 2737 τοσοῦτο
1703 2674 1947 2755 πλήθει
1991 2674 2327 2738 παντοίων

409 2787 550 2853 ταῖς
606 2773 812 2853 ἰδέαις
865 2774 974 2842 καὶ
1029 2787 1169 2854 τοῖς
1223 2775 1579 2861 μεγέθεσιν
1625 2780 1879 2862 ὄφεων,
1927 2779 2210 2863 μάλιστα
2257 2775 2328 2844 δὲ

409 2892 543 2948 τῶν
588 2882 912 2947 τοιούτων
957 2881 1076 2961 οὓς
1120 2885 1698 2969 προσαγορεύουσι
1741 2885 2095 2970 κεράστας,
2142 2888 2214 2950 οἳ
2250 2886 2328 2949 τὰ

410 2984 533 3074 μὲν
578 2990 876 3073 δήγματα
921 2992 1369 3074 θανατηφόρα
1413 2998 1786 3074 ποιοῦνται,
1831 2991 1954 3074 τὴν
2002 2987 2075 3055 δὲ
2121 2993 2324 3076 χρόαν
2351 3004 2404 3045 25

343 3116 374 3165 3
412 3096 603 3186 ἅμμῳ
667 3098 1133 3182 παραπλησίαν
1198 3098 1450 3180 ἔχουσι·
1517 3098 1748 3181 διόπερ
1814 3095 2326 3182 ἐξωμοιωμένων

406 3202 636 3314 ffl'tvfflv
688 3203 853 3266 κατὰ
906 3202 1030 3285 τὴν
1082 3206 1419 3288 πρόσοψιν
1471 3213 1614 3280 τοῖς
1666 3203 2129 3287 ὑποκειμένοις
2181 3202 2324 3270 ἐδά-

558 3397 585 3443 1
629 3386 1011 3446 εύθετῶτατοι
1047 3392 1098 3445 11
1243 3392 1480 3464 δρόμον]
1519 3391 1768 3464 διωγμὸν
1804 3395 1853 3448 D
2001 3400 2064 3450 11
2115 3395 2325 3466 νίτρον]

412 3455 637 3513 νότειον
674 3461 745 3526 F3
783 3458 887 3529 τὴν
925 3456 1217 3530 ὅνόχειλον
1254 3464 1329 3518 Μ.
1363 3463 1618 3518 Schmidt
1728 3471 1795 3518 14
1832 3461 1976 3519 κατὰ
2018 3463 2121 3534 τὴν
2169 3462 2327 3520 ἰδέαν

413 3540 522 3579 om.
543 3527 593 3579 11
670 3535 737 3582 15
767 3532 1126 3598 δυσεξίτητον
1154 3530 1207 3584 Π
1283 3539 1350 3587 16
1381 3528 1591 3588 063³-
1611 3529 1706 3604 οὗ]
1728 3530 1933 3589 οὔτ’-
1957 3530 2088 3591 οὔτε
2118 3534 2325 3591 malim.
