2569 4061
746 406 843 463 DE
885 406 1230 466 SERMONE
1268 406 1661 464 DIODOREO.
2021 409 2173 466 LVII

224 578 402 636 inter
454 577 778 653 utrumque
831 575 1071 636 varient
1114 575 1257 636 libri
1304 578 1363 654 4,
1394 578 1496 654 34,
1527 579 1563 636 3
1604 580 1667 637 et
1703 580 1763 655 4,
1809 579 1873 636 et
1916 574 2179 657 κυνηγίοι

230 673 324 732 sit
382 674 577 750 3,15,
605 676 676 750 53
726 675 783 749 3,
816 675 918 749 25,
950 676 1016 751 33
1068 675 1124 748 3,
1155 675 1267 749 36,
1299 675 1367 752 3,
1415 675 1475 749 5,
1507 677 1615 751 39,
1646 677 1713 752 3,
1761 678 1821 752 5,
1854 676 1965 751 65,
1998 677 2063 752 3,
2114 676 2178 752 5,

233 771 345 846 76,
378 772 444 845 3,
495 772 557 847 9,
588 772 689 849 29,
723 775 792 847 1,
838 772 941 847 31,
973 772 1089 847 38,
1138 772 1240 844 34,
1274 775 1376 849 11,
1423 773 1489 831 et
1533 773 1678 831 alibi
1738 791 2003 851 semper,
2062 791 2173 833 nec

230 866 441 926 minus
469 868 531 926 in
559 866 932 948 κυνηγεσίων
960 870 1020 942 4,
1043 869 1146 946 81,
1166 870 1228 948 4,
1265 872 1327 928 et
1354 874 1697 949 κυνηγετῶν
1727 871 1829 948 31,
1854 872 1954 944 38,
1986 889 2172 947 quum

228 961 493 1043 κυνηγοὶ
537 969 600 1025 et
644 970 927 1046 κυνηγῶν
974 965 1055 1025 sit
1097 966 1160 1023 in
1221 967 1499 1026 omnibus
1540 968 1598 1043 3,
1630 969 1732 1043 26,
1764 970 1830 1045 1,
1881 969 1937 1044 3,
1970 969 2071 1043 36,
2099 969 2174 1044 4,

232 1064 300 1138 3,
334 1062 436 1140 37,
465 1063 522 1122 8.
615 1060 1020 1133 Quamobrem
1068 1081 1180 1139 ego
1227 1064 1376 1125 haec
1431 1063 1633 1124 omnia
1677 1064 1923 1124 correxi.
2013 1064 2174 1123 Nam

232 1158 358 1218 etsi
395 1160 624 1221 alterae
660 1161 908 1237 formae,
953 1162 1024 1219 ut
1061 1160 1489 1222 animadvertit
1524 1161 1905 1238 Phrynichus
1942 1181 2002 1237 p.
2022 1162 2178 1238 428,

232 1258 303 1315 et
332 1255 668 1317 Lobeckius
707 1277 766 1334 p.
797 1259 949 1333 432,
993 1257 1274 1317 meliores
1314 1262 1459 1319 sunt
1505 1262 1568 1319 et
1605 1258 1992 1336 antiquiores,
2032 1257 2173 1317 Dio·

233 1353 453 1412 dorum
505 1357 711 1414 tamen
763 1355 995 1431 pariter
1049 1357 1231 1431 atque
1277 1355 1595 1432 Polybium
1653 1356 2027 1432 probabilius
2075 1358 2176 1415 est

231 1453 588 1511 constanter
640 1471 821 1512 usum
877 1470 1008 1512 esse
1062 1452 1338 1526 noviciis,
1393 1457 1465 1513 ut
1519 1452 1782 1514 vicissim
1836 1452 2177 1513 Pausanias

233 1551 590 1608 constanter
631 1549 831 1609 utitur
876 1548 1103 1610 alteris.

420 1644 663 1705 Λεαίνω
718 1646 937 1706 dixisse
983 1645 1347 1720 Diodom,
1400 1664 1522 1706 non
1566 1650 1635 1707 ut
1684 1648 1740 1724 5,
1782 1648 1884 1726 28,
1925 1649 1962 1707 3
2011 1647 2176 1724 libri,

234 1738 696 1802 ἀπολειαίνουσι
748 1735 1193 1823 (ἀπολιαίνουσι
1229 1735 1344 1824 D),
1408 1742 1674 1802 ostendit
1722 1743 1906 1802 etiam
1952 1740 2174 1803 ἐκλεαί-

68 1830 95 1859 ⁶
232 1858 373 1899 νειν
422 1838 479 1910 3,
511 1839 615 1916 39,
647 1840 702 1898 9.
1735 1896 1740 1901 .

419 1930 784 2014 Λουομένου
824 1939 887 1996 et
919 1936 1248 2015 λουόμενον
1290 1940 1347 2015 4,
1371 1940 1474 2015 79,
1497 1940 1564 2014 2,
1607 1939 1707 2014 14,
1732 1939 1834 2013 80,
1857 1939 1916 2014 8,
1956 1936 2174 2013 scripsi

236 2028 538 2110 λουμένου
577 2038 639 2095 et
674 2033 970 2113 λούμενον
1004 2036 1286 2114 idemque
1314 2037 1477 2096 haud
1519 2036 1698 2097 dubie
1727 2035 2171 2096 restituendum

235 2131 492 2208 Polybio
544 2133 610 2191 in
667 2134 967 2209 particula
1012 2134 1088 2192 ab
1135 2133 1452 2194 Athenaeo
1508 2137 1751 2194 servata
1800 2135 1902 2210 26,
1934 2136 2036 2212 10,
2070 2136 2169 2207 16,

239 2229 349 2289 ubi
385 2226 735 2308 λυομένους,
771 2234 844 2290 ut
878 2231 960 2290 ib.
1003 2232 1085 2290 13
1116 2233 1179 2290 et
1211 2234 1312 2308 15,
1360 2226 1615 2307 ἐλούετο,
1653 2249 1839 2307 quum
1875 2232 1975 2290 vel
2011 2230 2177 2305 apud

242 2327 495 2386 Dionem
542 2326 679 2387 Chr.
719 2325 821 2388 Or.
862 2329 965 2401 23,
1013 2328 1131 2388 vol.
1173 2331 1230 2402 1,
1274 2347 1334 2403 p.
1365 2329 1491 2387 513
1540 2328 1622 2386 sit
1676 2324 1956 2403 λύοντας,
2011 2327 2174 2403 quod

243 2426 496 2495 λοῦντας
523 2425 752 2501 scripsi,
791 2427 862 2483 ut
890 2422 1053 2501 apud
1081 2423 1410 2484 Diodorum
1441 2426 1499 2497 5,
1522 2425 1623 2501 33,
1645 2426 1682 2483 5
1714 2427 1922 2484 λοῦσιν
1960 2422 2175 2500 scripsi

241 2539 354 2597 pro
399 2519 702 2598 λούουσιν,
749 2539 868 2599 qua
914 2521 988 2580 de
1033 2521 1229 2581 forma
1274 2521 1460 2581 etiam
1497 2521 1656 2596 apud
1690 2519 2056 2581 recentiores
2095 2521 2176 2580 ab

242 2617 504 2678 librariis
552 2619 732 2678 alteri
779 2618 1090 2695 supposita
1134 2618 1257 2677 dixi
1303 2618 1379 2679 ad
1426 2616 1815 2694 Stephanum.

421 2713 756 2795 Μεσόγειος
793 2734 977 2792 quum
1014 2716 1245 2792 pariter
1277 2718 1460 2791 atque
1490 2717 1696 2774 cetera
1731 2733 1866 2774 cum
1901 2721 1979 2795 γῆ
2018 2734 2175 2776 com-

241 2811 438 2888 posita
463 2833 648 2890 prope
686 2816 1033 2874 constanter
1059 2832 1168 2889 per
1205 2832 1257 2872 ει
1296 2812 1613 2889 scribatur,
1648 2812 1796 2871 ferri
1822 2829 1941 2870 non
1970 2814 2178 2888 potuit

246 2908 536 2993 μεσογαίῳ
587 2912 698 2987 11,
730 2912 840 2989 68,
874 2912 906 2971 1
960 2903 1301 2992 (μεσογε*ω
1328 2901 1425 2991 Ρ).
1492 2907 1665 2979 Quod
1711 2927 1889 2986 saepe
1934 2909 2173 2969 illatum

245 3006 426 3066 etiam
464 3006 685 3067 Atticis
723 3007 996 3086 aliisque,
1032 3010 1105 3067 ut
1131 3007 1256 3066 dixi
1294 3008 1370 3066 ad
1397 3006 1609 3081 Polyb.
1637 3007 1754 3066 vol.
1788 3010 1843 3082 1,
1879 3023 1937 3083 p.
1957 3006 2167 3069 XLIX.

422 3098 622 3181 Μέχρι
658 3106 800 3164 ante
836 3106 1105 3165 vocalem
1141 3105 1326 3165 toties
1353 3104 1649 3181 praebent
1683 3102 1827 3162 libri
1860 3104 2076 3180 optimi
2102 3108 2180 3162 ut

242 3220 416 3262 nemo
461 3199 740 3260 dubitare
784 3202 978 3278 possit
1022 3204 1368 3262 constanter
1404 3202 1518 3262 hoc
1553 3201 1780 3277 pariter
1818 3204 2001 3278 atque
2037 3197 2176 3278 ἄχρι

34 3207 39 3398 i
243 3316 375 3359 esse
420 3296 881 3359 restituendum.

33 3413 42 3456 λ
423 3388 625 3472 Μέχρι
653 3387 729 3453 ἂν
768 3386 863 3472 οὗ,
900 3394 1058 3472 quod
1100 3397 1201 3475 16,
1233 3397 1335 3473 60,
1369 3399 1424 3471 1,
1461 3393 1568 3455 ubi
1603 3390 1769 3476 μέχρι
1805 3390 1883 3453 ἂν
1921 3386 2028 3471 (ἂν
2057 3409 2172 3449 om.

34 3473 43 3800 t
243 3484 320 3575 P)
368 3482 446 3552 οὗ
484 3487 770 3570 ἔκτίσωσι,
814 3492 1129 3570 redarguit
1165 3511 1424 3570 sequens
1466 3494 1523 3569 2,
1570 3487 1737 3572 μέχρι
1773 3487 1850 3549 ἂν
1888 3484 2178 3556 ἐκτίσωσι,

384 3613 871 3686 Μεναλὸπήβῠλος
906 3632 1010 3687 pro
1049 3620 1490 3690 μεγαλεπίβολος
1521 3621 1569 3681 1,
1602 3620 1687 3681 19,
1716 3619 1777 3675 23
1828 3610 1890 3662 at
1932 3606 2086 3657 recte
2122 3600 2178 3652 D

241 3703 291 3768 2,
323 3702 374 3767 7,
405 3703 467 3763 2,
504 3699 557 3765 2,
584 3699 672 3763 20,
702 3700 734 3751 5
773 3697 943 3765 atque
980 3697 1024 3751 P
1063 3703 1149 3765 13,
1179 3701 1265 3761 68,
1296 3701 1353 3760 ὅ,
1395 3694 1465 3748 cf.
1504 3698 1591 3757 24,
1622 3695 1707 3755 10,
1739 3693 1788 3739 1.
