2569 4061
337 193 424 258 58
1004 188 1312 245 DIODORI
1349 186 1582 245 SICULI

339 365 545 439 φαγεϊ
578 349 640 419 δ’
684 352 768 419 οὐ
803 354 1015 437 μόνον
1052 352 1479 439 ἀνθρώπους,
1517 353 1685 418 ἀλλὰ
1721 350 1833 419 καὶ
1868 364 2004 420 τῶν
2044 355 2268 420 ἄλλων

336 473 472 526 τῶν
530 458 638 526 ἐπὶ
692 467 808 543 τῆς
859 467 981 543 γῆς
1038 455 1221 547 ζῴων
1274 460 1356 524 τὰ
1409 459 1947 546 προσπελάζοντα
2001 469 2092 549 τῷ
2148 482 2267 526 πο-

337 575 540 655 ταμῷ.
605 564 717 633 καὶ
760 568 841 631 τὰ
884 562 1009 650 μὲν
1055 566 1356 650 δήγματα
1396 577 1579 632 ποιεῖ
1618 566 1793 652 ἁδρὰ
1836 566 1948 633 καὶ
1992 568 2266 652 χαλεπά,

337 682 479 750 τοῖς
532 670 594 738 δ’
648 675 837 751 ὄνυξι
893 673 1130 749 δεινῶς
1184 673 1570 759 σπαράττει,
1627 670 1739 738 καὶ
1790 675 1866 739 τὸ
1922 670 2266 759 διαιρεθὲν

265 801 301 849 ὁ
337 787 455 864 τῆς
509 781 754 867 σαρκὸς
805 783 1143 856 παντελῶς
1199 778 1626 865 ἀπεργάζεται
1678 781 2015 846 δυσίατον.
2109 779 2266 865 ἐθη-
2293 797 2319 837 5

341 887 569 971 ρεύετο
627 883 702 952 δὲ
756 894 964 952 ταῦτα
1015 886 1097 950 τὰ
1145 889 1274 974 ζῷα
1328 887 1403 951 τὸ
1450 883 1574 970 μὲν
1626 888 1912 953 παλαιὸν
1956 886 2086 952 ὑπὸ
2131 898 2266 952 τῶν

252 1031 257 1036 -
339 994 731 1076 Αἰγυπτίων
812 991 1192 1078 ἀγκίστροις
1281 994 1553 1078 ἔχουσιν
1642 992 2267 1077 ἐπιδεδελεασμένας

338 1099 523 1175 ὑείας
559 1099 828 1184 σάρκας,
873 1099 1158 1184 ὕστερον
1195 1095 1271 1164 δὲ
1306 1095 1466 1165 ποτε
1502 1096 1625 1183 μὲν
1662 1101 1955 1177 δικτύοις
1988 1099 2266 1184 παχέσιν

340 1206 630 1289 ὡσπερεί
667 1227 843 1281 τινες
890 1206 1109 1289 ἰχθῦς,
1154 1201 1315 1270 ποτε
1362 1202 1423 1271 δ’
1468 1205 1802 1290 ἐμβολίοις
1846 1207 2148 1292 σιδηροῖς
2192 1205 2266 1272 ἐκ

334 1320 471 1376 τῶν
526 1309 788 1376 ἀκάτων
839 1313 1215 1396 τυπτόμενα
1271 1323 1566 1396 συνεχῶς
1619 1314 1714 1390 είς
1768 1314 1893 1398 τὴν
1945 1301 2260 1398 κεφαλήν.
2292 1333 2344 1374 10

264 1436 300 1485 6
336 1420 597 1499 πλῆθος
643 1414 704 1481 δ’
751 1416 974 1483 αὐτῶν
1018 1417 1371 1502 ἀμύθητόν
1407 1417 1545 1484 ἐστι
1590 1419 1755 1484 κατά
1791 1441 1860 1484 τε
1905 1421 2025 1484 τὸν
2063 1439 2264 1484 ποτα-

336 1523 467 1606 μὸν
502 1519 614 1587 καὶ
649 1524 764 1599 τὰς
799 1510 1284 1609 παρακειμένας
1321 1526 1580 1608 λίμνας,
1619 1524 1709 1601 ὡς
1747 1522 1831 1589 ἂν
1866 1526 2263 1608 πολυγόνων

335 1652 404 1694 τε
452 1630 668 1695 όντων
702 1627 814 1695 καὶ
851 1632 1145 1707 σπανίως
1178 1629 1310 1695 ὑπὸ
1355 1640 1491 1694 τῶν
1529 1629 1914 1715 ἀνθρώπων
1951 1630 2264 1717 ἀναιρου-

336 1733 585 1820 μένων·
630 1747 766 1802 τῶν
810 1733 933 1820 μὲν
967 1738 1096 1822 γὰρ
1144 1735 1485 1821 ἐγχωρίων
1519 1746 1661 1813 τοῖς
1703 1739 2037 1813 πλείστοις
2074 1740 2261 1821 νόμι-

335 1844 466 1926 μόν
511 1842 693 1909 ἐστιν
739 1843 827 1919 ὡς
871 1843 1040 1907 θεὸν
1086 1841 1405 1926 σέβεσθαι
1450 1842 1570 1907 τὸν
1614 1842 2076 1928 κροκόδειλον,
2121 1853 2263 1921 τοῖς
2291 1866 2342 1908 15

338 1947 400 2014 δ’
455 1949 861 2036 ἀλλοφύλοις
915 1949 1305 2034 ἀλυσιτελής
1350 1946 1532 2014 ἐστιν
1587 1949 1628 2032 ἡ
1675 1951 1858 2036 θήρα
1901 1954 2261 2035 παντελῶς,

264 2076 297 2124 '7
338 2055 462 2123 οὐκ
516 2058 723 2142 οὔσης
776 2055 1111 2142 ἐδωδίμου
1172 2065 1290 2142 τῆς
1345 2059 1604 2144 σαρκός.
1697 2053 1840 2122 ἀλλ’
1904 2058 2079 2140 ὅμως
2140 2067 2262 2124 τοῦ

335 2166 640 2248 πλήθους
694 2165 940 2231 τούτου
994 2162 1343 2250 φυομένου
1395 2165 1561 2230 κατὰ
1604 2175 1739 2230 τῶν
1792 2164 2175 2250 ἀνθρώπων
2219 2165 2260 2247 ἡ

336 2273 540 2356 φύσις
601 2274 1034 2338 κατεσκεύασε
1098 2272 1266 2356 μέγα
1330 2274 1674 2356 βοήθημα·
1739 2271 1776 2337 ὁ
1831 2273 1959 2357 γὰρ
2022 2272 2262 2339 καλού-

334 2401 534 2461 μενος
572 2380 924 2463 ἰχνεύμων,
971 2379 1430 2463 παραπλήσιος
1467 2377 1563 2441 ὢν
1608 2384 1820 2463 μικρῷ
1857 2381 2033 2460 κυνί,
2080 2399 2259 2464 περι-
2289 2401 2343 2441 20

336 2481 593 2568 έρχεται
619 2484 701 2547 τὰ
727 2493 863 2548 τῶν
888 2482 1337 2568 κροκοδείλων
1374 2476 1470 2569 (ρὰ
1498 2482 1898 2567 συντρίβων,
1924 2484 2262 2560 τίκτοντος
2299 2511 2368 2558 42

334 2598 457 2654 τοῦ
498 2584 668 2676 ζῴου
704 2589 883 2675 παρὰ
917 2589 1037 2653 τὸν
1071 2589 1392 2671 ποταμόν,
1427 2584 1540 2652 καὶ
1566 2588 1640 2652 τὸ
1678 2588 2258 2672 θαυμασιώτατον,

336 2695 490 2761 οὔτε
543 2697 916 2761 κατεσθίων
980 2694 1132 2760 οὔτε
1190 2693 1660 2779 ὠφελούμενος
1718 2690 1921 2760 οὐδὲν
1977 2695 2266 2760 διατελεῖ

335 2804 632 2887 φυσικήν
693 2825 844 2868 τινα
906 2803 1136 2887 χρείαν
1198 2799 1312 2866 καὶ
1374 2799 2006 2886 κατηναγκασμένην
2078 2799 2261 2887 ἐνερ-

265 2926 298 2976 8
334 2920 475 2993 γῶν
530 2911 625 2987 εἰς
679 2908 1060 2996 ἀνθρώπων
1123 2909 1526 2995 εὐεργεσίαν.
1620 2908 1657 2974 ὁ
1714 2904 1787 2973 δὲ
1850 2908 2258 2993 καλούμενος
2288 2928 2340 2970 25

333 3017 533 3094 ἵππος
586 3025 678 3105 τῷ
734 3014 1003 3101 μεγέθει
1067 3014 1190 3101 μέν
1254 3015 1435 3081 ἐστιν
1494 3000 1643 3080 οὐκ-
1676 3012 1966 3079 ἐλάττων
2029 3025 2259 3099 πηχῶν

332 3123 557 3208 πέντε,
612 3124 975 3210 τετράπους
1031 3116 1093 3187 δ’
1150 3123 1246 3188 ὢν
1301 3120 1410 3187 καὶ
1466 3122 1735 3206 δίχηλος
1787 3123 2260 3208 παραπλησίως

333 3241 474 3308 τοῖς
544 3228 744 3315 βουσὶ
816 3234 975 3308 τοὺς
1040 3228 1516 3314 χαυλιόδοντας
1586 3230 1718 3313 ἔχει
1792 3231 2051 3313 μείζους
2123 3239 2258 3294 τῶν

478 3392 509 3439 2
566 3388 665 3455 τῆς
701 3405 808 3444 om.
848 3387 897 3441 D
1052 3392 1085 3441 3
1141 3380 1320 3458 ἁδρὰ]
1368 3382 1586 3457 μεγάλα
1636 3384 1723 3441 OF
1889 3391 1957 3442 23
2016 3381 2083 3440 οὗ
2125 3405 2259 3440 κατ·

334 3455 547 3507 εσθίων
585 3455 635 3507 D
780 3464 849 3513 26
890 3455 1096 3513 ἐλάττω
1136 3458 1204 3513 D.
