2569 4061
906 402 930 455 Ι
970 406 1053 457 75.
1096 406 1177 455 76.
1883 400 2009 464 129

82 568 310 649 νόμων
359 564 432 629 έν
477 566 761 648 βιβλίοις
810 564 978 627 ὀκτὼ
1026 561 1529 647 γεγραμμένων,
1584 562 1696 629 καὶ
1753 565 2012 629 τούτων

81 670 584 757 παρακειμένων
621 680 759 746 τοῖς
790 670 1148 750 δικασταῖς,
1189 670 1350 744 ἔθος
1389 664 1474 750 ἧν
1500 671 1618 734 τὸν
1657 667 1776 754 μὲν
1813 673 2011 753 κατή-

84 800 293 863 γορον
337 777 587 862 γράψαι
632 770 788 841 καθ’
841 777 916 841 ἓν
962 771 1058 841 ὧν
1100 775 1393 840 ἐνεκάλει
1438 772 1548 839 καὶ
1594 786 1730 851 πῶς
1774 776 2007 859 γέγονε

86 881 198 947 καὶ
255 884 375 965 τὴν
430 882 621 960 ἀξίαν
675 891 796 947 τοῦ
853 881 1253 965 ἀδικήματος
1300 880 1340 963 ἢ
1388 889 1502 963 τῆς
1556 881 1833 964 βλάβης,
1893 884 2010 947 τὸν

34 1009 62 1048 5
93 989 633 1075 ἀπολογούμενον
671 986 744 1054 δὲ
783 991 1073 1071 λαβόντα
1111 989 1184 1051 τὸ
1224 982 1679 1072 χρηματισθὲν
1711 986 1840 1051 ὑπὸ
1877 998 2012 1052 τῶν

92 1095 444 1161 ἀντιδίκων
494 1096 895 1180 ἀντιγράψαι
932 1096 1097 1179 πρὸς
1134 1092 1414 1157 ἕκαστον
1452 1093 1537 1169 ὡς
1576 1092 1699 1158 οὐκ
1735 1092 2012 1177 ἔπραξεν

88 1201 127 1285 ἢ
165 1203 415 1288 πράξας
453 1201 577 1266 οὐκ
612 1202 929 1284 ἠδίκησεν
964 1198 1007 1282 ’ἢ
1046 1199 1364 1282 ἀδικήσας
1401 1198 1748 1277 ἐλάττονος
1788 1201 2012 1282 ζημίας

88 1309 267 1387 ἄξιός
304 1307 444 1373 ἐστι
480 1318 719 1391 τυχεῖν.
804 1309 1027 1371 ἔπειτα
1062 1308 1350 1389 νόμιμον
1379 1300 1464 1388 ἦν
1492 1307 1611 1371 τὸν
1637 1309 2012 1391 κατήγορον
2051 1333 2079 1379 7

89 1414 487 1499 ἀντιγράψαι
542 1411 653 1478 καὶ
709 1413 911 1478 πάλιν
968 1412 1086 1475 τὸν
1132 1411 1674 1496 ἀπολογούμενον
1720 1412 2010 1477 ἀντιθεῖ-

7 1541 60 1579 10
87 1544 215 1585 ναι.
311 1517 707 1603 ἀμφοτέρων
755 1514 827 1582 δὲ
884 1526 1017 1580 τῶν
1072 1516 1429 1583 ἀντιδίκων
1467 1521 1546 1582 τὰ
1591 1518 2009 1604 γεγραμμένα

91 1625 194 1701 δὶς
240 1635 381 1699 τοῖς
429 1625 767 1698 δικασταῖς
815 1624 1105 1705 δόντων,
1159 1624 1234 1687 τὸ
1281 1622 1621 1705 τηνικαῦτ’
1675 1626 1809 1689 ἔδει
1853 1628 2010 1700 τοὺς

90 1728 219 1814 μὲν.
241 1729 595 1813 τριάκοντα
622 1730 737 1803 τὰς
766 1729 1034 1811 γνώμας
1062 1727 1132 1793 ἐν
1155 1728 1465 1811 ἀλλήλοις
1493 1728 2008 1811 ἀποφαίνεσθαι,

91 1836 211 1899 τὸν
259 1834 730 1919 ἀρχιδικαστὴν
769 1831 842 1900 δὲ
888 1836 962 1899 τὸ
1013 1831 1249 1922 ζςόδιον
1286 1842 1403 1917 τῆς
1449 1834 1767 1917 ἀληθείας
1810 1850 2011 1918 προσ-

88 1944 407 2005 τίθεσθαι
462 1949 539 2025 τῇ
597 1938 786 2027 ἑτέρᾳ
832 1951 967 2006 τῶν
1014 1940 1586 2025 ἀμφισβητήσεων.
1679 1941 1892 2028 τούτῳ
1942 1936 2013 2004 δὲ
2037 1946 2117 2009 ΤΘ

7 2069 59 2108 15
87 2057 176 2136 τῷ
224 2050 447 2135 τρόπω
493 2049 609 2124 τὰς
654 2052 905 2132 κρίσεις
951 2049 1163 2124 πάσας
1210 2053 1556 2113 συντελεῖν
1603 2051 1760 2123 τοὺς
1807 2049 2014 2129 Λίγυ-

86 2157 338 2236 πτίους,
368 2157 757 2237 νομίζοντας
786 2154 857 2220 ἐκ
878 2150 1000 2239 μὲν
1018 2163 1140 2219 τοῦ
1168 2153 1387 2238 λέγειν
1409 2157 1567 2231 τοὺς
1595 2157 2016 2238 συνηγόρους

87 2261 299 2326 πολλά
327 2270 466 2336 τοῖς
495 2261 778 2336 δικαίοις
808 2261 1287 2343 ἐπισκοτήσειν·
1328 2259 1439 2326 καὶ
1476 2261 1604 2345 γὰρ
1642 2263 1758 2336 τὰς
1783 2259 2015 2343 τέχνας

87 2377 220 2431 τῶν
269 2367 572 2453 ρητόρων
616 2365 727 2431 καὶ
774 2367 896 2448 τὴν
934 2375 1049 2449 τῆς
1094 2367 1506 2451 ὑποκρίσεως
1550 2368 1858 2450 γοητείαν
1903 2365 2013 2431 καὶ

88 2475 167 2537 τὰ
221 2484 355 2537 τῶν
408 2474 947 2538 κινδυνευόντων
1004 2474 1259 2558 δάκρυα
1314 2475 1604 2548 πολλοὺς
1657 2472 2012 2558 προτρέπε-

7 2598 63 2637 20
92 2585 256 2642 σθαι
301 2589 603 2666 παρορᾶν
640 2580 716 2643 τὸ
761 2590 895 2644 τῶν
931 2583 1159 2662 νόμων
1197 2579 1534 2663 ἀπότομον
1576 2577 1686 2644 καὶ
1729 2581 1853 2662 τὴν
1898 2590 2011 2665 τῆς

93 2683 410 2766 ἀληθείας
447 2685 812 2771 ἀκρίβειαν·
856 2692 1267 2771 θεωρεῖσθαι
1305 2694 1474 2768 γοῦν
1510 2689 1666 2763 τοὺς
1703 2685 2009 2753 ἐπαινου-
2049 2714 2079 2758 2

90 2789 331 2874 μένους
377 2791 450 2856 ἐν
487 2800 577 2878 τῷ
623 2793 878 2878 κρίνειν
926 2793 1240 2869 πολλάκις
1284 2791 1325 2874 ἢ
1374 2789 1463 2856 δι’
1509 2792 1764 2877 ἀπάτην
1809 2793 1849 2876 ἢ
1901 2795 2010 2858 διὰ

87 2899 523 2980 ψυχαγωγίαν
550 2897 590 2979 ἢ
622 2900 733 2962 διὰ
769 2901 843 2963 τὸ
872 2901 1039 2983 πρὸς
1064 2899 1183 2963 τὸν
1218 2901 1407 2963 ἔλεον
1435 2900 1652 2974 πάθος
1690 2914 2007 2982 συνεκφε-

90 3001 413 3086 ρομένους
440 3012 519 3088 τῇ
552 3005 829 3087 δυνάμει
865 3015 999 3069 τῶν
1038 3006 1621 3089 συνηγορούντων·
1671 3005 1741 3070 ἐκ
1780 3003 1852 3070 δὲ
1890 2992 2010 3068 τοῦ

7 3126 61 3166 25
88 3108 376 3192 γράφειν
403 3111 486 3173 τὰ
515 3111 736 3173 δίκαια
763 3113 922 3184 τοὺς
949 3109 1328 3186 ἀντιδίκους
1361 3109 1576 3198 ᾤοντο
1614 3113 1730 3187 τὰς
1765 3113 2010 3195 κρίσεις

90 3213 381 3299 ἀκριβεῖς
432 3217 736 3298 ἔσεσθαι,
783 3225 1058 3298 γυμνῶν
1102 3225 1237 3279 τῶν
1272 3217 1676 3300 πραγμάτων
1713 3222 2012 3294 θεωρου-

87 3319 320 3404 μένων.
416 3320 591 3384 οὕτω
639 3323 766 3406 γὰρ
816 3320 953 3401 [ἂν]
1004 3323 1284 3405 μάλιστα
1332 3324 1491 3405 μήτε
1540 3325 1695 3396 τοὺς
1741 3318 2011 3396 εὐφυεῖς
2046 3336 2079 3380 3

86 3435 219 3490 τῶν
266 3426 698 3512 βραδυτέρων
742 3431 1248 3521 πλεονεκτήσειν
1305 3431 1464 3510 μήτε
1519 3429 1674 3500 τοὺς
1731 3421 2023 3515 ένηθληή

232 3588 297 3636 21
340 3579 812 3669 ἐπαινουμένους]
854 3579 1304 3670 ἀγωνιζομένους
1341 3580 1393 3632 II
1530 3584 1598 3631 24
1636 3566 2013 3641 συνηγορούν-

86 3653 223 3723 των]
266 3658 547 3722 λεγοντων
586 3655 637 3709 II
784 3660 849 3708 27
891 3674 966 3708 αν
1005 3652 1111 3707 del.
1150 3651 1315 3704 Dmd.
1807 3695 1811 3698 .

196 3752 447 3794 D1ononns
477 3755 515 3795 Ι.
1662 3738 1693 3782 9
