2569 4061
1038 244 1115 299 IV
1153 250 1239 301 41.
1269 250 1355 299 42.
2027 245 2155 310 461

233 410 558 484 ελθόντας
600 404 873 472 ἑλέσθαι
911 416 1104 490 σφῶν
1142 405 1364 470 αὐτῶν
1401 410 1772 493 στρατηγὸν
1807 404 2160 493 Ἡρακλέα,

232 516 719 609 προκρίναντας
776 507 919 579 κατ’
986 512 1320 598 ἀνδρείαν.
1428 507 1624 577 ἔπειτ’
1692 513 1764 579 ἐκ
1820 522 1936 597 τῆς
1988 508 2162 579 Ἰωλ-
2181 513 2269 581 42

232 629 357 685 κοῦ
402 621 523 685 τὸν
570 622 859 686 ἔκπλουν
903 616 1418 704 ποιησαμένους,
1464 617 1576 684 καὶ
1621 620 2163 704 παραλλάξαντας

231 728 351 792 τόν
396 748 466 790 τε
497 724 685 792 ’Ἀθω
732 725 844 793 καὶ
889 722 1387 812 Σαμοθρᾴκην,
1442 735 1715 811 χειμῶνι
1761 738 2163 811 περιπεσεῖν,

178 852 206 894 5
232 833 343 899 καὶ
378 840 919 921 προσενεχθῆναι
962 842 1078 916 τῆς
1122 833 1437 922 Τρωάδος
1482 833 1646 917 πρὸς
1682 834 1977 915 Σίγειον.
2060 830 2165 898 ἐν-

231 946 453 1006 ταῦθα
499 936 562 1006 δ’
620 941 843 1006 αὐτῶν
887 940 1013 1023 τὴν
1059 939 1391 1022 ἀπόβασιν
1434 937 1934 1023 ποιησαμένων,
1982 937 2166 1023 εὑρε-

231 1050 447 1131 θῆναί
486 1063 653 1131 φασι
695 1044 1041 1131 παρθένον
1081 1044 1443 1130 δεδεμένην
1477 1047 1658 1131 παρὰ
1702 1046 1822 1111 τὸν
1860 1045 2167 1128 αἰγιαλὸν

235 1154 346 1218 διὰ
404 1154 717 1230 τοιαύτας
773 1153 1004 1229 αἰτίας.
1105 1150 1364 1235 λέγεται
1416 1154 1537 1218 τὸν
1592 1152 1993 1218 Ποσειδῶνα
2054 1151 2167 1215 διὰ
2204 1172 2235 1220 2

233 1262 356 1343 τὴν
420 1257 1026 1344 μυθολογουμένην
1085 1269 1220 1324 τῶν
1293 1263 1610 1345 Τρωικῶν
1673 1269 1909 1347 τειχῶν
1972 1281 2168 1325 κατα-

153 1383 208 1424 10
236 1366 483 1448 σκευὴν
556 1368 927 1448 μηνίσαντα
991 1363 1414 1449 Λαομέδοντι
1484 1374 1575 1454 τῷ
1640 1368 1906 1449 βασιλεῖ
1971 1374 2167 1449 κῆτος

235 1471 495 1537 ἀνεῖναι
546 1470 619 1535 ἐκ
663 1480 785 1536 τοῦ
831 1472 1160 1555 πελάγους
1214 1473 1382 1556 πρὸς
1434 1473 1558 1554 τὴν
1601 1473 1855 1557 χώραν·
1895 1471 2040 1563 ’ὑπὸ
2093 1467 2167 1536 δὲ

234 1577 479 1641 τούτου
519 1576 678 1653 τούς
722 1599 793 1641 τε
837 1578 1017 1663 παρὰ
1056 1578 1176 1642 τὸν
1214 1578 1521 1659 αἰγιαλὸν
1559 1578 2021 1661 διατρίβοντας
2055 1575 2168 1642 καὶ

234 1685 392 1759 τοὺς
455 1691 920 1769 γεωργοῦντας
981 1684 1105 1766 τὴν
1174 1683 1717 1768 παραθαλάττιον
1779 1682 2169 1767 παραδόξως

236 1789 805 1873 συναρπάζεσθαι·
870 1791 1037 1874 πρὸς
1103 1785 1176 1854 δὲ
1239 1790 1503 1866 τούτοις
1567 1790 1804 1874 λοιμὸν
1862 1788 2169 1873 ἐμπεσεῖν

159 1913 210 1954 15
236 1895 330 1972 εἰς
383 1895 464 1959 τὰ
516 1896 745 1979 πλήθη
799 1892 914 1960 καὶ
966 1905 1241 1980 καρπῶν
1295 1900 1583 1979 παντελῆ
1639 1895 1944 1980 φθοράν,
2000 1894 2168 1959 ὥστε

236 2003 485 2080 πάντας
533 2001 1015 2085 ἐκπλήττεσθαι
1063 2001 1140 2067 τὸ
1198 1998 1485 2087 μέγεθος
1537 2008 1653 2085 τῆς
1706 1999 2167 2088 περιστάσεως.

238 2109 345 2172 διὸ
391 2106 503 2174 καὶ
542 2110 1046 2194 συντρεχόντων
1091 2119 1228 2174 τῶν
1272 2110 1491 2193 ὄχλων
1536 2110 1632 2185 εἰς
1668 2108 2021 2191 ἐκκλησίαν
2055 2104 2168 2173 καὶ
2205 2129 2237 2178 3

239 2216 615 2299 ζητούντων
652 2216 1040 2299 ἀπαλλαγὴν
1060 2226 1210 2303 ,τῶν
1249 2214 1705 2299 ἀτυχημάτων,
1752 2213 2008 2298 λέγεται
2048 2216 2169 2279 τὸν

239 2319 511 2402 βασιλέα
570 2321 822 2406 πέμψαι
881 2324 1046 2407 πρὸς
1103 2323 1223 2387 τὸν
1275 2319 1571 2387 Ἀπόλλω
1631 2324 1789 2397 τοὺς
1847 2319 2170 2406 ἐπερωτή-

159 2443 214 2484 20
240 2442 482 2501 σοντας
545 2425 694 2512 περὶ
757 2438 893 2492 τῶν
953 2431 1484 2512 συμβεβηκότων.
1590 2427 1980 2504 ἐκπεσόντος
2045 2421 2170 2492 οὗν

239 2541 544 2617 χρησμοῦ
581 2540 784 2617 μῆνιν
818 2533 1141 2619 ὑπάρχειν
1179 2536 1632 2617 Ποσειδῶνος,
1676 2531 1788 2599 καὶ
1822 2535 1969 2599 τότε
2014 2534 2171 2599 ταύ-

236 2659 361 2720 την
389 2636 611 2721 λήξειν
637 2638 803 2704 ὅταν
831 2640 902 2704 οἱ
934 2645 1159 2727 Τρῶες
1194 2643 1270 2706 τὸ
1309 2644 1515 2725 λαχὸν
1542 2652 1676 2706 τῶν
1703 2639 1956 2707 τέκνων
1984 2638 2170 2707 ἑκου-

238 2747 398 2822 σίως
462 2746 813 2832 παραδῶσι
870 2748 1083 2833 βορὰν
1146 2754 1238 2835 τῷ
1304 2751 1517 2832 κήτει,
1586 2745 1796 2833 φασὶν
1859 2747 2172 2814 ἁπάντων

237 2852 333 2927 εἰς
377 2852 497 2916 τὸν
553 2856 803 2939 κλῆρον
854 2851 1315 2937 ἐμβαινόντων
1362 2853 1753 2920 ἐπανελθεῖν
1807 2856 1903 2931 εἰς
1947 2851 2172 2919 Ἡσιό-

159 2974 210 3015 25
239 2979 367 3039 νην
412 2956 537 3039 τὴν
582 2965 704 3021 τοῦ
750 2956 1073 3040 βασιλέως
1118 2957 1488 3045 θυγατέρα·
1551 2961 1781 3044 διόπερ
1827 2960 1948 3022 τὸν
1992 2962 2171 3023 Λαο-
2207 2977 2243 3025 4

241 3057 527 3144 μέδοντα
585 3061 1225 3146 συναναγκασθέντα
1277 3064 1700 3152 παραδοῦναι
1751 3063 1876 3144 τὴν
1920 3060 2171 3147 παρθέ-

239 3188 365 3236 νον
409 3164 520 3230 καὶ
558 3168 826 3252 δεσμοῖς
865 3172 1413 3255 καταλαβόμενον
1453 3169 1801 3236 ἀπολιπεῖν
1837 3169 2015 3252 παρὰ
2051 3169 2172 3233 τὸν

241 3273 564 3354 αἰγιαλόν.
596 3272 893 3340 ἐνταῦθα
909 3272 982 3341 δὲ
1001 3278 1121 3342 τὸν
1139 3273 1602 3364 μὲν“Ηρακλέα
1620 3276 1781 3359 μετὰ
1799 3284 1934 3339 τῶν
1946 3269 2172 3360 ’Λργο-
2208 3293 2241 3341 5

418 3436 485 3485 12
540 3450 600 3486 τε
660 3448 770 3487 om.
822 3432 990 3487 Dind.
1176 3438 1242 3487 13
1302 3428 1665 3556 noeqoeffdfimcil
1721 3431 2067 3502 παραχρῆμα
2116 3429 2170 3483 ΙΙ

239 3506 308 3555 24
347 3495 750 3575 ἐμβληθέντων
787 3503 841 3557 Π
968 3510 1036 3559 28
1077 3502 1140 3559 δὲ
1182 3508 1241 3559 et
1277 3501 1384 3574 μὲν
1423 3519 1530 3557 om.
1569 3521 1644 3562 vu
1666 3521 1720 3573 g.
