2569 4061
369 213 493 269 LVI
1117 213 1546 270 PRAEFATIO.

373 380 705 443 ἐπιναύσια.
743 381 959 458 Itaque
985 400 1105 441 non
1123 381 1269 441 duxi
1298 383 1638 442 consultum
1657 383 2014 442 deteriorem
2043 383 2299 441 formam

373 499 445 540 ex
490 478 839 539 melioribus
887 497 1065 556 saepe
1113 480 1200 539 sic
1244 479 1598 539 fallentibus
1645 480 1927 556 recipere.

550 574 947 656 Κροκόδειλος
1002 578 1120 637 etsi
1174 577 1333 651 apud
1379 575 1711 637 Diodorum
1766 580 2111 638 constanter
2158 577 2299 635 scri-

372 673 557 752 bitur,
605 676 675 734 ut
721 674 884 751 apud
921 673 1298 753 Strabonem,
1342 673 1462 732 nisi
1499 674 1659 750 quod
1706 675 1865 751 apud
1910 675 2067 735 hunc
2115 675 2300 735 semel

374 789 531 831 unus
574 774 653 831 17
695 792 751 848 p.
783 760 908 832 81'1
950 770 1366 851 Κροκοδείλων
1404 765 1470 831 δὲ
1505 769 1672 843 πόλις
1722 767 1977 831 ἐκαλεῖτο
2013 770 2299 851 πρότερον

372 870 572 928 mutat
617 869 683 928 in
725 867 1172 947 Κορκοδείλων,
1218 872 1425 928 tamen
1470 888 1656 945 quum
1700 868 1914 929 Dionis
1961 867 2154 928 Cassii
2195 869 2300 943 55,

380 967 480 1044 10,
512 967 549 1025 8
590 964 773 1025 codex
799 965 1068 1025 Venetus
1103 965 1263 1025 idem
1291 966 1583 1041 praebeat
1621 985 1732 1044 pro
1768 968 1978 1040 altero,
2015 968 2174 1044 quod
2202 966 2302 1026 hic

377 1067 441 1123 et
487 1062 633 1122 alibi
676 1063 847 1138 ponit
890 1062 1234 1139 Xiphilinus
1280 1083 1416 1124 cum
1463 1066 1696 1140 ceteris,
1740 1067 1804 1125 et
1848 1064 2041 1126 Levit.
2083 1067 2183 1142 11,
2214 1067 2299 1124 29

372 1159 818 1219 Alexandrinus
846 1157 1210 1237 κορκόδιλος,
1239 1163 1302 1220 et
1331 1159 1609 1222 Chronici
1635 1162 1943 1222 Paschalis
1968 1162 2301 1223 Vaticanus

374 1276 431 1332 p.
465 1256 591 1316 156
623 1255 678 1314 D
724 1256 1172 1335 κορκοδείλους,
1226 1257 1360 1317 fieri
1413 1263 1645 1337 potest,
1696 1263 1768 1320 ut
1823 1260 2006 1320 ctiam
2050 1260 2303 1319 Diodori

379 1352 600 1412 fallant
644 1352 901 1432 codices,
958 1354 1074 1414 etsi
1130 1355 1257 1415 sine
1313 1357 1439 1415 ullo
1494 1375 1703 1417 eorum
1755 1357 1973 1417 indicio
2027 1358 2302 1415 neutrius

373 1449 654 1510 vocabuli
690 1450 1070 1513 sollicitanda
1115 1457 1211 1513 est
1255 1453 1579 1530 scriptura:
1628 1452 1888 1515 Dindorf
1909 1454 2052 1515 edit.
2071 1453 2301 1513 Teubn.

374 1546 434 1605 V
477 1568 536 1625 p.
571 1546 738 1609 XIII.

551 1646 764 1723 Κυεῐν,
800 1666 921 1708 non
957 1646 1146 1725 κύειν,
1187 1649 1401 1726 scripsi
1441 1652 1499 1726 2,
1535 1651 1639 1727 42,
1672 1653 1726 1710 1.
1787 1648 1879 1709 De
1918 1667 2036 1725 quo
2075 1649 2199 1708 dixi
2226 1649 2301 1708 ad

372 1742 518 1804 Xen.
570 1742 785 1821 Cyrop.
827 1745 884 1819 5,
912 1747 972 1822 4,
1002 1747 1103 1805 35.
2293 1811 2302 1817 ,

553 1839 988 1899 Κυλινδεῖσθαι
1023 1840 1223 1914 potius
1252 1838 1586 1899 Diodorum
1624 1839 1844 1899 dixisse
1883 1856 2064 1916 quam
2101 1840 2300 1900 κυλίν-

378 1934 590 1996 δεσθαι
628 1935 861 1996 duobus
898 1936 1184 2012 exemplis
1225 1938 1282 2013 3,
1316 1938 1416 2015 16,
1447 1939 1506 2016 4,
1543 1938 1650 1997 ubi
1684 1935 2065 2016 κυλινδεῖται,
2104 1941 2166 1999 et
2199 1942 2301 2015 13,

380 2035 481 2111 13,
513 2035 570 2109 6,
610 2034 717 2094 ubi
752 2029 1244 2114 κυλινδουμένας,
1280 2036 1399 2096 etsi
1433 2036 1662 2097 formae
1698 2036 2031 2115 barytonae
2065 2038 2303 2113 nullum

377 2130 538 2209 apud
584 2151 723 2193 eum
778 2136 873 2195 est
932 2136 1297 2214 exemplum,
1351 2153 1471 2195 non
1526 2134 1720 2212 magis
1774 2135 2067 2212 probatur
2120 2154 2302 2213 quam

375 2230 606 2291 formae
651 2233 991 2292 contractae
1038 2231 1199 2307 apud
1234 2231 1471 2292 Atticos
1518 2232 1827 2309 exemplis.
1903 2232 2306 2294 Κυλίνδονται

376 2325 518 2385 libri
556 2344 761 2386 omnes
799 2326 1136 2385 Pausaniae
1177 2328 1277 2403 10,
1311 2330 1411 2401 13,
1442 2329 1501 2395 2,
1546 2326 2109 2407 προκυλινδομένων
2146 2350 2304 2391 unus

376 2422 535 2482 Plut.
576 2421 724 2481 Suu.
761 2439 809 2483 c.
852 2424 952 2499 14,
996 2422 1168 2481 cuius
1213 2423 1358 2482 libri
1401 2424 1549 2483 alibi
1593 2428 1700 2483 aut
1743 2424 2158 2485 κυλινδεῖσθαι
2202 2446 2300 2486 ex·

375 2519 588 2579 hibent
634 2521 743 2579 aut
787 2518 1220 2598 καλινδεῖσθαι,
1265 2540 1519 2596 quorum
1556 2522 1666 2581 aut
1709 2520 1824 2581 hoc
1859 2520 2084 2597 ubique
2129 2523 2304 2582 resti·

375 2617 669 2676 tuendum
722 2620 832 2677 aut
889 2617 1041 2676 illud
1093 2618 1160 2677 in
1221 2617 1612 2678 κυλίνδεσθαι
1668 2618 2024 2678 mutandum
2041 2664 2057 2692 ,
2120 2622 2305 2696 atque

380 2715 538 2790 apud
566 2713 897 2776 Diodorum
926 2718 1035 2775 aut
1070 2716 1483 2777 καλινδεῖσθαι
1519 2713 1898 2777 scribendum
1925 2717 2169 2777 videtur
2195 2721 2306 2778 aut

377 2811 796 2890 κυλίνδεσθαι,
857 2813 974 2873 etsi
1018 2832 1166 2874 usus
1212 2817 1309 2874 est
1354 2813 1537 2875 etiam
1592 2813 1790 2882 aliena
1835 2831 1873 2873 a
1916 2833 2097 2891 prosa
2141 2816 2302 2877 Atti·
2351 2827 2362 2838 “

379 2929 585 2971 corum
631 2910 823 2971 forma
868 2909 1091 2971 κυλίειν
1141 2908 1322 2988 [quae
1368 2912 1626 2972 occurrit
1673 2914 1731 2990 1,
1761 2913 1864 2991 87,
1896 2915 1962 2988 5,
2012 2915 2069 2990 3,
2100 2915 2204 2989 40,
2234 2916 2304 2992 43

377 3011 435 3084 4,
476 3010 580 3085 59,
617 3005 708 3085 4].

555 3107 862 3185 Κυνηγεῖν
896 3124 1006 3183 pro
1043 3109 1386 3187 κυνηγετεῖν
1432 3127 1614 3185 quum
1665 3126 1738 3169 ex
1781 3108 1952 3168 libris
2001 3108 2083 3169 sit
2126 3109 2305 3170 resti-

376 3207 580 3264 tutum
620 3207 678 3280 2,
707 3206 809 3276 40,
842 3206 907 3281 63
956 3206 1017 3281 3,
1045 3205 1151 3280 44,
1184 3207 1248 3282 23
1287 3208 1347 3283 4,
1379 3206 1479 3282 34,
1510 3207 1570 3280 4,
1621 3208 1684 3265 et
1719 3204 1782 3265 in
1820 3206 2095 3267 omnibus
2135 3206 2216 3267 sit
2247 3209 2307 3282 3,

381 3301 483 3372 25,
515 3303 582 3377 43
621 3303 723 3377 31,
753 3303 866 3377 383
906 3302 1008 3374 34,
1040 3303 1143 3376 34,
1190 3301 1475 3362 credibile
1515 3305 1608 3363 est
1645 3302 1830 3362 etiam
1867 3305 1928 3379 4,
1957 3304 2062 3380 84,
2092 3305 2152 3377 4,
2198 3304 2306 3363 ubi

378 3411 584 3453 omnes
638 3401 1010 3476 κυνηγετεῖν,
1071 3417 1276 3459 omnes
1332 3399 1571 3473 fallere,
1627 3403 1698 3458 ut
1755 3399 1916 3476 apud
1961 3399 2307 3479 Polybium,

377 3488 724 3565 pariterque
752 3493 814 3553 in
842 3494 1164 3575 κυνηγεσία
1195 3499 1255 3574 4,
1277 3497 1381 3573 81,
1405 3499 1473 3572 4;
1514 3498 1617 3574 31,
1640 3499 1740 3574 27,
1763 3498 1829 3572 83
1862 3499 1965 3575 34,
1986 3499 2089 3575 34,
2120 3518 2306 3574 quum
