2569 4061
366 250 499 314 184
1030 247 1339 304 DIODORI
1377 249 1608 306 SICULI

363 409 476 477 καὶ
519 412 805 493 πλησίον
850 409 1052 493 αὐτῆς
1106 410 1141 476 ὁ
1191 411 1361 497 ἀνὴρ
1409 414 1625 490 Νίνος
1678 414 1894 477 παίων
1942 411 2013 476 ἐκ
2065 414 2287 497 χειρὸς

292 538 328 589 7
367 517 605 583 λέοντα
631 518 852 602 λόγχῃ.
936 515 1251 601 ἐπέστησε
1295 513 1370 582 δὲ
1395 515 1508 582 καὶ
1543 519 1755 595 πύλας
1790 518 2069 604 τριττάς,
2114 516 2284 602 [ἐφ’]

366 617 462 686 ὧν
525 621 828 707 ὑπῆρχον
899 621 1114 688 διτταὶ
1175 628 1418 707 χαλκαῖ
1478 624 1589 689 διά
1661 631 1959 708 μηχανῆς
2022 623 2286 705 ἀνοιγό-

364 751 575 813 μεναι.
657 737 863 795 ταῦτα
910 726 1033 814 μὲν
1075 723 1200 794 οὖν
1243 730 1326 794 τὰ
1371 732 1678 813 βασίλεια
1722 729 1834 796 καὶ
1877 737 1969 816 τῷ
2017 727 2285 814 μεγέθει

365 832 474 899 καὶ
519 845 662 912 ταῖς
707 845 1143 912 κατασκευαῖς
1195 839 1368 901 πολὺ
1414 847 1678 922 προεῖχε
1737 847 1874 902 τῶν
1918 838 2136 901 ὄντων
2182 832 2287 900 ἐπὶ
2316 851 2344 892 ⁵

364 941 619 1027 θάτερα
665 938 833 1027 μέρη
870 949 992 1005 τοῦ
1028 949 1346 1025 ποταμοῦ.
1422 940 1642 1007 ἐκεῖνα
1677 942 1804 1026 γὰρ
1842 936 1975 1025 εἶχε
2012 943 2130 1006 τὸν
2167 937 2289 1025 μὲν

365 1050 725 1134 περίβολον
768 1055 890 1111 τοῦ
936 1049 1195 1131 τείχους
1238 1048 1593 1131 τριάκοντα
1640 1049 1931 1114 σταδίων
1977 1046 2043 1127 ἐξ
2089 1047 2294 1129 ὀπτῆς

366 1156 684 1235 πλίνθου,
723 1150 872 1218 ἀντὶ
902 1149 976 1218 δὲ
1004 1160 1122 1236 τῆς
1147 1152 1301 1238 περὶ
1327 1154 1408 1218 τὰ
1441 1157 1571 1241 ζῷα
1600 1156 2023 1238 φιλοτεχνίας
2049 1158 2292 1237 χαλκᾶς

368 1259 629 1334 εἰκόνας
673 1260 900 1323 Νίνου
944 1257 1057 1324 καὶ
1101 1260 1557 1345 Σεμιράμιδος
1615 1258 1727 1326 καὶ
1771 1272 1905 1325 τῶν
1948 1256 2290 1344 ὑπάρχων,

367 1366 464 1428 ἔτι
520 1360 593 1428 δὲ
649 1355 848 1447 Διός,
911 1364 991 1430 ὃν
1052 1370 1377 1431 καλοῦσιν
1441 1367 1513 1431 οί
1561 1366 1985 1448 Βαβυλώνιοι
2039 1369 2290 1449 Βῆλον·
2321 1384 2378 1422 10

369 1467 617 1551 ἐνῆσαν
665 1464 739 1534 δὲ
784 1468 895 1534 καὶ
940 1469 1335 1554 παρατάξεις
1380 1468 1492 1537 καὶ
1549 1474 1835 1555 κυνήγια
1878 1472 2291 1554 παντοδαπά,

367 1579 676 1659 ποικίλην
720 1580 1156 1660 ψυχαγωγίαν
1199 1579 1615 1663 παρεχόμενα
1660 1588 1799 1654 τοῖς
1843 1576 2228 1661 θεωμένοις.

290 1685 332 1749 9
548 1684 743 1749 Μετὰ
781 1680 856 1749 δὲ
890 1693 1097 1749 ταῦτα
1131 1693 1247 1768 τῆς
1274 1687 1711 1766 Βαβυλωνίας
1747 1682 2137 1767 ἐκλεξαμένη
2174 1687 2297 1750 τὸν

370 1792 843 1855 ταπεινότατον
915 1793 1123 1855 τόπον
1198 1788 1465 1871 ἐποίησε
1541 1788 1906 1873 δεξαμενὴν
1973 1791 2292 1876 τετράγω-

368 1919 516 1978 νον,
561 1889 641 1977 ἦς
684 1889 772 1978 ἦν
821 1892 1058 1976 ἑκάστη
1096 1896 1370 1980 ’πλευρὰ
1416 1895 1706 1959 σταδίων
1751 1897 2171 1979 τριακοσίων,
2228 1896 2293 1975 ἐξ
2325 1912 2380 1952 15

371 2000 573 2085 ὀπτῆς
617 2002 915 2067 πλίνθου
958 1998 1072 2067 καὶ
1126 1999 1474 2085 ἀσφάλτου
1529 1999 2141 2086 κατεσκευασμένην
2184 2001 2297 2069 καὶ

299 2131 333 2179 2
371 2110 446 2174 τὸ
494 2109 709 2192 βάθος
755 2109 1042 2192 ἔχουσαν
1086 2110 1317 2174 ποδῶν
1362 2109 1717 2195 τριάκοντα
1763 2106 1873 2175 καὶ
1917 2107 2129 2173 πέντε.
2204 2111 2298 2186 εἰς

370 2216 621 2299 ταύτην
669 2209 730 2280 δ’
785 2213 1252 2301 ἀποστρέψασα
1298 2217 1418 2281 τὸν
1476 2217 1775 2300 ποταμὸν
1819 2215 2298 2282 κατεσκεύασεν

373 2319 445 2386 ἐκ
489 2330 624 2385 τῶν
671 2317 776 2384 ἐπὶ
820 2321 979 2385 τάδε
1025 2322 1384 2403 βασιλείων
1430 2323 1525 2397 εἰς
1568 2322 1823 2407 θάτερα
1861 2321 2182 2406 διώρυχα·
2231 2320 2296 2400 ἐξ

373 2426 575 2508 ὀπτῆς
634 2421 713 2489 δὲ
776 2428 1071 2490 πλίνθου
1134 2427 1760 2509 συνοικοδομήσασα
1822 2427 1937 2502 τὰς
2000 2428 2298 2512 καμάρας
2326 2445 2384 2485 20

374 2529 440 2606 ἐξ
498 2527 813 2614 ἑκατέρου
867 2529 1109 2614 μέρους
1163 2530 1479 2618 ἀσφάλτῳ
1539 2530 1922 2616 κατέχρισεν
1967 2530 2297 2617 ἡψημένῃ,

373 2633 563 2719 μέχρι
622 2629 703 2698 οὗ
758 2635 833 2699 τὸ
888 2635 1096 2717 πάχος
1148 2644 1269 2700 τοῦ
1324 2639 1681 2720 χρίσματος
1715 2635 2014 2719 ,ἐποίησε
2067 2649 2302 2720 πηχῶν

374 2739 720 2824 τεττάρων.
802 2748 917 2823 τῆς
966 2736 1040 2805 δὲ
1088 2741 1418 2827 διώρυχος
1461 2740 1763 2827 ὑπῆρχον
1810 2742 1881 2807 οἱ
1920 2739 2043 2826 μὲν
2087 2755 2301 2829 τοῖχοι

371 2847 448 2913 τὸ
501 2847 748 2922 πλάτος
803 2845 910 2910 ἐπὶ
963 2848 1295 2924 πλίνθους
1341 2853 1579 2925 εἴκοσι,
1634 2850 1708 2913 τὸ
1768 2846 1828 2912 δ’
1882 2848 2054 2928 ὕψος
2098 2850 2300 2936 χωρὶς

371 2960 488 3037 τῆς
559 2954 983 3038 καμφθείσης
1052 2955 1336 3031 ψαλίδος
1408 2954 1638 3019 ποδῶν
1713 2956 2003 3041 δώδεκα,
2075 2959 2150 3022 τὸ
2226 2951 2301 3021 δὲ
2328 2974 2386 3014 25

302 3085 336 3132 3
374 3062 636 3145 πλάτοςζ
689 3061 920 3127 ποδῶν
971 3062 1457 3126 πεντεκαίδεκα.
1552 3059 1625 3125 ἐν
1687 3061 1962 3147 ἡμέραις
2017 3061 2078 3127 δ’
2141 3061 2301 3128 ἕπτά

375 3167 1029 3250 κατασκευασθείσης
1066 3166 1269 3250 αὐτῆς
1307 3165 1793 3250 ἀποκατέστησε
1838 3170 1958 3234 τὸν
2002 3170 2301 3252 ποταμὸν

519 3366 551 3414 2
592 3353 688 3428 ἐφ’
732 3359 842 3415 del.
882 3358 1067 3427 Dind„
1107 3354 1215 3428 ὑφ’
1259 3358 1365 3414 OF
1540 3365 1572 3413 3
1611 3358 1796 3413 διτταὶ
1832 3359 2047 3429 Wurm‚
2088 3362 2302 3415 δίαιται

375 3429 618 3516 meliores,
707 3435 774 3485 16
808 3428 1309 3515 κατεσκευασμένη
1348 3472 1361 3485 .
1394 3471 1406 3484 .
1439 3471 1451 3484 .
1484 3427 1690 3498 ἔχουσα
1730 3430 1954 3513 οοᾱξοορ
1991 3435 2215 3501 praeter
2250 3431 2301 3483 A

376 3503 445 3549 22
485 3517 552 3550 ου
604 3498 679 3566 D,
735 3519 834 3554 του
877 3498 932 3568 F,
982 3519 1115 3555 οτου
1158 3499 1206 3555 0
1344 3505 1412 3555 26
1453 3499 1763 3555 δεκαπέντε
1802 3501 1947 3556 hbn.
