2569 4061
423 318 560 384 520
1094 314 1404 370 moDom
1439 313 1669 370 smum

423 479 535 545 καὶ
570 481 774 563 κόρας
815 476 1030 559 [ἑπτὰ]
1069 479 1474 560 κατεσθίειν,
1522 474 1673 562 περὶ
1710 471 1808 541 ὧν
1843 476 2406 561 προειρήκαμεν.

354 610 387 659 5
423 587 543 651 τὸν
608 579 734 651 οὖν
801 585 1149 650 Δαίδαλον
1219 586 1616 667 πυθόμενον
1688 584 1811 667 τὴν
1883 581 2165 664 ἀπειλὴν
2246 589 2406 647 τοῦ

422 694 704 770 Μίνωος
749 693 863 758 διὰ
914 692 1039 775 τὴν
1089 691 1505 773 κατασκευὴν
1549 699 1667 773 τῆς
1720 693 1881 773 βοός
1923 705 2092 775 φασι
2142 691 2404 772 φοβη-

424 797 636 864 θέντα
679 800 803 884 τὴν
857 797 1069 883 ὀργὴν
1110 805 1233 861 τοῦ
1287 795 1613 879 βασιλέως
1658 795 1732 861 ἐκ
1776 803 1893 879 τῆς
1938 797 2211 880 Κρήτης
2271 794 2392 860 ἐκ·

427 910 737 988 πλεῦσαι,
802 903 1256 990 συνεργούσης
1319 911 1435 987 τῆς
1500 903 1863 987 Πασιφάης
1926 900 2038 966 καὶ
2108 905 2392 968 πλοῖον
2423 918 2450 957 5

360 1036 391 1084 6
431 1013 681 1097 δούσης
715 1013 881 1098 πρὸς
916 1013 1035 1077 τὸν
1071 1012 1378 1076 ἔκπλουν.
1444 1011 1605 1094 μετὰ
1648 1006 1724 1074 δὲ
1759 1009 2005 1074 τούτου
2043 1009 2164 1072 τὸν
2201 1009 2391 1073 υἱὸν

412 1118 682 1203 Ἴκαρον
726 1121 1030 1203 φυγόντα
1066 1122 1550 1201 κατενεχθῆναι
1596 1119 1763 1202 πρός
1796 1139 1949 1181 τινα
1994 1123 2211 1198 νῆσον
2251 1136 2385 1180 πε-

431 1226 693 1308 λαγίαν,
719 1224 885 1308 πρὸς
919 1222 1006 1305 ἣν
1032 1225 1154 1287 τὸν
1173 1221 1442 1308 Ἴκαρον
1470 1225 1867 1308 παραβόλως
1903 1221 2382 1304 ἀποβαίνοντα

429 1340 659 1395 πεσεῖν
704 1330 798 1406 εἰς
840 1329 1183 1394 θάλατταν
1228 1327 1341 1394 καὶ
1383 1334 1789 1412 τελευτῆσαι,
1840 1326 1957 1413 ἀφ’
1995 1323 2080 1394 οὗ
2124 1324 2239 1393 καὶ
2285 1330 2370 1393 τὸ

429 1433 714 1517 πέλαγος
752 1431 1038 1519 Ἰκάριον
1092 1434 1560 1519 ὀνομασθῆναι
1615 1433 1726 1500 καὶ
1769 1435 1895 1518 τὴν
1949 1444 2162 1518 νῆσον
2198 1428 2369 1499 Ἱκα-
2402 1449 2466 1489 10

433 1544 587 1626 ρίαν
650 1545 1000 1625 κληθῆναι.
1090 1543 1211 1607 τὸν
1275 1537 1351 1606 δὲ
1396 1542 1744 1608 Δαίδαλον
1808 1540 1879 1606 ἐκ
1940 1550 2058 1625 τῆς
2121 1544 2347 1626 νήσου
2365 1558 2471 1607 321

431 1647 675 1730 ταύτης
703 1645 1153 1711 ἐκπλεύσαντα
1184 1653 1671 1731 κατενεχθῆναι
1698 1655 1815 1731 τῆς
1841 1650 2155 1723 Σικελίας
2191 1649 2367 1732 πρὸς

433 1755 660 1840 χώραν
731 1748 810 1836 ἧς
881 1754 1327 1837 βασιλεύοντα
1401 1754 1728 1819 Κώκαλον
1802 1753 2162 1836 ἀναλαβεῖν
2235 1755 2365 1819 τὸν

435 1862 806 1942 Δαίδαλον,
850 1856 962 1924 καὶ
1010 1859 1123 1923 διὰ
1166 1860 1291 1942 τὴν
1340 1858 1630 1943 εὐφυΐαν
1674 1857 1785 1924 καὶ
1833 1859 2037 1938 δόξαν
2079 1861 2362 1941 ποιήσα-

369 1990 398 2041 '1
438 1974 605 2034 σθαι
650 1969 854 2052 φίλον
901 1963 1008 2030 ἐπὶ
1043 1963 1263 2032 πλέον.
1329 1961 1506 2043 τινὲς
1552 1961 1626 2029 δὲ
1663 1971 2141 2051 μυθολογοῦσι,
2185 1968 2359 2030 κατὰ
2390 1987 2444 2029 1⁵

436 2076 560 2159 τὴν
623 2076 896 2160 Κρήτην
961 2075 1055 2138 ἔτι
1116 2072 1467 2137 Δαιδάλου
1533 2073 1994 2159 διατρίβοντος
2054 2070 2163 2138 καὶ
2223 2072 2359 2139 ὑπὸ

436 2188 553 2263 τῆς
600 2181 959 2266 Πασιφάης
1003 2176 1494 2265 κρυπτομένου,
1537 2181 1785 2244 Μίνωα
1832 2176 1955 2264 μὲν
2008 2182 2127 2245 τὸν
2171 2182 2359 2262 βασι-

440 2284 556 2353 λέα
620 2289 1036 2372 βουλόμενον
1097 2289 1415 2372 τιμωρίας
1479 2284 1752 2364 ἀξιῶσαι
1815 2287 1935 2351 τὸν
1991 2286 2357 2371 Δαίδαλον,

439 2393 551 2460 καὶ
605 2395 693 2479 μὴ
752 2395 1131 2478 δυνάμενον
1186 2392 1442 2478 εὑρεῖν,
1496 2395 1577 2458 τά
1629 2416 1700 2457 τε
1754 2398 1956 2458 πλοῖα
2008 2394 2222 2458 πάντα
2275 2395 2356 2457 τὰ

440 2503 606 2567 κατὰ
668 2502 791 2585 τὴν
854 2510 1067 2584 νῆσον
1139 2499 1420 2586 ἐρευνᾶν
1492 2498 1605 2565 καὶ
1675 2501 2031 2586 χρημάτων
2104 2505 2354 2584 πλῆθος
2377 2529 2430 2568 20

442 2606 968 2689 ἐπαγγέλλεσθαι
1016 2607 1259 2672 δώσειν
1304 2614 1396 2694 τῷ
1443 2608 1563 2672 τὸν
1599 2607 1947 2671 Δαίδαλον
1993 2595 2352 2693 ἀνευρόντι.

375 2732 408 2782 8
444 2711 740 2777 ἐνταῦθα
802 2714 922 2777 τὸν
987 2715 1334 2778 Δαίδαλον
1402 2712 1781 2796 ἀπογνόντα
1854 2715 1973 2778 τὸν
2048 2715 2159 2778 διὰ
2225 2722 2352 2778 τῶν

442 2819 695 2884 πλοίων
732 2820 1055 2901 δρασμόν,
1082 2819 1572 2883 κατασκευάσαι
1609 2818 2000 2902 παραδόξως
2035 2818 2352 2905 πτέρυγας

444 2923 1087 3010 πεφιλοτεχνημένας
1131 2923 1242 2990 καὶ
1290 2925 1402 2989 διὰ
1456 2935 1670 3011 κηροῦ
1715 2931 2122 3009 θαυμαστῶς
2165 2926 2350 3009 ἠσκη-

445 3032 672 3119 μένας·
730 3029 1047 3097 έπνθέντα
1093 3027 1168 3096 δὲ
1210 3031 1456 3108 ταύτας
1499 3038 1590 3119 τῷ
1633 3054 1704 3096 τε
1748 3039 1871 3096 τοῦ
1916 3032 2074 3096 υίοῢ
2114 3032 2349 3115 σώματι
2373 3060 2420 3102 25

444 3139 556 3206 καὶ
609 3147 700 3228 τῷ
767 3136 1008 3204 ἑαυτοῦ
1062 3136 1455 3226 παραδόξως
1519 3136 2006 3222 ἐκπετασθῆναι
2060 3136 2169 3203 καὶ
2221 3139 2350 3203 δια-

630 3372 656 3419 1
700 3360 842 3420 ἑπτά
888 3368 995 3422 011'1.
1035 3363 1128 3420 OD
1355 3358 1452 3436 ἣν]
1492 3356 1528 3437 ᾗ
1566 3362 1616 3416 D
1760 3361 2096 3453 παραβόλως
2131 3359 2349 3435 αποβᾰί-

447 3437 643 3524 νοντα]
682 3437 1120 3519 παραβαίνοντα
1149 3435 1198 3487 D
1274 3370 1391 3491 817
1430 3434 1892 3523 κρυπταζομένου
1930 3435 1982 3489 ΙΙ
2101 3441 2166 3491 18
2200 3455 2346 3518 τιμω-

446 3525 500 3570 ρι
494 3507 572 3565 ἀς
608 3506 878 3590 αξιῶσαι1
910 3507 1221 3575 τιμωρῆσαι
1257 3506 1311 3559 II
1421 3511 1488 3560 21
1530 3501 1728 3575 ευρόντ
1731 3525 1752 3560 ι
1789 3506 1839 3560 D
1950 3512 2018 3560 26
2058 3505 2346 3574 διαδρᾶναι

445 3572 628 3639 Dind„
668 3575 725 3625 δι
704 3575 974 3643 ιαδρασαι
1011 3576 1232 3630 codices
1272 3577 1364 3644 (cf.
1402 3575 1455 3628 ΙΙ
1492 3580 1579 3646 28,
1617 3579 1687 3642 3).
