2569 4061
396 280 527 345 202
1066 271 1374 328 DIODORI
1411 272 1642 329 SICULI

398 445 622 509 δεινὸν
666 440 707 523 ἡ
746 442 1114 526 Σεμίραμις
1149 438 1398 524 ταχέως
1444 439 1839 524 ἀφίππευσε,
1886 443 2057 505 πολὺ
2102 444 2330 507 λειπο-

326 572 358 621 8
395 548 600 635 μένου
637 547 802 631 κατὰ
829 548 904 612 τὸ
942 548 1139 632 τάχος
1167 556 1287 611 τοῦ
1328 547 1688 623 διώκοντος
1719 549 1986 631 θηρίου.
2052 549 2332 614 πάντων

395 653 467 721 δὲ
517 657 906 738 φευγόντων
965 651 1071 719 ἐπὶ
1115 654 1239 737 τὴν
1287 654 1590 737 σχεδίαν,
1639 654 1963 719 τοσούτου
2017 658 2331 738 πλήθους

394 766 488 840 εἰς
551 761 668 828 ἕνα
726 759 838 828 καὶ
898 762 1133 827 στενὸν
1188 758 1583 844 βιαζομένου
1642 763 1850 826 τόπον
1907 762 1976 826 οἰ
2026 758 2149 845 μὲν
2208 773 2330 847 τῆς

394 874 784 954 βασιλίσσης
819 866 930 933 ὑπ’
969 868 1274 950 ἀλλήλων
1316 865 1744 950 ἀπέθνησκον
1781 870 2324 953 συμπατούμενοι
2354 884 2382 924 5

392 975 502 1042 καὶ
569 978 938 1062 φυρόμενοι
997 974 1174 1060 παρὰ
1235 973 1446 1057 φύσιν
1501 972 1741 1057 ἀναμὶξ
1808 975 2022 1052 ἱππεῖς
2076 999 2147 1040 τε
2211 975 2325 1041 καὶ

392 1087 605 1166 πεζοί,
669 1092 804 1146 τῶν
862 1079 935 1146 δὲ
985 1075 1218 1145 Ἰνδῶν
1283 1077 1715 1164 ἐπικειμένων
1782 1081 2001 1165 ὠσμὸς
2051 1081 2322 1166 »ἐγίνετο

394 1193 609 1273 βίαιος
647 1187 751 1254 ἐπὶ
778 1197 896 1271 τῆς
930 1188 1228 1272 γεφύρας
1258 1188 1371 1251 διὰ
1405 1189 1524 1252 τὸν
1555 1189 1794 1271 φόβον,
1835 1188 2003 1253 ὥστε
2032 1192 2323 1267 πολλοὺς

394 1292 901 1378 ἐξωθουμένους
946 1290 1052 1377 ἐφ’
1096 1291 1370 1379 ἑκάτερα
1416 1292 1581 1378 μέρη
1628 1302 1744 1376 τῆς
1789 1294 2087 1379 γεφύρας
2139 1294 2324 1378 ἐμπί-

394 1422 581 1466 πτειν
627 1402 722 1477 είς
771 1402 890 1465 τὸν
935 1403 1253 1483 ποταμόν.
1329 1399 1370 1482 ἡ
1421 1396 1495 1464 δὲ
1539 1403 1927 1485 Σεμίραμις,
1976 1399 2200 1484 ἐπειδὴ
2246 1403 2323 1467 τὸ
2356 1418 2409 1457 1⁰

391 1512 704 1573 πλεῖστον
759 1505 958 1594 μέρος
1011 1518 1145 1572 τῶν
1192 1506 1321 1571 ἀπὸ
1376 1515 1493 1589 τῆς
1550 1506 1759 1591 μάχης
1817 1505 2324 1591 διασωζομένων

397 1616 508 1680 διά
542 1615 663 1680 τὸν
697 1616 997 1699 ποταμὸν
1034 1616 1220 1699 ἔτυχε
1257 1623 1374 1698 τῆς
1412 1614 1796 1698 ἀσφαλείας,
1840 1612 2129 1692 ἀπέκοψε
2165 1619 2324 1692 τοὺς

390 1720 793 1807 συνέχοντας
846 1723 1130 1806 δεσμοὺς
1184 1722 1307 1806 τὴν
1353 1720 1685 1806 γέφυραν·
1744 1716 1839 1785 ὧν
1884 1719 2233 1786 λυθέντων
2281 1722 2320 1806 ἡ

392 1825 515 1913 μὲν
543 1829 772 1913 σχεδία
798 1828 962 1893 κατὰ
987 1828 1202 1892 πολλὰ
1241 1828 1658 1911 διαιρεθεῖσα
1687 1825 1852 1913 μέρη
1889 1825 1999 1892 καὶ
2032 1816 2322 1912 συχνοὺς

393 1929 505 2020 ἐφ’
557 1933 793 2018 ἑαυτῆς
838 1936 1081 2018 ἔχουσα
1135 1944 1270 1999 τῶν
1318 1935 1702 1999 διωκόντων
1739 1931 1975 1999 Ἰνδῶν
2028 1934 2155 1999 ὑπὸ
2201 1944 2318 2018 τῆς
2350 1949 2403 1989 15

390 2053 513 2108 τοῦ
551 2043 874 2130 ῥεύματος
921 2044 1377 2129 σφοδρότητος
1416 2044 1505 2120 ὡς
1542 2044 1728 2127 ἔτυχε
1764 2041 2164 2127 κατηνέχθη,
2211 2041 2320 2109 καὶ

390 2154 681 2228 πολλοὺς
708 2147 830 2236 μὲν
864 2161 1000 2216 τῶν
1021 2148 1254 2216 Ἰνδῶν
1294 2150 1661 2236 διέφθειρε,
1691 2159 1769 2235 τῇ
1810 2147 1884 2215 δὲ
1912 2132 2317 2236 Σεμιράμιδι

390 2259 647 2341 πολλὴν
694 2257 1064 2342 ἀσφάλειαν
1105 2259 1578 2342 παρεσκεύασε,
1624 2257 1979 2323 κωλύσασα
2024 2258 2148 2340 τὴν
2184 2268 2318 2322 τῶν

286 2381 354 2430 10
392 2368 726 2448 πολεμίων
789 2361 888 2428 ἐπ’
953 2362 1164 2446 αὐτὴν
1229 2365 1558 2447 διάβασιν.
1664 2364 1826 2447 μετὰ
1892 2359 1965 2427 δὲ
2031 2361 2227 2428 ταῦθ’
2282 2363 2317 2428 ὁ

390 2467 513 2554 μὲν
557 2480 693 2533 τῶν
730 2467 964 2533 Ἰνδῶν
1010 2469 1351 2550 βασιλεύς,
1399 2470 1768 2551 διοσημιῶν
1816 2467 1994 2554 αὐτῷ
2046 2468 2316 2553 γενομέ-
2345 2484 2399 2523 2⁰

389 2599 530 2640 νων
575 2573 688 2638 καὶ
730 2585 865 2638 τῶν
912 2574 1214 2657 μάντεων
1261 2570 1823 2657 ἀποφαινομένων
1869 2577 2318 2655 σημαίνεσθαι

388 2683 508 2746 τὸν
560 2680 856 2762 ποταμὸν
912 2678 999 2761 μὴ
1059 2679 1460 2761 διαβαίνειν,
1521 2677 1807 2761 ἡσυχίαν
1863 2681 2084 2762 ἔσχεν,
2140 2680 2181 2764 ἡ
2244 2680 2421 2749 δὲ134

390 2788 758 2871 Σεμίραμις
823 2784 1118 2868 ἀλλαγὴν
1189 2782 1602 2868 ποιησαμένη
1676 2796 1811 2850 τῶν
1885 2787 2316 2870 αἰχμαλώτων

388 2897 767 2978 ἐπανῆλθεν
840 2894 933 2968 εἰς
998 2893 1292 2978 Βάκτρα,
1362 2892 1486 2957 δύο
1551 2889 1715 2976 μέρη
1789 2901 1905 2976 τῆς
1971 2894 2311 2979 δυνάμεως

389 3004 897 3089 ἀποβεβληκυῖα.
2340 3016 2398 3059 25

283 3104 371 3169 20
569 3111 760 3177 Μετά
822 3105 899 3173 δέ
948 3131 1098 3173 τινα
1156 3110 1404 3193 χρόνον
1459 3107 1588 3173 ὑπὸ
1644 3108 1913 3173 Νινύου
1974 3120 2097 3176 τοῦ
2161 3112 2312 3176 υίοῦ

392 3213 479 3284 δι’
533 3218 861 3301 εὐνούχου
933 3216 1116 3292 τινὸς
1181 3213 1767 3298 ἐπιβουλευθεῖσα,
1833 3214 1944 3281 καὶ
2012 3218 2087 3281 τὸ
2151 3215 2304 3302 παρ’

371 3322 723 3407 ’Ἀμμωνος
760 3325 991 3405 λόγιον
1029 3319 1564 3405 ἀνανεωσαμένη,
1592 3323 1712 3387 τὸν
1749 3320 2309 3404 ἐπιβουλεύσαντα

531 3483 564 3529 3
603 3479 858 3549 σχεδίαν]
897 3478 996 3533 καὶ
1034 3479 1158 3533 add.
1198 3479 1353 3548 vulg.
1438 3484 1505 3532 15
1546 3474 1639 3532 ἐπ’
1681 3472 1859 3547 αὐτῆς
1893 3479 1942 3531 D
2017 3486 2085 3535 20
2125 3482 2308 3549 διοση-

389 3542 562 3603 μείων
599 3546 677 3614 D,
710 3545 856 3609 Ache
892 3549 1179 3618 σημασιῶν
1222 3549 1327 3604 CF
1440 3554 1510 3603 28
1537 3545 1778 3619 ’Ἄμμωνι
1818 3549 1986 3605 GDF.
