2569 4061
1058 363 1138 419 111
1175 369 1260 418 26.
1293 369 1378 418 27.
1409 370 1494 419 28.
2103 366 2231 430 303

313 525 641 601 Αἰθίοπες
703 527 1101 611 γνωρίζουσι
1172 527 1290 602 τάς
1352 536 1486 590 τῶν
1561 527 1940 612 ἐλεφάντων
1994 532 2233 606 κοίτας.

314 631 476 696 ὅταν
549 624 673 696 οὖν
747 630 1101 715 ἐπιτύχωσι
1164 633 1447 719 τοιούτῳ
1523 632 1812 721 δένδρῳ,
1889 638 2236 722 πρίζουσιν
2273 658 2307 704 3

210 759 313 809 194
334 737 495 802 αὐτὸ
531 738 709 823 παρὰ
751 737 876 821 τὴν
913 747 1059 824 γῆν,
1095 738 1284 824 μέχρι
1324 737 1408 803 ἂν
1455 739 1689 822 ὀλίγην
1727 741 1824 804 ἔτι
1859 742 1982 825 τὴν
2020 743 2236 828 ῥοπὴν

315 845 432 929 ἔχῃ
476 846 639 930 πρὸς
674 843 797 927 τὴν
832 855 1113 909 πτῶσιν·
1160 839 1295 909 εἷθ’
1331 840 1519 910 οὗτοι
1556 840 1680 929 μὲν
1723 846 1805 908 τὰ
1841 856 2079 928 σημεῖα
2122 858 2238 932 τῆς

260 968 285 1009 5
316 950 488 1027 ἰδίας
521 953 891 1037 παρουσίας
928 950 1372 1036 ἀφανίσαντες
1408 948 1653 1035 ταχέως
1690 951 2236 1035 ἀπαλλάττονται,

313 1057 692 1140 φθάνοντες
735 1058 860 1140 τὴν
906 1058 1161 1142 ἔφοδον
1195 1066 1318 1122 τοῦ
1367 1054 1557 1144 ζῴου,
1606 1058 1641 1123 ὁ
1691 1057 1753 1122 δ’
1790 1056 2028 1142 ἐλέφας
2073 1061 2238 1144 πρὸς

311 1164 435 1246 τὴν
474 1161 757 1249 ἑσπέραν
795 1161 1198 1248 ἐμπλησθεὶς
1233 1172 1350 1247 τῆς
1384 1173 1637 1251 τροφῆς
1674 1163 1780 1230 ἐπὶ
1815 1165 1940 1248 τὴν
1970 1168 2234 1249 συνήθη

311 1279 599 1356 καταντᾷ
653 1273 902 1353 κοίτην.
993 1269 1416 1347 κατακλιθεὶς
1472 1267 1546 1336 δὲ
1611 1271 1842 1359 ἀθρόῳ
1898 1279 1990 1360 τῷ
2045 1272 2235 1357 βάρει

312 1385 709 1463 παραχρῆμα
765 1377 925 1461 μετά
979 1385 1094 1458 τῆς
1146 1385 1267 1441 τοῦ
1335 1375 1620 1463 δένδρου
1677 1389 1892 1463 φορᾶς
1956 1377 2061 1444 ἐπὶ
2114 1380 2237 1463 τὴν

206 1500 287 1540 ·10
310 1491 441 1566 γῆν
486 1481 947 1567 καταφέρεται,
992 1483 1215 1547 πεσὼν
1264 1480 1325 1546 δ’
1361 1482 1594 1561 ὕπτιος
1641 1484 1823 1568 μένει
1858 1486 1983 1569 τὴν
2027 1487 2235 1551 νύκτα

312 1591 613 1672 κείμενος
661 1589 772 1652 διὰ
815 1588 892 1652 τὸ
938 1589 1062 1671 τὴν
1105 1597 1227 1653 τοῦ
1274 1589 1576 1672 σώματος
1622 1592 1831 1675 φύσιν
1877 1591 2238 1678 ἀδημιούρ-

312 1715 521 1777 γητον
576 1688 747 1758 εἶναι
801 1695 967 1779 πρὸς
1020 1694 1401 1760 ἀνάστασιν.
1496 1696 1566 1760 oc
1621 1692 1693 1761 δὲ
1754 1700 2108 1780 πρίσαντες
2161 1701 2235 1763 τὸ
2276 1721 2311 1768 4

316 1798 605 1886 δένδρον
649 1803 977 1878 Αὐθίοπες
1022 1799 1132 1883 ἅμ’
1185 1800 1399 1889 ἡμέρα
1443 1813 1834 1886 καταντῶσι,
1884 1801 1995 1868 καὶ
2040 1802 2240 1890 χωρὶς

195 1913 204 1920 '
312 1907 651 1972 κινδύνων
680 1906 1183 1985 ἀποκτείναντες
1200 1909 1275 1973 τὸ
1310 1909 1477 1996 ζῷον
1502 1917 2060 1992 σκηνοποιοῦνται
2088 1908 2238 1994 περὶ

234 2028 286 2071 15
312 2017 432 2081 τὸν
475 2016 684 2081 τόπον
738 2011 849 2080 καὶ
894 2013 1352 2100 παραμένουσι
1408 2012 1599 2101 μέχρι
1645 2013 1729 2081 ἂν
1775 2016 1848 2081 τὸ
1904 2016 2242 2093 πεπτωκὸς

316 2121 725 2186 ἀναλώσωσι.
1914 2173 1921 2179 ,

502 2228 774 2293 Τούτων
830 2222 905 2291 δὲ
962 2237 1100 2291 τῶν
1152 2237 1370 2310 γενῶν
1423 2228 1504 2291 τὰ
1559 2223 1681 2310 μὲν
1735 2227 1900 2312 πρὸς
1955 2225 2239 2313 ἑσπέραν
2260 2229 2346 2296 28

315 2333 480 2421 μέρη
553 2341 981 2399 κατοικοῦσιν
1045 2335 1372 2410 Αἰθίοπες
1447 2334 1517 2398 oc
1584 2336 2238 2419 προσαγορευόμενοι

316 2443 541 2525 Σιμοί,
587 2442 668 2505 τά
706 2437 780 2506 δὲ
815 2441 983 2526 πρὸς
1020 2442 1438 2526 μεσημβρίαν
1474 2437 1825 2523 κεκλιμένα
1860 2438 2125 2523 νέμεται
2163 2441 2236 2504 τὸ

237 2562 291 2600 20
317 2557 453 2610 τῶν
506 2547 1064 2632 Στρουθοφάγων
1117 2545 1326 2629 γένος.
1419 2549 1556 2611 ἔστι
1620 2548 1746 2633 γὰρ
1807 2544 1960 2632 παρ’
2015 2547 2240 2624 αὐτοῖς
2277 2570 2310 2619 2

319 2649 560 2737 ὀρνέου
616 2674 681 2718 τι
744 2652 938 2736 γένος
1003 2651 1410 2737 μεμιγμένην
1476 2655 1631 2738 ἔχον
1694 2654 1817 2737 τὴν
1877 2655 2086 2737 φύσιν
2150 2652 2240 2743 τῷ

314 2761 599 2848 χερσαίῳ
660 2757 829 2848 ζῴῳ,
879 2757 967 2824 δι’
1020 2759 1107 2842 ἣν
1161 2768 1276 2843 τῆς
1332 2757 1669 2825 συνθέτου
1722 2759 1981 2844 τέτευχε
2034 2776 2244 2846 προσ-

313 2869 609 2953 ηγορίας.
701 2873 897 2931 τοῦτο
966 2862 1040 2931 δὲ
1103 2864 1372 2950 μεγέθει
1440 2862 1562 2950 μὲν
1629 2865 1710 2931 οὐ
1775 2870 2065 2932 λείπεται
2126 2875 2243 2950 τῆς

316 2974 626 3057 μεγίστης
681 2971 966 3057 ἐλάφου,
1022 2973 1140 3036 τὸν
1197 2968 1272 3036 δὲ
1319 2971 1566 3056 αὐχένα
1622 2975 1876 3059 μακρὸν
1922 2975 2076 3057 ἕχον
2131 2970 2242 3037 καὶ

235 3094 288 3135 25
314 3088 696 3164 περιφερεῖς
720 3079 838 3154 τὰς
865 3079 1154 3163 πλευρὰς
1180 3076 1291 3143 καὶ
1318 3081 1650 3164 πτερωτὰς
1677 3080 1806 3145 ὑπὸ
1834 3088 1952 3161 τῆς
1979 3079 2243 3162 φύσεως

318 3186 894 3270 δεδημιούργηται.
958 3182 1069 3249 καὶ
1104 3186 1431 3267 κεφάλιον
1477 3169 1917 3269 μὲνάσθενὲς
1963 3186 2093 3266 ἔχει
2128 3180 2241 3246 καὶ

317 3294 587 3378 μικρόν,
634 3302 873 3378 μηροῖς
931 3286 1005 3355 δὲ
1057 3289 1169 3356 καὶ
1213 3292 1453 3368 κώλοις
1510 3291 1790 3376 ὑπάρχει
1835 3288 2242 3374 καρτερώτα-

464 3490 491 3538 1
530 3489 644 3539 τῶν
682 3501 791 3540 om.
819 3484 867 3537 D
926 3490 958 3539 8
996 3478 1226 3554 ἀθρόως
1262 3483 1412 3551 libri,
1450 3500 1588 3539 corr.
1627 3481 1789 3536 Dind.
1844 3485 1913 3534 20
1951 3479 2242 3548 Στρουθο-

319 3554 743 3626 καμηλοφάγων
782 3556 925 3610 coni.
954 3555 1178 3610 Bekker
1288 3561 1358 3609 24
1404 3556 1504 3608 καὶ
1542 3554 1650 3607 del.
1678 3552 1844 3606 Dind.
1955 3556 2022 3604 26
2061 3545 2243 3616 κεφά-

317 3630 480 3681 λαιον
516 3628 669 3698 vulg.
815 3633 882 3683 27
922 3622 1125 3698 μικρὸν
1161 3625 1363 3695 Rhoe-L,
1403 3621 1623 3696 μακρὸν
1661 3622 1896 3678 codices,
