2569 4061
703 384 1235 444 ARGUMENTUM
1269 386 1403 444 LIB.
1442 387 1537 445 IV.
1961 392 2085 448 XCI

143 505 257 555 cap.

325 583 448 621 cem
496 566 802 622 certamine
847 564 1027 622 vincit
1081 564 1314 634 eiusque
1350 581 1585 635 regnum
1631 566 1948 637 praemium
1997 584 2083 624 re·

324 646 532 715 portat,
572 646 724 715 quod
762 663 906 701 unus
943 662 974 701 e
1011 644 1253 714 posteris
1271 687 1290 714 ‚
1326 644 1589 716 Dorieus,
1632 649 1849 704 obtinet
1884 647 2080 717 ibique

326 725 659 781 Heracleam
679 725 936 793 exstruit,
957 741 991 779 a
1011 723 1571 793 Carthaginiensibus
1590 732 1790 797 postea
1809 727 2077 785 dirutam.

327 805 616 873 Syracusis
646 822 823 870 sacra·
839 803 1028 860 Cereri
1054 806 1115 858 et
1141 804 1513 874 Proserpinae
1540 806 1804 863 instituit.
1843 809 2078 864 Sicanos

325 885 534 941 infesta
569 885 692 941 acie
730 886 927 941 obvios
965 885 1168 940 caedit.

144 969 237 1019 24.
272 964 582 1034 Agyrinaei
628 964 850 1022 divinos
898 963 1133 1022 Herculi
1185 966 1431 1021 honores
1480 966 1762 1022 exhibent.
1836 967 1944 1023 Pro
1988 968 2080 1024 his

324 1048 689 1101 monumenta
701 1045 975 1113 relinquit
992 1046 1180 1102 lacum
1199 1046 1287 1102 sui
1305 1046 1567 1115 nominis,
1585 1045 1857 1116 Geryonis
1874 1047 2081 1119 lucum,

320 1125 519 1180 fanum
563 1124 708 1182 Iolai
756 1125 908 1181 ludis
964 1125 1329 1182 celebratum.
1402 1126 1546 1181 Tum
1598 1127 1773 1183 boves
1820 1129 1974 1183 retro
2019 1128 2103 1187 in⁴

323 1204 551 1260 Italiam
587 1206 729 1276 agit,
779 1204 1074 1260 Lacinium
1113 1206 1187 1261 ob
1221 1205 1433 1262 furtum
1471 1205 1802 1279 obtruncatj,
1851 1205 2082 1263 Crotoni

321 1285 484 1354 ponit
519 1285 819 1340 tumulum.

141 1368 230 1421 25.
266 1363 538 1420 Hercules
576 1365 728 1420 circa
752 1364 1027 1420 Hadriam
1062 1364 1211 1421 redit
1244 1365 1304 1420 in
1331 1365 1584 1435 Epirum.
1654 1370 1742 1438 11)
1773 1367 2079 1423 Cerberum

323 1462 393 1499 ex
419 1444 613 1499 inferis
639 1445 938 1515 protrahit.
977 1445 1124 1500 Ante
1154 1443 1327 1499 sacris
1353 1444 1656 1502 Eleusiniis
1685 1448 1774 1502 est
1796 1445 2077 1518 initiatus,

323 1541 469 1594 quae
507 1540 671 1579 sacra
696 1523 1053 1580 occasionem
1091 1525 1367 1593 praebent
1393 1524 1465 1579 de
1494 1524 1717 1595 Orpheo
1745 1526 2075 1583 disserendi.
2568 1595 2569 1600 ἵ

141 1609 228 1660 26.
267 1605 540 1660 Hercules
594 1606 747 1674 apud
802 1603 1029 1659 inferos.
1121 1607 1209 1674 12)
1264 1603 1640 1675 Hesperidum
1694 1622 1866 1662 aurea
1920 1607 2077 1662 mala
2564 1615 2569 1672 ῑ

323 1684 597 1753 asportat.
670 1681 940 1738 Diversae
978 1684 1048 1738 de
1084 1683 1176 1737 his
1215 1683 1524 1753 opiniones.

141 1768 231 1818 27.
269 1761 439 1816 Atlas
469 1764 529 1817 et
546 1761 846 1830 Hesperus,
876 1760 1199 1817 Atlantides
1230 1779 1330 1817 seu
1348 1763 1701 1831 Hesperides.
1737 1764 2075 1834 Hesperides

325 1858 362 1896 a
379 1840 638 1896 Busiride
665 1843 859 1911 raptas
877 1841 1148 1897 Hercules
1166 1842 1391 1897 Atlanti
1417 1841 1683 1898 restituit.
1714 1843 1982 1898 Hercules
2003 1845 2076 1899 ab

322 1922 561 1977 Atlante
605 1921 970 1991 astrologiam
1008 1922 1235 1992 accipit,
1275 1923 1349 1977 ab
1373 1921 1500 1992 ipso
1532 1922 1763 1977 Graecis
1789 1923 2075 1978 traditam.

140 2007 225 2060 28.
263 2002 600 2071 Amazones,
640 2019 787 2072 quae
825 2002 897 2058 ob
935 2000 1103 2058 illata
1128 2018 1231 2073 per
1255 2002 1560 2060 Herculem
1588 2003 1795 2059 damna
1830 2006 2076 2074 raptam·

317 2100 428 2152 que
457 2083 745 2154 Antiopen
772 2081 996 2140 Atticae
1035 2084 1251 2139 bellum
1277 2084 1605 2153 intulerant,
1643 2085 1860 2154 proelio
1889 2086 2073 2143 victae

317 2181 353 2220 a
390 2165 631 2221 Theseo,

142 2248 229 2298 29.
267 2245 601 2300 Perfunctus
638 2243 911 2301 Hercules
960 2245 1248 2300 laboribus
1296 2242 1511 2299 oraculi
1547 2243 1703 2300 iussu
1740 2245 1996 2300 subolem
2033 2263 2064 2302 e

319 2322 531 2393 Thespi
576 2322 803 2378 filiabus
850 2328 1208 2394 procreatam
1258 2323 1400 2377 duce
1454 2323 1610 2378 Iolao
1656 2324 1717 2377 in
1755 2323 2074 2379 Sardiniam

319 2403 514 2458 mittit.
588 2402 972 2472 Thespiadum
1028 2403 1284 2460 historia.
1361 2401 1621 2457 Sardinia
1664 2403 1738 2458 ab
1782 2402 1938 2459 Iolao
1986 2421 2076 2460 ex·

319 2485 571 2552 pugnata
608 2485 668 2539 et
705 2483 910 2539 deinde
947 2484 1187 2539 exculta.
1682 2555 1691 2560 .

141 2569 229 2618 30.
267 2562 582 2618 Arcessitus
612 2578 643 2617 e
674 2562 873 2620 Sicilia
900 2563 1186 2620 Daedalus
1212 2562 1534 2618 Sardiniam
1571 2562 1766 2618 multis
1805 2564 2069 2634 operibus

322 2642 567 2697 decorat.
624 2644 811 2699 Iolaus
839 2643 1039 2700 deinde
1068 2645 1129 2698 in
1158 2641 1451 2698 Graeciam
1477 2642 1758 2699 rediturus
1789 2645 2071 2700 coloniam

325 2723 599 2793 relinquit
634 2723 693 2777 in
722 2723 931 2779 Sicilia.
998 2723 1241 2779 Condita
1274 2723 1336 2777 in
1365 2722 1625 2779 Sardinia
1660 2723 1885 2779 colonia
1918 2724 2071 2782 bello

319 2818 606 2872 nunquam
642 2804 731 2858 est
765 2803 933 2858 victa.

140 2889 224 2940 31.
262 2883 533 2939 Hercules
570 2883 729 2938 Iolen
763 2884 928 2953 petit.
992 2884 1245 2953 Accepta
1279 2884 1509 2953 repulsa
1543 2881 1796 2952 Iphitum
1832 2881 2071 2940 fratrem

320 2964 439 3019 eius
468 2965 648 3019 necat.
704 2963 976 3019 Hercules
1006 2963 1346 3033 expiationis
1374 2979 1546 3018 causa
1577 2962 1888 3032 Omphalae
1915 2965 2072 3020 Mae·
2546 2964 2559 3023 f

321 3060 492 3100 onum
528 3044 758 3114 reginae
794 3043 857 3098 in
893 3044 1223 3100 servitutem
1259 3043 1521 3098 traditur.
2548 3054 2553 3117 ζ

138 3130 226 3179 32.
263 3124 541 3179 Reversus
570 3124 632 3178 in
652 3123 1101 3192 Peloponnesum
1122 3122 1393 3179 Hercules
1421 3121 1794 3191 proficiscitur
1822 3122 2069 3189 Troiam,
2548 3120 2557 3187 ἱ

319 3202 555 3259 iniurias
585 3220 620 3258 a
645 3203 1033 3259 Laomedonte
1071 3203 1206 3259 olim
1242 3202 1439 3258 illatas
1467 3200 1871 3258 vindicaturus.
1928 3205 2074 3259 Lao·
2548 3208 2559 3231 '⁸

318 3282 644 3338 medontem
681 3281 895 3337 occidit
927 3299 1275 3354 regnumque
1312 3282 1541 3338 Priamo
1578 3282 1772 3338 tradit.
2546 3236 2559 3329 i

140 3366 227 3416 33.
265 3361 537 3418 Hercules
592 3361 776 3416 ultum
828 3362 880 3417 it
922 3363 1181 3434 Augeam
1234 3363 1309 3419 ob
1365 3363 1681 3418 recusatam
1734 3360 2070 3415 mercedem.

323 3441 604 3498 Centauro
643 3441 979 3498 obtruncato
1014 3442 1077 3498 in
1111 3443 1461 3514 Hippolytae
1503 3440 1718 3508 nuptiis
1753 3436 1938 3506 primo
1979 3438 2074 3492 Ti-

317 3521 596 3590 rynthem,
635 3522 837 3579 deinde
864 3523 1153 3578 Pheneum
1179 3524 1239 3578 in
1266 3520 1568 3577 Arcadiam
1597 3534 1656 3573 se
1686 3513 1921 3571 confert.
1958 3517 2072 3570 Eu-

321 3603 508 3669 rytum
572 3600 801 3672 eiusque
863 3605 1088 3672 patrem
1142 3603 1401 3671 Augeam
1464 3594 1743 3650 interimit
1745 3633 1765 3680 .’
1834 3607 2074 3660 regnum

320 3680 534 3749 Phyleo
570 3681 762 3738 tradit.
838 3681 1198 3750 Tyndareum
1237 3679 1443 3748 Sparta
1479 3671 1706 3739 pulsum
1741 3683 1802 3720 11¹
1836 3684 2075 3736 regnum
