2569 4061
1088 282 1140 337 Π
1180 289 1261 339 11.
1306 290 1387 338 12.
2054 285 2180 350 189

149 471 254 520 126
275 462 426 512 κοσι
461 444 575 511 καὶ
619 443 812 511 πέντε
829 465 844 481 ·
889 454 1132 511 τοῦτον
1180 442 1254 511 δὲ
1300 450 1572 523 πολλοῖς
1606 448 1895 529 πλήθεσι
1934 449 2185 530 ζευγῶν
2221 467 2254 516 5

256 554 538 639 ὀρεικῶν
582 575 654 617 τε
698 550 809 617 καὶ
853 554 1139 635 βοεικῶν
1183 560 1653 635 καταγαγοῦσα
1697 554 1863 640 πρὸς
1906 554 2026 618 τὸν
2065 573 2186 619 πο-

258 660 472 743 ταμὸν
519 656 908 741 ἐπεβίβασεν
955 656 1063 724 ἐπὶ
1116 658 1240 741 τὴν
1297 658 1596 742 σχεδίαν·
1653 655 1760 723 ἐπὶ
1813 659 2054 742 ταύτης
2110 655 2185 725 δὲ

261 767 767 849 παρακομίσασα
810 765 976 830 κατὰ
1018 773 1141 830 τοῦ
1189 764 1515 850 ῥεύματος
1559 763 1751 851 μέχρι
1805 773 1921 848 τῆς
1965 767 2186 846 Βαβυ-

204 896 238 937 5
265 872 506 947 λωνίας
542 873 817 954 ἔστησεν
853 871 1060 936 αὐτὸν
1099 872 1279 956 παρὰ
1314 873 1439 955 τὴν
1477 870 1965 956 ἐπισημοτάτην
2002 869 2184 953 ὁδόν,

261 977 641 1062 παράδοξον
684 974 908 1061 θέαμα
951 988 1093 1054 τοῖς
1139 986 1527 1062 παριοῦσιν·
1582 978 1662 1043 ὅν
1715 999 1892 1054 τινες
1947 976 2189 1060 ὀνομά-

263 1085 490 1161 ζουσιν
553 1082 681 1148 ἀπὸ
747 1090 868 1148 τοῦ
934 1084 1264 1166 σχήματος
1323 1083 1701 1168 ὀβελίσκον,
1769 1081 1849 1148 ὃν
1912 1081 1987 1147 ἐν
2049 1090 2190 1158 τοῖς

261 1186 420 1254 ἑπτὰ
463 1200 605 1265 τοῖς
648 1187 1284 1271 κατονομαζομένοις
1329 1190 1549 1274 ἔργοις
1591 1195 2099 1275 καταριθμοῦσι.

442 1299 731 1360 Πολλῶν
795 1290 871 1359 δὲ
939 1291 1050 1359 καὶ
1111 1294 1510 1379 παραδόξων
1566 1297 1779 1361 ὄντων
1831 1295 2189 1381 θεαμάτων
2214 1296 2295 1361 12

179 1430 235 1469 10
261 1401 429 1466 κατὰ
483 1401 608 1483 τὴν
653 1402 1098 1482 Βαβυλωνίαν
1154 1399 1278 1483 οὐχ
1333 1400 1568 1482 ἥκιστα
1621 1403 2025 1485 θαυμάζεται
2078 1398 2190 1467 καὶ

261 1507 338 1572 τὸ
386 1509 650 1587 πλῆθος
693 1512 810 1586 τῆς
856 1501 929 1568 ἐν
976 1503 1144 1588 αὐτῇ
1191 1502 1612 1588 γεννωμένης
1656 1505 2025 1590 ἀσφάλτου·
2082 1528 2192 1571 το-

266 1618 515 1675 σοῢτον
569 1611 697 1693 γάρ
763 1607 944 1673 ἐστιν
1001 1608 1169 1674 ὥστε
1226 1610 1318 1693 μὴ
1383 1610 1594 1692 μόνον
1647 1620 1791 1686 ταῖς
1842 1612 2192 1687 τοσαύταις

266 1711 381 1780 καὶ
416 1716 836 1798 τηλικαύταις
873 1716 1287 1800 οἰκοδομίαις
1324 1716 1644 1800 διαρκεῖν,
1687 1714 1854 1779 ἀλλὰ
1890 1712 2001 1780 καὶ
2037 1719 2195 1779 συλ-

269 1822 630 1904 λεγόμενον
667 1822 787 1886 τὸν
814 1822 979 1886 λαὸν
1008 1819 1115 1886 ἐπὶ
1149 1822 1270 1887 τὸν
1298 1823 1506 1887 τόπον
1542 1821 1836 1906 ἀφειδῶς
1864 1819 2196 1906 ἀρύεσθαι

183 1958 239 1999 15
264 1924 377 1993 καὶ
424 1925 822 2013 ξηραίνοντα
867 1928 1054 1993 κάειν
1100 1925 1250 1994 ἀντὶ
1289 1928 1523 2008 ξύλων.
1604 1928 2083 2014 ἀναριθμήτων
2121 1921 2195 1989 δὲ
2234 1949 2265 1996 2

263 2036 340 2100 τὸ
386 2039 649 2119 πλῆθος
695 2034 1076 2120 ἀνθρώπων
1115 2033 1511 2121 ἀρυομένων
1546 2036 1851 2120 καθάπερ
1897 2036 1971 2099 ἔκ
2012 2056 2197 2108 τινος

265 2150 482 2225 πηγῆς
515 2143 802 2227 μεγάλης
837 2139 1148 2226 ἀκέραιον
1186 2140 1485 2225 διαμένει
1520 2144 1596 2207 τὸ
1633 2144 1972 2227 πλήρωμα.
2056 2141 2196 2205 ἔστι

269 2244 342 2312 δὲ
385 2246 498 2313 καὶ
542 2249 830 2331 πλησίον
873 2255 989 2331 τῆς
1033 2254 1248 2331 πηγῆς
1293 2246 1536 2330 ταύτης
1573 2246 1892 2324 ἀνάδοσις
1934 2254 2026 2334 τῷ
2073 2241 2197 2330 μὲν

269 2351 537 2436 μεγέθει
601 2357 906 2441 βραχεῖα,
982 2354 1272 2437 δύναμιν
1338 2349 1413 2418 δὲ
1483 2354 1871 2436 θαυμάσιον
1934 2355 2195 2437 ἔχουσα,

191 2488 248 2528 20
275 2459 633 2541 προβάλλει
667 2460 798 2545 γὰρ
835 2458 1045 2544 ἀτμὸν
1081 2460 1338 2542 θειώδη
1376 2458 1487 2524 καὶ
1511 2459 1750 2544 βαρύν,
1790 2450 1843 2546 ᾧ
1879 2460 1955 2524 τὸ
1991 2474 2197 2545 προσ-

270 2564 479 2629 ελθὸν
543 2567 710 2653 ζῷον
775 2565 953 2630 ἅπαν
1027 2564 1473 2648 ἀποθνήσκει,
1546 2574 1942 2650 περιπῖπτον
2015 2564 2198 2653 ὀξείᾳ
2241 2625 2248 2629 .

271 2667 384 2735 καὶ
429 2671 784 2759 παραδόξῳ
828 2676 1127 2756 τελευτῇ·
1173 2672 1548 2756 πνεύματος
1582 2671 1710 2756 γὰρ
1755 2679 1998 2758 κατοχῇ
2043 2674 2198 2758 χρό-

268 2799 394 2841 νον
438 2775 812 2861 ὑπομεῖναν
856 2779 1355 2862 διαφθείρεται,
1412 2779 1717 2863 καθάπερ
1773 2777 2199 2863 κωλυομένης

271 2892 387 2967 τῆς
430 2892 552 2949 τοῦ
598 2883 971 2967 πνεύματος
1016 2884 1307 2971 ἐκφορᾶς
1350 2884 1480 2950 ὑπὸ
1530 2892 1648 2968 τῆς
1692 2886 2200 2972 προσπεσούσης

189 3020 244 3061 25
270 3000 414 3067 ταῖς
451 2989 817 3067 ἀναπνοαῖς
854 2991 1223 3074 δυνάμεως·
1265 2990 1475 3068 εὐθὺς
1512 2988 1587 3056 δὲ
1625 2991 1873 3056 διοιδεῖ
1902 2988 2011 3056 καὶ
2047 2991 2201 3071 πίμ-

270 3117 514 3182 πραται
558 3097 634 3160 τὸ
682 3105 901 3180 σῶμα,
958 3096 1241 3180 μάλιστα
1295 3100 1453 3174 τοὺς
1496 3094 1648 3181 περὶ
1692 3098 1812 3162 τὸν
1857 3097 2200 3177 πνεύμονα

418 3258 445 3305 1
487 3251 585 3307 καὶ
621 3249 791 3307 πέντε
855 3249 1025 3307 πέντε
1069 3251 1187 3323 OF,
1224 3252 1323 3307 καὶ
1359 3249 1528 3308 πέντε
1566 3253 1762 3307 ποδῶν
1798 3250 1848 3303 D
2011 3253 2043 3301 2
2082 3240 2197 3312 ὀρι-

273 3323 390 3376 κῶν
427 3322 497 3391 Ι),
535 3318 746 3378 ὀνικῶν
783 3325 803 3376 1
978 3329 1011 3377 3
1052 3319 1145 3378 ἐπὶ
1181 3319 1313 3394 τὴν]
1352 3318 1493 3391 πρὸς
1529 3319 1635 3391 τὴν
1669 3322 1817 3390 vulg.
1963 3323 1999 3369 4
2025 3332 2200 3369 κατα-

273 3395 552 3462 κομίσασα
590 3392 642 3447 Π
769 3400 802 3448 6
841 3386 908 3449 ὃν
947 3399 1051 3448 -8
1089 3393 1509 3464 καταριθμοῦσι
1545 3393 1655 3447 del.
1694 3390 1853 3444 Eich.
2002 3389 2069 3438 14
2107 3379 2200 3437 ἐπὶ

271 3460 374 3518 τὸν
418 3460 597 3519 τόπον
635 3481 743 3519 om.
781 3464 835 3518 11
1027 3470 1097 3519 20
1150 3459 1491 3535 προσβάλλει
1543 3463 1697 3530 vulg.
1745 3461 1825 3528 (et
1860 3456 1959 3524 D1)
2131 3458 2198 3507 22

271 3530 505 3607 χρόνον]
545 3534 754 3606 χρόνον
780 3525 982 3607 ’ὀλίγον
1021 3535 1305 3591 Gemistus
1451 3537 1521 3585 24
1558 3532 1741 3599 φορᾶς
1776 3528 1841 3581 D·
