2569 4061
404 222 535 287 226
1072 217 1380 274 DIODORI
1417 216 1653 273 SICULI

398 380 789 467 Ἀστιβάραν
819 377 891 446 δὲ
921 381 1415 467 τετταράκοντα.
1482 378 1586 445 ἐπὶ
1616 376 1689 445 δὲ
1726 380 1972 446 τούτου
2000 381 2332 466 Πάρθους

403 489 817 565 ἀποστάντας
860 488 1124 571 Μήδων
1169 487 1424 564 Σάκαις
1478 489 1601 570 τήν
1644 510 1715 552 τε
1769 486 1994 572 χώραν
2043 484 2154 552 καὶ
2208 487 2333 570 τὴν

332 618 363 666 2
405 599 604 661 πόλιν
667 594 1049 680 ἐγχειρίσαι·
1116 595 1348 680 διόπερ
1415 593 1782 670 συστάντος
1834 591 2129 677 πολέμου
2191 603 2354 670 τοῖς·

404 703 660 779 Σάκαις
721 704 889 787 πρὸς
952 702 1239 784 Μήδους
1295 697 1393 765 ἐπ’
1446 702 1557 784 ἔτη
1622 702 1824 766 πλείω
1881 700 2200 783 γενέσθαι
2261 724 2331 766 τε

404 810 617 894 μάχας
690 809 814 874 οὐκ
885 808 1114 891 ὀλίγας
1184 805 1296 872 καὶ
1369 817 1637 892 συχνῶν
1709 805 1866 893 παρ’
1933 806 2332 894 ἀμφοτέροις
2358 823 2387 865 5

405 914 901 1002 ἀναιρεθέντων
963 916 1039 979 τὸ
1112 919 1495 980 τελευταῖον
1569 916 1845 1000 εἰρήνην
1919 914 2164 991 αὐτοὺς
2227 913 2331 979 ἐπὶ

401 1025 626 1089 τοῖσδε
682 1019 1094 1103 συνθέσθαι,
1155 1022 1483 1108 Πάρθους
1536 1017 1659 1106 μὲν
1711 1020 1843 1086 ὑπὸ
1898 1022 2188 1103 Μήδους
2231 1044 2331 1086 τε-

401 1131 676 1213 τάχθαι,
723 1138 858 1192 τῶν
914 1124 988 1192 δὲ
1038 1132 1609 1214 προϋπαρχόντων
1664 1125 2015 1210 ἑκατέρους
2068 1128 2332 1213 κυριεύ-

403 1251 646 1310 σαντας
684 1237 926 1318 φίλους
962 1229 1135 1299 εἶναι
1161 1232 1272 1300 καὶ
1310 1236 1697 1319 συμμάχους
1735 1234 2047 1317 ἀλλήλοις
2084 1236 2177 1311 είς
2214 1236 2332 1299 τὸν

331 1362 363 1409 3
403 1341 661 1406 ἅπαντα
723 1344 989 1426 χρόνον.
1081 1344 1473 1424 βασιλεῦσαι
1541 1336 1614 1405 δὲ
1675 1342 1822 1406 τότε
1887 1352 2022 1405 τῶν
2086 1345 2330 1407 Σακῶν
2359 1359 2411 1397 10

401 1456 688 1529 γυναῖκα
732 1447 813 1510 τὰ
858 1448 1023 1512 κατὰ
1067 1449 1362 1531 πόλεμον
1404 1446 1807 1531 ἐζηλωκυῖαν
1852 1444 1962 1511 καὶ
2007 1449 2216 1532 τόλμῃ
2262 1471 2332 1511 τε

399 1550 511 1618 καὶ
546 1553 777 1639 πράξει
814 1557 990 1620 πολὺ
1028 1552 1488 1639 διαφέρουσαν
1524 1564 1659 1619 τῶν
1702 1553 1775 1618 ἐν
1812 1554 2065 1630 Σάκαις
2100 1577 2331 1636 γυναι-

398 1669 567 1743 κῶν,
624 1661 836 1745 ὄνομα
893 1664 1205 1747 Ζαρίναν.
1300 1662 1604 1725 καθόλου
1650 1656 1772 1743 μὲν
1828 1654 1953 1725 οὖν
1997 1660 2072 1724 τὸ
2129 1662 2330 1737 ἔθνος

400 1775 598 1831 τοῦτο
636 1777 955 1850 γυναῖκας
992 1766 1311 1850 ἀλκίμους
1347 1768 1523 1851 ἔχειν
1552 1764 1663 1832 καὶ
1699 1767 2155 1843 κοινωνούσας
2191 1777 2332 1843 τοῖς

403 1872 689 1959 ἀνδράσι
734 1883 870 1938 τῶν
915 1872 990 1938 ἐν
1025 1882 1166 1949 τοῖς
1208 1871 1524 1957 πολέμοις
1559 1873 1920 1955 κινδύνων,
1968 1873 2216 1956 ταύτην
2255 1869 2328 1938 δὲ
2358 1890 2409 1931 15

403 1977 660 2063 λέγεται
695 1988 787 2070 τῷ
816 2002 886 2045 τε
922 1979 1148 2046 κάλλει
1184 1978 1501 2063 γενέσθαι
1532 1989 1766 2045 πασῶν
1804 1978 2330 2066 ἐκπρεπεστάτην

402 2085 512 2151 καὶ
558 2096 701 2164 ταῖς
746 2086 1086 2171 ἐπιβολαῖς
1121 2085 1232 2153 καὶ
1276 2097 1419 2164 τοῖς
1462 2087 1627 2152 κατὰ
1663 2083 1862 2171 μέρος
1905 2085 2329 2172 ἐγχειρήμασι

329 2213 365 2262 4
400 2196 816 2278 θαυμαστήν.
906 2204 1041 2258 τῶν
1087 2190 1210 2278 μὲν
1262 2195 1390 2280 γὰρ
1435 2193 1915 2277 πλησιοχώρων
1970 2193 2329 2279 βαρβάρων

398 2304 557 2377 τοὺς
612 2297 1021 2385 ἐπηρμένους
1064 2308 1156 2388 τῷ
1203 2300 1446 2385 θράσει
1490 2298 1602 2365 καὶ
1647 2297 2311 2383 καταδουλουμένους
2335 2320 2436 2370 148

399 2408 475 2471 τὸ
524 2409 727 2483 ἔθνος
770 2417 906 2471 τῶν
945 2404 1190 2471 Σακῶν
1233 2410 1789 2490 καταπολεμῆσαι,
1834 2413 1952 2488 τῆς
1992 2402 2065 2471 δὲ
2110 2407 2330 2492 χώρας
2358 2408 2411 2466 2ο

399 2512 656 2594 πολλὴν
711 2511 1144 2597 ἐξημερῶσαι,
1198 2509 1310 2577 καὶ
1356 2515 1580 2588 πόλεις
1635 2512 1759 2577 οὐκ
1804 2511 2033 2595 ὀλίγας
2085 2516 2327 2596 κτίσαι,

399 2615 511 2683 καὶ
548 2619 622 2682 τὸ
670 2619 962 2683 σύνολον
999 2616 1598 2704 εὐδαιμονέστερον
1642 2620 1762 2684 τὸν
1796 2621 1950 2702 βίον
1996 2628 2131 2684 τῶν
2167 2619 2326 2705 ὁμο-

330 2743 362 2792 5
401 2730 625 2789 εθνῶν
677 2733 966 2808 ποιῆσαι.
1061 2725 1166 2789 διὸ
1212 2722 1323 2789 καὶ
1379 2728 1536 2802 τοὺς
1581 2724 1942 2810 ἐγχωρίους
1998 2727 2160 2810 μετὰ
2203 2726 2327 2808 τὴν

399 2832 713 2914 τελευτὴν
761 2830 962 2915 αὐτῆς
1006 2832 1202 2918 χάριν
1248 2831 1693 2908 ἀποδιδόντας
1746 2842 1881 2896 τῶν
1927 2831 2327 2918 εὐεργεσιῶν

399 2935 510 3002 καὶ
573 2946 688 3022 τῆς
734 2937 966 3023 ἀρετῆς
1020 2938 1561 3023 μνημονεύοντας
1614 2939 1832 3022 τάφον
1893 2939 2327 3024 οἰκοδομῆσαι
2357 2957 2412 2998 25

399 3047 572 3110 πολὺ
626 3056 762 3109 τῶν
804 3045 1023 3139 ὄντων
1068 3042 1220 3130 παρ’
1278 3044 1506 3121 αὐτοῖς
1549 3042 1981 3129 ὑπερέχοντα·
2037 3044 2327 3128 ὑποστη-

548 3279 573 3326 1
611 3268 874 3344 Ἀστυβάρ
879 3292 949 3326 αν
979 3271 1277 3339 Gemistm,
1303 3268 1663 3354 Ἀρτιβάρναν
1694 3272 1814 3343 OF,
1851 3269 2245 3360 γαρταμέρνην
2275 3272 2326 3326 D

400 3342 666 3426 4πλείω]
704 3346 936 3406 πλείους
971 3341 1076 3398 δύο
1116 3344 1178 3412 F,
1215 3314 1322 3397 δύο
1361 3341 1644 3396 Gemistus
1773 3315 1814 3398 δ’
1843 3341 2183 3413 ἀμφοτέρων
2225 3342 2333 3398 OF

401 3415 432 3460 6
473 3405 666 3474 αὐτοῖς
700 3414 750 3466 D
826 3419 888 3467 11
931 3385 1202 3484 πόλεμον]
1232 3411 1337 3483 μὲν
1375 3413 1504 3467 add.
1543 3413 1592 3465 D
1664 3432 1725 3468 τε
1764 3431 1871 3469 om.
1908 3415 1958 3467 D
2037 3420 2103 3468 13
2142 3415 2329 3484 ζαρίν-

401 3494 508 3527 ναν
546 3480 594 3531 D
744 3488 809 3535 14
849 3482 964 3551 ἔχει
999 3483 1150 3552 vulg.
1301 3488 1365 3537 16
1405 3479 1863 3554 εὐπρεπεστάτην
1901 3485 2054 3550 vulg.
