2569 4061
975 393 1001 447 1
1038 400 1125 450 38.
1162 402 1247 450 39.
1997 396 2079 461 57

153 553 358 622 οὐδὲν
401 566 710 623 τοιοῦτον
766 558 1126 643 γινόμενον
1170 563 1556 643 θεωρεῖται,
1613 568 2000 647 περιφανῶς
2047 556 2083 622 ὁ

154 666 581 748 συγγραφεὺς
625 664 992 748 σχεδιάζων
1039 662 1439 748 εὑρίσκεται·
1487 661 1597 729 καὶ
1641 665 1770 750 γὰρ
1817 663 1889 730 οἰ
1927 659 2082 749 περὶ

151 771 276 855 τὴν
330 765 614 837 Ἑλλάδα
667 767 955 854 ποταμοὶ
1008 770 1133 854 τὴν
1188 768 1471 853 αὔξησιν
1526 768 1600 834 έν
1653 778 1744 857 τῷ
1807 781 2083 855 χειμῶνι

151 878 610 963 λαμβάνουσιν
655 878 739 944 οὐ
786 878 900 942 διὰ
944 878 1019 941 τὸ
1057 878 1472 961 μακρότερον
1510 874 1921 958 ἀφίστασθαι
1960 877 2080 942 τὸν

96 1001 122 1041 5
152 986 368 1069 ἥλιον,
415 985 582 1051 ἀλλὰ
620 985 732 1050 διὰ
779 985 853 1050 τὸ
899 987 1159 1067 πλῆθος
1203 993 1340 1048 τῶν
1380 979 1756 1065 γινομένων
1793 983 2079 1066 ὄμβρων.

151 1093 572 1178 Δημόκριτος
636 1086 699 1155 δ’
769 1089 805 1157 ὁ
865 1084 1255 1175 Ἀβδηρίτης
1322 1087 1533 1173 φησὶν
1595 1088 1679 1155 οὐ
1751 1090 1869 1154 τὸν
1931 1086 2080 1172 περὶ
2101 1088 2184 1153 39

150 1199 271 1282 τὴν
316 1200 732 1283 μεσημβρίαν
778 1198 988 1266 τόπον
1040 1198 1483 1282 χιονίζεσθαι,
1543 1197 1850 1281 καθάπερ
1904 1200 2081 1281 εἴρη-

150 1327 267 1370 κεν
309 1305 684 1391 Εὐριπίδης
728 1300 841 1368 καὶ
882 1297 1344 1388 Ἀναξαγόρας,
1393 1301 1560 1369 ἀλλὰ
1603 1305 1723 1370 τὸν
1768 1300 1920 1387 περὶ
1967 1303 2083 1376 τὰς

149 1412 455 1496 ἄρκτους,
500 1408 611 1476 καὶ
646 1418 845 1475 τοῦτο
886 1405 1175 1494 ἐμφανὲς
1212 1404 1387 1474 εἶναι
1429 1420 1606 1475 πᾶσι.
1687 1412 1763 1475 τὸ
1802 1407 1878 1475 δὲ
1913 1414 2076 1493 πλῆ-
2113 1428 2148 1476 2

66 1550 123 1589 10
151 1522 280 1594 θος
314 1526 434 1600 τῆς
467 1513 933 1601 σωρευομένης
967 1515 1191 1598 χιόνος
1238 1513 1313 1579 ἐν
1349 1525 1489 1591 τοῖς
1524 1518 1814 1602 βορείοις
1848 1514 2079 1601 μέρεσι

146 1621 301 1708 περὶ
348 1618 470 1705 μὲν
513 1622 631 1696 τὰς
677 1621 925 1705 τροπὰς
969 1617 1195 1701 μένειν
1241 1623 1559 1704 πεπηγός,
1604 1621 1677 1685 ἐν
1724 1617 1798 1685 δὲ
1834 1629 1925 1707 τῷ
1962 1621 2079 1686 θέ-

146 1751 253 1813 ρει
314 1724 775 1809 διαλυομένων
838 1725 968 1789 ὑπὸ
1032 1733 1147 1807 τῆς
1210 1727 1581 1810 θερμασίας
1616 1735 1786 1810 ,τῶν
1847 1727 2081 1808 πάγων

144 1831 412 1913 πολλὴν
469 1831 792 1915 τηκεδόνα
857 1834 1200 1914 γίνεσθαι,
1264 1828 1377 1895 καὶ
1435 1831 1548 1896 διὰ
1611 1838 1808 1895 τοῦτο
1866 1833 2083 1896 πολλὰ

142 1943 524 2022 γεννᾶσθαι
587 1933 699 2002 καὶ
761 1934 971 2022 παχέος
1032 1935 1205 2021 νέφη
1260 1934 1415 2023 περὶ
1479 1940 1636 2014 τοὺς
1689 1934 2080 2021 μετεωροτέ-

67 2079 121 2120 15
153 2068 318 2130 ρους
362 2054 496 2109 τῶν
540 2045 784 2127 τόπων,
834 2045 1161 2122 δαψιλοῦς
1199 2052 1318 2128 τῆς
1365 2043 1879 2128 ἀναθυμιάσεως
1914 2043 2082 2128 πρὸς

145 2153 220 2216 τὸ
285 2149 456 2228 ὕψος
520 2149 892 2236 αἰρομένης.
992 2159 1200 2216 ταῦτα
1264 2148 1328 2215 δ’
1400 2150 1530 2215 ὑπὸ
1596 2160 1730 2215 τῶν
1795 2148 2078 2232 ἐτησίων
2115 2170 2147 2219 3

146 2256 570 2340 ἐλαύνεσθαι,
618 2256 810 2344 μέχρι
856 2255 941 2322 ἂν
986 2257 1147 2322 ὄτου
1183 2255 1529 2342 προσπέσῃ
1565 2266 1706 2332 τοῖς
1741 2258 2078 2340 μεγίστοις

145 2364 331 2448 ὄρεσι
375 2374 509 2428 τῶν
544 2363 710 2429 κατὰ
745 2364 868 2446 τὴν
906 2361 1334 2446 οἰκουμένην,
1381 2364 1424 2427 ἅ
1465 2377 1676 2446 φησιν
1712 2357 1886 2427 εἶναι
1922 2360 2076 2446 περὶ

146 2470 269 2552 τὴν
314 2472 711 2535 Αἰθιοπίαν·
763 2471 986 2535 ἔπειτα
1030 2470 1197 2553 πρὸς
1241 2470 1505 2546 τούτοις
1551 2462 1746 2534 οὖσιν
1790 2466 2077 2553 ὑψηλοῖς

61 2610 119 2650 20
147 2577 382 2658 βιαίως
424 2579 815 2662 θραυόμενα
861 2573 1310 2660 παμμεγέθεις
1357 2577 1648 2662 ὄμβρους
1691 2583 1957 2658 γεννᾶν,
2005 2573 2073 2653 ἐξ

144 2675 246 2747 ὧν
290 2685 712 2773 πληροῦσθαι
757 2683 876 2748 τὸν
914 2684 1214 2766 ποταμὸν
1249 2683 1536 2766 μάλιστα
1575 2684 1740 2747 κατὰ
1775 2683 1899 2767 τὴν
1935 2692 2072 2748 τῶν

142 2785 427 2871 ἐτησίων
463 2788 662 2872 ὥραν.
738 2786 978 2875 ῥᾴδιον
1017 2784 1091 2852 δὲ
1126 2785 1237 2853 καὶ
1275 2797 1517 2855 τοῦτον
1554 2787 1878 2872 ἐξελέγξαι
1914 2792 2071 2867 τοὺς
2108 2811 2142 2859 4

140 2896 428 2979 χρόνους
484 2902 599 2978 τῆς
653 2893 993 2977 αὐξήσεως
1047 2893 1335 2978 ἀκριβῶς
1390 2894 1795 2975 ἐξετάζοντα·
1851 2895 1887 2961 ὁ
1942 2896 2071 2981 γὰρ

140 3001 391 3076 Νεῖλος
436 3000 704 3087 ἄρχεται
757 2995 882 3083 μὲν
926 3004 1356 3085 πληροῦσθαι
1409 3002 1574 3066 κατὰ
1626 3002 1742 3078 τὰς
1795 3001 2072 3085 θερινὰς

60 3140 112 3181 25
144 3105 426 3190 τροπάς,
501 3106 687 3171 οὔπω
759 3114 895 3171 τῶν
968 3104 1248 3190 ἐτησίων
1322 3110 1692 3190 πνεόντων,
1766 3109 1952 3191 λήγει
1999 3096 2065 3170 δ’

138 3209 425 3297 ὕστερον
474 3213 814 3297 ἰσημερίας
860 3217 1396 3297 φθινοπωρινῆς,
1442 3213 1644 3277 πάλαι
1688 3231 2071 3297 προπεπαυ-

138 3316 360 3402 μένων
426 3328 561 3383 τῶν
624 3316 993 3405 εἰρημένων
1059 3316 1342 3403 ἀνέμων.
1435 3319 1597 3384 ὅταν
1660 3313 1785 3384 οὖν
1850 3316 1890 3397 ἡ
1955 3319 2070 3394 τῆς
2107 3331 2139 3379 5

137 3427 373 3511 πείρας
418 3423 719 3511 ἀκρίβεια
771 3426 1090 3511 κατισχύῃ
1148 3425 1273 3507 τὴν
1327 3434 1462 3488 τῶν
1518 3425 1736 3504 λόγων
1781 3416 2065 3485 πιθανό-

2534 1739 2569 1870 1}

2534 1861 2567 1940 w&

2550 2168 2563 2253 -waam
2532 1917 2567 2123 -μαωΜὶ

2530 2380 2533 2381 =
2528 2226 2537 2361 wana-..k

2554 2324 2563 2339 Ἷ
2552 2258 2557 2263 ι

287 3657 320 3707 5
359 3630 472 3707 τῶν
510 3651 830 3724 γενομένων
866 3647 1097 3708 ὑδάτων
1138 3649 1225 3705 OF
1372 3653 1440 3701 14
1477 3641 1789 3780 μετεώρὸοές
1825 3641 1932 3696 OF.
