2569 4061
342 321 475 387 428
1014 318 1319 375 DIODORI
1358 318 1593 375 SICULI

354 488 622 570 Τίβεριν
693 484 994 567 ποταμὸν
1069 479 1793 568 κατεστρατοπέδευσεν
1866 475 1949 546 οὗ
2022 489 2152 545 νῦν
2224 480 2272 563 ἡ

337 587 545 674 Ῥώμη
585 588 783 655 ἐστίν.
836 587 980 656 ἀλλ’
1016 590 1181 674 αὕτη
1220 586 1345 674 μὲν
1379 593 1655 665 πολλαῖς
1689 598 1948 671 γενεαῖς
1982 585 2275 673 ὕστερον

345 696 476 762 ὑπὸ
523 693 864 781 Ῥωμύλου
926 705 1050 762 τοῦ
1085 695 1321 783 ’Ἄρεος
1383 694 1689 779 ἐκτίσθη,
1753 696 1900 759 τότε
1955 691 2035 759 δέ
2093 716 2277 771 τινες

346 814 483 869 τῶν
556 803 896 891 ἐγχωρίων
966 799 1314 891 κατῴκουν
1377 800 1454 867 ἐν
1521 810 1615 890 τῷ
1679 809 1810 866 νῦν
1879 798 2275 889 καλουμένῳ

278 932 310 982 2
353 913 701 1000 Παλατίῳ,
775 911 1017 997 μικρὰν
1079 913 1418 985 παντελῶς
1487 910 1686 973 πόλιν
1750 909 2105 983 οἰκοῦντες.
2198 905 2275 973 ἐν
2304 923 2332 964 5

350 1018 556 1104 ταύτῃ
603 1013 679 1083 δὲ
721 1028 858 1082 τῶν
913 1015 1261 1101 ἐπιφανῶν
1308 1017 1497 1092 ὄντες
1550 1013 1820 1100 ἀνδρῶν
1866 1013 2117 1090 Κάκιος
2160 1011 2274 1078 καὶ

355 1125 683 1208 Πινάριος
726 1121 1033 1202 ἐδέξαντο
1078 1123 1198 1186 τὸν
1234 1118 1567 1207 “Ηρακλέα
1612 1121 1854 1200 ξενίοις
1903 1118 2277 1202 ἀξιολόγοις

351 1227 463 1294 καὶ
527 1229 808 1313 δωρεαῖς
869 1224 1373 1312 κεχαρισμέναις
1436 1226 1779 1311 ἐτίμησαν·
1846 1223 1958 1291 καὶ
2015 1224 2275 1290 τούτων

351 1343 486 1398 τῶν
532 1330 804 1415 ἀνδρῶν
856 1330 1297 1415 ὑπομνήματα
1343 1331 1533 1417 μέχρι
1576 1333 1788 1397 τῶνδε
1842 1341 1978 1396 τῶν
2022 1340 2276 1415 καιρῶν

354 1434 648 1521 διαμένει
701 1438 867 1502 κατὰ
920 1438 1043 1521 τὴν
1078 1433 1350 1523 Ῥώμην.
1442 1449 1577 1502 τῶν
1620 1440 1749 1524 γὰρ
1804 1447 1936 1503 νῦν
1981 1437 2276 1520 εὐγενῶν
2307 1454 2361 1493 1⁰

353 1543 622 1628 ἀνδρῶν
666 1544 742 1609 τὸ
779 1554 915 1609 τῶν
953 1547 1305 1631 Πιναρίων
1343 1542 1850 1629 ὀνομαζομένων
1892 1542 2088 1626 γένος
2134 1544 2276 1607 δια-

354 1648 536 1734 μένει
571 1652 751 1736 παρὰ
786 1662 929 1728 τοῖς
953 1648 1318 1736 Ῥωμαίοις,
1353 1651 1442 1727 ὡς
1477 1651 1779 1736 ὑπάρχον
1816 1648 2277 1736 ἀρχαιότατον,

353 1766 475 1823 τοῦ
541 1753 618 1823 δὲ
682 1760 942 1823 Κακίου
1005 1756 1079 1822 ἐν
1141 1758 1233 1846 τῷ
1295 1759 1610 1845 Παλατίῳ
1675 1755 2034 1839 κατάβασίς
2095 1754 2278 1820 ἐστιν

357 1866 602 1948 ἔχουσα
679 1866 954 1947 λιθίνην
1026 1866 1309 1947 κλίμακα
1391 1863 1516 1945 τὴν
1589 1859 2085 1946 ὀνομαζομένην
2156 1857 2271 1924 ἀπ’

357 1969 618 2037 ἐκείνου
656 1971 938 2053 Κακίαν,
986 1963 1199 2035 οὖσαν
1244 1970 1531 2053 πλησίον
1566 1977 1682 2054 τῆς
1726 1970 1875 2034 τότε
1919 1964 2279 2053 γενομένης
2309 1983 2365 2024 15

285 2102 317 2149 3
359 2079 571 2153 οἰκίας
632 2085 755 2142 τοῦ
819 2076 1096 2140 Κακίου.
1189 2074 1226 2140 ὁ
1296 2071 1356 2139 δ’
1403 2069 1528 2140 οὖν
1571 2072 1904 2160 Ἡρακλῆς
1964 2071 2281 2151 ἀποδεξά-

358 2205 556 2266 μενος
617 2183 742 2265 τὴν
806 2182 1080 2248 εὔνοιαν
1141 2192 1276 2246 τῶν
1341 2181 1417 2246 τὸ
1484 2179 1825 2245 Παλάτιον
1890 2179 2281 2263 οἰκούντων,

357 2298 674 2373 προεῖπεν
710 2289 937 2365 αὐτοῖς
973 2288 1074 2353 ὅτι
1110 2289 1273 2372 μετὰ
1313 2288 1439 2371 τὴν
1477 2285 1717 2352 ἑαυτοῦ
1753 2285 2151 2370 μετάστασιν
2187 2287 2285 2362 εἰς

353 2398 566 2472 θεοὺς
629 2406 769 2472 τοῖς
823 2392 1208 2478 εὐξαμένοις
1252 2392 1748 2459 ἐκδεκατεύσειν
1790 2390 2111 2479 Ἡρακλεῖ
2157 2393 2283 2475 τὴν

360 2501 602 2566 οὐσίαν
644 2503 1057 2584 συμβήσεται
1101 2500 1222 2564 τὸν
1257 2502 1412 2582 βίον
1458 2497 2051 2583 εὐδαιμονέστερον
2089 2501 2283 2583 ἔχειν.
2312 2516 2367 2555 2⁰

259 2620 265 2625 ’
359 2607 396 2672 ὃ
442 2605 553 2671 καὶ
590 2607 837 2689 συνέβη
884 2607 1049 2669 κατὰ
1089 2608 1248 2680 τοὺς
1291 2605 1575 2687 ὕστερον
1611 2606 1898 2690 χρόνους
1944 2605 2284 2689 διαμεῖναι

288 2735 322 2782 4
360 2710 550 2797 μέχρι
612 2722 749 2777 τῶν
810 2708 966 2776 καθ’
1024 2709 1196 2794 ἡμᾶς
1257 2713 1549 2794 χρόνων·
1613 2714 1903 2787 πολλοὺς
1966 2712 2092 2796 γὰρ
2146 2720 2285 2776 τῶν

346 2813 689 2902 Ῥωμαίων
737 2817 821 2882 οὐ
865 2818 1078 2902 μόνον
1130 2826 1267 2882 τῶν
1315 2815 1733 2903 συμμέτρους
1778 2817 2010 2894 οὐσίας
2058 2839 2284 2901 κεκτη-

359 2921 580 3010 μένων
596 2971 617 3007 ,
674 2922 842 2988 ἀλλὰ
894 2920 1004 2988 καὶ
1057 2932 1193 2988 τῶν
1247 2922 1805 3006 μεγαλοπλούτων
1858 2923 2044 2999 τινὰς
2096 2921 2285 3001 εὐξα-

359 3030 603 3115 μένους
641 3029 1137 3096 ἐκδεκατεύσειν
1153 3026 1487 3114 τΗρακλεῖ,
1516 3024 1628 3093 καὶ
1664 3028 1827 3112 μετὰ
1852 3036 2059 3093 ταῦτα
2093 3051 2284 3111 γενο-
2313 3045 2365 3086 25

357 3135 603 3220 μένους
647 3137 1076 3221 εὐδαίμονας,
1123 3135 1583 3201 ἐκδεκατεῦσαι
1629 3134 1748 3211 τὰς
1793 3134 2025 3212 οὐσίας
2080 3135 2287 3212 οὔσας

502 3366 535 3413 3
575 3361 865 3430 ρωμῶλλου
895 3361 945 3414 D
1021 3368 1086 3415 11
1127 3356 1553 3431 ὄνομαζίμενον
1582 3359 1804 3415 codices
1861 3377 1998 3417 corr.
2029 3361 2287 3416 Heri-,lein

359 3432 427 3480 13
458 3431 517 3480 et
547 3434 613 3483 16
642 3431 847 3486 κακίου
878 3434 944 3498 A,
981 3430 1183 3493 κάκιος
1219 3430 1394 3485 ceteri
1502 3436 1569 3484 19
1601 3432 1661 3484 et
1687 3436 1756 3484 25
1789 3401 2193 3487 ἐκδεκατεύειν
2232 3431 2286 3485 11

357 3500 428 3546 20
485 3495 636 3562 ἔχειν
689 3499 962 3568 Herssleim
1020 3500 1169 3566 ἕξειν
1225 3502 1347 3555 cod.
1540 3506 1608 3554 22
1648 3497 1757 3570 γὰρ
1796 3499 2081 3625 τῶνέὶγάρ
2127 3501 2282 3571 vulg.

358 3565 428 3609 25
464 3567 774 3634 γενομένης
813 3565 1184 3637 εὐδαιμονίας
1220 3569 1309 3623 CF
1452 3575 1521 3623 26
1561 3567 1732 3633 οὔσας
1770 3587 1878 3627 om.
1973 3615 1985 3626 .
