2569 4061
685 397 1052 455 ARGUMEN
1055 398 1214 454 TUM
1249 398 1384 455 LIB.
1422 398 1518 457 lV.
1922 398 2069 456 XCV

138 516 246 566 cap.

143 584 227 635 71.
268 576 652 646 Aesculapius,
687 575 969 648 Apollinis
1007 576 1182 645 filius,
1228 577 1366 632 artis
1403 578 1655 635 medicae
1691 577 2068 650 peritissimus

313 659 547 729 propter
571 656 829 713 Plutonis
861 655 1119 726 querelas
1150 673 1185 711 a
1211 655 1343 712 Iove
1371 660 1616 713 necatur.
1654 657 1857 729 Apollo
1885 657 2064 713 filium

314 738 468 793 ultus
506 738 831 796 damnatur
886 736 1191 809 Aesculapi
1227 736 1333 792 filii
1372 738 1767 809 expeditioni'
1749 758 1812 794 in
1838 737 2068 794 Troiam

315 818 623 873 intersunt.

142 903 224 953 72.
263 897 435 953 Penei
481 900 541 954 et
584 896 762 967 Asopi
807 914 984 968 genus
1039 913 1166 952 cum
1212 896 1455 967 posteris
1511 913 1690 966 usque
1735 898 1806 952 ad
1851 897 2066 954 bellum

319 976 636 1033 Troianum.

81 1109 86 1113 .
143 1060 226 1112 73.
269 1054 583 1112 Oenomaus
621 1060 681 1112 et
714 1055 1127 1126 Hippodamiae
1173 1056 1324 1113 filiae
1360 1057 1538 1129 proci.
1614 1055 1818 1126 Pelops
1855 1055 2071 1125 Myrtili

316 1135 527 1191 auxilio
585 1135 947 1204 consequitur
992 1136 1286 1193 victoriam
1337 1140 1395 1193 et
1441 1137 1667 1207 puellae
1724 1136 2064 1207 coniugium.

315 1214 705 1283 Peloponneso
742 1214 815 1268 ab
854 1231 921 1270 eo
956 1232 1161 1271 nomen
1197 1218 1425 1273 inditur.

138 1299 221 1350 74.
263 1294 539 1350 Tantalus
576 1293 808 1364 eiusque
843 1295 963 1350 filia
989 1293 1171 1350 Niobe
1201 1297 1587 1366 superbientes
1625 1312 1826 1367 graves
1854 1312 2066 1364 poenas

317 1376 473 1431 dant.
545 1374 849 1430 Tantalum
886 1389 1060 1445 regno
1100 1375 1319 1445 expulit
1351 1376 1467 1431 Ilus
1505 1377 1667 1432 Trois
1704 1377 1870 1431 filius.

138 1460 226 1513 75.
264 1454 428 1511 Trois
477 1454 647 1525 stirps
695 1472 730 1509 a
774 1454 989 1511 Teucro
1045 1456 1288 1527 repetita
1334 1458 1392 1511 et
1437 1473 1612 1526 usque
1663 1456 1734 1510 ad
1780 1456 2066 1513 Priamum

315 1535 575 1591 deducta.
2562 1559 2569 1590 f

140 1621 225 1672 76.
263 1615 569 1672 Daedalus.
633 1613 857 1684 Talum,
897 1614 1105 1669 sororis
1140 1615 1338 1681 filium,
1375 1615 1537 1669 novis
1574 1616 1814 1671 inventis
1851 1617 2066 1671 clarum
2558 1595 2567 1678 ff

313 1692 535 1749 invidia
563 1697 875 1748 commotus
906 1694 1037 1748 dolo
1064 1694 1368 1749 interemit.
1421 1694 1635 1764 Capitis
1664 1696 1960 1750 damnatur
1990 1696 2063 1751 ab

317 1772 696 1843 Areopagitis.
2560 1765 2567 1796 ³

138 1860 226 1912 77.
266 1854 428 1925 Fuga
492 1852 711 1906 delatus
772 1851 833 1906 in
900 1849 1123 1907 Cretam
1180 1852 1466 1907 Daedalus
1533 1854 1843 1909 construxit
1901 1855 2071 1911 bovis
2158 1885 2161 1888 2
2558 1811 2565 1878 ²

317 1930 640 1988 machinam
678 1931 750 1986 ad
788 1931 1124 2002 explendam
1160 1932 1476 2002 Pasiphaae
1513 1930 1823 1988 libidinem.
1891 1933 2071 1990 Mino·
2556 1935 2563 1984 1

315 2015 514 2070 taurus
551 2012 682 2068 inde
721 2012 891 2069 ortus.
949 2011 1346 2082 Labyrinthus.
1406 2012 1489 2070 Ob
1519 2012 1725 2069 Minois
1753 2012 1898 2070 iram
1927 2015 2070 2070 Dae-

316 2095 480 2149 dalus
518 2110 644 2149 cum
671 2093 829 2149 Icaro
857 2092 918 2147 in
946 2091 1195 2149 Siciliam
1223 2094 1387 2165 fugit.
1453 2095 1601 2150 Icari
1627 2111 1793 2150 mors.
1849 2096 2071 2152 Fabula

316 2175 387 2230 de
427 2173 533 2228 alis
572 2191 603 2229 e
642 2189 770 2229 cera
807 2172 990 2229 factis.

139 2259 223 2311 78.
262 2253 509 2312 Daedali
533 2268 719 2324 'opera
753 2253 815 2306 in
851 2253 1045 2308 Sicilia
1080 2253 1300 2311 effecta.

142 2340 227 2391 79.
263 2334 487 2391 Bellum
524 2334 597 2389 ob
633 2335 924 2402 receptum
951 2331 1269 2387 Daedalum
1299 2350 1334 2388 a
1361 2333 1550 2388 Minoe
1581 2333 1786 2388 Siculis
1824 2334 2066 2390 illatum.

315 2413 522 2468 Minois
558 2427 709 2466 mors
749 2414 805 2466 et
842 2411 1179 2482 sepulcrum.
1239 2410 1533 2468 Cretenses
1561 2413 1620 2467 in
1651 2412 1847 2468 Sicilia
1881 2412 2068 2468 relicti

314 2488 511 2548 urbem
584 2491 833 2546 Minoam
914 2493 973 2546 et
1034 2492 1298 2563 Engyum
1365 2492 1613 2549 condunt
1675 2493 2070 2564 templumque

320 2573 531 2628 deabus
567 2571 841 2627 matribus
881 2573 1189 2628 exstruunt.

137 2657 227 2709 80.
264 2652 511 2708 Dearum
546 2654 791 2708 matrum
825 2652 885 2707 in
915 2651 1110 2707 Sicilia
1149 2653 1351 2709 cultus.
1415 2651 1711 2723 Templum
1749 2654 2065 2725 sumptibus

316 2731 575 2788 maximis
614 2733 1011 2787 constructum.

137 2819 223 2870 81.
262 2812 579 2881 Aristaeus,
629 2811 896 2882 Apolline
942 2814 1001 2866 et
1039 2811 1253 2880 Cyrene
1291 2813 1474 2883 ortus,
1520 2813 1783 2883 nymphis
1820 2814 2065 2870 traditur

316 2890 669 2960 nutriendus,
706 2907 741 2946 a
770 2893 973 2960 quibus
1000 2892 1187 2963 lactis,
1224 2908 1413 2962 apum,
1454 2891 1747 2962 olivarum,
1786 2894 2066 2949 culturam

317 2971 541 3040 accipit.
598 2970 821 3026 Thebas
856 2971 1141 3041 profectus
1179 2989 1247 3027 ex
1272 2971 1532 3028 Autonoe
1560 2971 1760 3026 Cadmi
1794 2973 1915 3027 filia
1939 2974 2067 3044 pro'-

317 3056 475 3110 creat
507 3054 851 3108 Actaeonem
887 3053 1213 3109 venatorem
1252 3069 1287 3107 a
1322 3052 1555 3107 canibus
1595 3053 1979 3111 dilaceratum.
2554 3106 2561 3129 f

138 3139 224 3190 82.
264 3134 557 3188 Aristaeus
592 3131 653 3187 in
693 3131 861 3188 Ceam
897 3131 1142 3188 insulam
1184 3134 1380 3188 vectus
1410 3131 1702 3188 Graeciam
1737 3135 2066 3203 pestilentia
2554 3132 2563 3185 ἰ

318 3213 541 3268 liberat.
615 3211 837 3267 Relicta
889 3212 972 3267 ibi
1027 3211 1223 3268 subole
1277 3213 1401 3282 ipse
1449 3211 1763 3268 Sardiniam
1813 3214 2066 3269 Siciliam
2556 3216 2565 3235 ³

319 3293 576 3361 aliasque
602 3291 814 3347 insulas
840 3292 966 3349 adit
1002 3309 1070 3348 ac
1104 3290 1394 3348 beneficiis
1422 3293 1538 3348 suis
1567 3293 1832 3348 cultiores
1859 3292 2062 3346 reddit.
2554 3242 2567 3333 l

317 3372 573 3442 Denique
608 3373 671 3426 in
706 3373 949 3429 Thracia
995 3372 1344 3440 aliquamdiu
1394 3372 1647 3426 moratus
1686 3370 1972 3426 evanescit
2008 3367 2069 3420 et

322 3452 543 3508 divinos
580 3454 822 3508 honores
860 3450 1233 3533 consequitur.

135 3539 225 3591 8.3
264 3534 443 3602 Eryx,
488 3532 721 3589 Veneris
768 3535 827 3588 et
870 3533 1049 3588 Butae
1095 3532 1269 3599 filius,
1323 3529 1575 3586 Siciliae
1593 3527 1822 3595 regulus
1872 3522 2067 3578 condit

318 3612 520 3668 urbem
567 3612 653 3667 sui
700 3612 945 3668 nominis
985 3613 1045 3667 et
1078 3611 1140 3666 in
1178 3610 1298 3664 eius
1341 3622 1472 3663 arce
1517 3603 1795 3671 templum
1829 3597 2066 3656 Veneris

320 3691 621 3761 Erycinae3
669 3693 820 3762 quod
855 3693 987 3761 post
1021 3690 1261 3757 Erycem
1299 3687 1543 3750 Aeneas,
1592 3680 1791 3745 Siculi,
1830 3677 2065 3730 Cartha·-
