2569 4061
1078 350 1159 406 111
1194 356 1280 407 28.
1313 359 1397 408 29.
2050 352 2182 419 305

261 514 685 599 ἐκριπτοῦσιν
729 512 801 578 ἐκ
836 521 953 596 τῆς
998 512 1248 599 ἐρήμου
1282 519 1544 598 πλῆθος
1591 515 1884 602 ἀκρίδων
1920 514 2183 600 ἀμύθη-

259 642 410 702 τον,
460 628 600 696 τοῖς
640 641 713 685 τε
758 616 1072 704 μεγέθεσι
1130 622 1525 687 διαλλάττον
1569 619 1680 686 καὶ
1724 632 1802 707 τῇ
1848 625 2017 710 χρόᾳ
2059 630 2182 687 τοῦ

259 726 680 809 πτερώματος
732 722 1030 811 εἰδεχθὲς
1083 723 1195 792 καὶ
1250 727 1570 814 ῥυπαρόν.
1662 726 1735 792 ἐκ
1777 729 2020 795 τούτου
2068 730 2182 793 δα-
2220 749 2251 798 2

260 837 476 910 φιλεῖς
509 832 764 918 τροφὰς
800 835 1071 917 ἔχουσιν
1106 834 1367 899 ἅπαντα
1410 834 1531 898 τὸν
1566 832 1741 916 βίον,
1791 834 2184 920 ἰδιοτρόπως

206 955 232 996 5
261 938 482 1005 αὐτῶν
517 941 910 1024 ποιούμενοι
946 941 1072 1022 τὴν
1107 943 1349 1025 θήραν.
1416 940 1595 1025 παρὰ
1628 941 1760 1025 γὰρ
1798 939 1924 1022 τὴν
1958 941 2184 1026 χώραν

259 1046 481 1111 αὐτῶν
509 1044 617 1113 ἐπὶ
653 1049 946 1123 πολλοὺς
975 1047 1291 1123 σταδίους
1326 1048 1605 1131 παρήκει
1631 1046 1933 1132 χαράδρα
1967 1047 2185 1130 βάθος

258 1154 501 1236 ἔχουσα
563 1151 677 1219 καὶ
739 1154 985 1229 πλάτος
1050 1151 1428 1234 ἀξιόλογον·
1501 1153 1748 1236 ταύτην
1812 1157 2183 1238 πληροῦσιν

257 1257 492 1343 ἀγρίας
564 1259 759 1343 ὕλης,
833 1259 1041 1342 οὔσης
1112 1257 1429 1343 ἀφθόνου
1500 1260 1665 1324 κατὰ
1735 1259 1860 1342 τὴν
1930 1259 2182 1345 χώραν·

258 1363 472 1430 ἔπειθ’
532 1365 692 1431 ὅταν
754 1377 890 1431 τῶν
953 1363 1453 1451 προειρημένων
1518 1364 1780 1449 ἀνέμων
1842 1368 2184 1431 πνεόντων

178 1488 232 1528 10
258 1470 718 1557 προσφέρηται
761 1473 842 1536 τὰ
887 1469 1060 1555 νέφη
1105 1480 1241 1535 τῶν
1282 1471 1597 1557 ἀκρίδων,
1642 1472 2185 1556 καταδιελόμενοι

259 1578 473 1649 πάντα
540 1579 659 1642 τὸν
720 1585 837 1661 τῆς
898 1578 1237 1663 χαράδρας
1299 1579 1505 1642 τόπον
1568 1587 1857 1664 πυροῦσι
1918 1580 2037 1643 τὸν
2110 1577 2184 1644 έν
2280 1586 2286 1591 ’

131 1750 138 1757 f
261 1681 429 1766 αὐτῇ
484 1684 742 1769 χόρτον.
834 1681 1260 1770 ἐγειρομένου
1317 1679 1391 1748 δὲ
1442 1691 1702 1748 καπνοῦ
1764 1688 2018 1749 πολλοῦ
2071 1682 2185 1748 καὶ
2222 1706 2255 1754 3

263 1786 562 1873 δριμέος,
610 1789 685 1854 αἱ
732 1785 856 1874 μὲν
913 1788 1179 1876 ἀκρίδες
1231 1789 1755 1875 ὑπερπετόμεναι
1807 1789 1931 1872 τὴν
1984 1790 2185 1874 χαρά-

262 1894 454 1980 δραν,
491 1894 604 1959 καὶ
633 1896 745 1960 διὰ
779 1897 903 1980 τὴν
929 1904 1052 1961 τοῦ
1077 1905 1338 1963 καπνοῦ
1377 1895 1742 1983 δριμύτητα
1768 1897 2185 1979 πνιγόμεναι,

181 2011 234 2062 1'5
260 2003 786 2069 καταπίπτουσιν
841 2001 950 2069 ἐπὶ
993 2004 1118 2087 τὴν
1171 2012 1300 2089 γῆν
1354 2003 1586 2088 ὀλίγον
1642 2003 2188 2069 διαπετασθεῖσαι

260 2111 490 2194 τόπον,
526 2118 644 2193 τῆς
682 2107 756 2176 δὲ
791 2111 1052 2177 τούτων
1088 2110 1416 2187 ἀπωλείας
1452 2109 1561 2175 ἐπὶ
1595 2112 1906 2187 πλείονας
1940 2107 2186 2196 ἡμέρας

259 2217 614 2301 γινομένης
641 2219 918 2302 μεγάλοι
942 2219 1399 2283 διανίστανται
1426 2219 1663 2302 σωροί·
1689 2214 1803 2282 καὶ
1827 2225 1944 2299 τῆς
1969 2217 2187 2301 χώρας

262 2321 541 2408 ἐχούσης
578 2323 912 2410 ἁλμυρίδα
946 2326 1227 2407 πολλήν,
1265 2324 1508 2401 πάντες
1534 2322 1996 2410 προσφέρουσι
2030 2323 2186 2388 ταύ-

260 2451 385 2511 την
439 2428 717 2516 ἀθρόοις
770 2441 910 2508 τοῖς
966 2440 1238 2517 σωροῖς,
1293 2428 1405 2496 καὶ
1464 2428 1884 2515 διατήξαντες
1930 2431 2187 2506 οἰκείως

183 2553 238 2593 20
263 2542 532 2600 ποιοῦσι
592 2539 715 2620 τήν
775 2559 847 2602 τε
911 2545 1145 2620 γεῦσιν
1211 2539 1609 2622 πρόσφορον
1670 2534 1783 2601 καὶ
1843 2536 1963 2601 τὸν
2026 2535 2185 2601 ἀπο-

263 2644 732 2727 θησαυρισμὸν
772 2644 1098 2727 [ἄσηπτον
1123 2642 1261 2726 καὶ]
1301 2645 1766 2728 πολυχρόνιον.
1829 2640 1872 2724 ἡ
1900 2638 2023 2727 μὲν
2060 2636 2187 2707 οὖν
2222 2664 2257 2711 4

263 2749 593 2834 διατροφὴ
630 2750 893 2826 τούτοις
919 2757 1317 2836 παραχρῆμα
1344 2746 1456 2814 καὶ
1481 2750 1601 2814 τὸν
1628 2747 1911 2834 ὕστερον
1938 2751 2187 2835 χρόνον

262 2854 390 2919 ἀπὸ
427 2856 688 2921 τούτων
724 2867 859 2921 τῶν
907 2852 1092 2944 ζῴων
1128 2856 1440 2940 ὑπάρχειτ
1482 2856 1634 2922 οὔτε
1670 2856 1796 2941 γὰρ
1833 2877 2187 2941 κτηνοτρο-

262 2968 514 3045 φοῦσιν
570 2961 724 3028 οὔτε
777 2956 1113 3047 θαλάττης
1168 2961 1366 3045 ἐγγὺς
1421 2964 1723 3027 οἰκοῦσιν
1780 2961 1934 3026 οὔτε
1984 2962 2188 3043 ἄλλης

180 3076 234 3126 2‘5
261 3067 648 3153 ἐπικουρίας
702 3068 1022 3154 οὐδεμιᾶς
1065 3070 1499 3154 τυγχάνουσι·
1562 3078 1703 3146 τοῖς
1757 3064 1832 3133 δὲ
1887 3068 2188 3150 σώμασιν

261 3176 451 3251 ὄντες
513 3183 762 3259 κοῦφοι
823 3173 936 3240 καὶ
997 3183 1137 3251 τοῖς
1199 3173 1401 3240 ποσὶν
1466 3172 1770 3252 ὀξύτατοι
1833 3170 2188 3257 βραχύβιοι

260 3286 598 3359 παντελῶς
644 3283 845 3364 εἰσιν,
893 3281 983 3357 ὡς
1026 3279 1111 3345 ἂν
1162 3291 1300 3345 τῶν
1344 3278 1981 3366 πολυχρονιωτάτων
2024 3268 2179 3359 παρ’

262 3385 491 3463 αὐτοῖς
536 3386 660 3472 οὐχ
695 3386 1251 3473 ὑπερβαλλόντων
1288 3388 1398 3470 ἔτη
1436 3384 1928 3471 τετταράκοντα.
1994 3382 2071 3446 τὸ
2113 3376 2188 3445 δὲ
2225 3400 2256 3447 5

442 3549 507 3597 11
549 3543 817 3617 πυροῦσι]
854 3537 922 3600 τύ
973 3560 1097 3599 ουσι
1137 3543 1186 3599 0
1359 3547 1428 3598 20
1466 3542 1566 3597 καὶ
1601 3536 1725 3611 τόν]
1763 3536 1865 3593 τὸν
1915 3534 1980 3592 δὲ
2029 3537 2185 3606 vulg.

258 3619 327 3668 21
384 3608 609 3684 ἅσηπον
650 3613 749 3670 καὶ
790 3632 899 3672 om.
992 3659 1003 3671 .

371 3712 626 3756 onnonus
653 3714 690 3756 Ι.
1799 3703 1868 3750 20
