2569 4061
1103 365 1156 418 11
1192 371 1277 419 28.
1318 371 1403 421 29.
2074 366 2204 430 217

283 525 584 615 διῴκισε,
642 530 760 606 τάς
816 530 990 605 ἰδίας
1040 530 1302 612 κτήσεις
1356 525 1651 604 ἑκάστοις
1705 529 2030 612 ἀποδούς,
2085 528 2209 611 τὴν

283 631 359 700 δὲ
422 637 621 700 πόλιν
685 637 780 711 εἰς
844 636 1093 719 ἔδαφος
1156 632 1583 712 κατέσκαψεν.
1676 637 1896 699 ἔπειτα
1952 638 2073 701 τόν
2135 659 2206 700 τε

281 742 582 827 ἄργυρον
617 739 726 806 καὶ
763 742 1020 827 χρυσὸν
1054 743 1174 808 τὸν
1201 740 1275 806 ἐκ
1309 750 1426 824 τῆς
1460 748 1676 825 πυρᾶς
1710 739 2207 824 ὑπολειφθέντα

279 852 550 913 πολλῶν
607 849 770 912 ὄντα
821 848 1166 913 ταλάντων
1212 848 1569 931 ἀπεκόμισε
1626 855 1744 929 τῆς
1787 848 2060 930 Μηδίας
2114 851 2208 924 είς

224 969 254 1011 ⁵
273 948 654 1038 Ἐκβάτανα.
726 954 768 1038 ἡ
807 950 930 1038 μὲν
968 949 1094 1020 οὗν
1128 954 1453 1037 ἡγεμονία
1497 964 1634 1017 τῶν
1673 946 2042 1037 Ἀσσυρίων
2078 952 2206 1018 ἀπὸ
2244 975 2276 1023 8

280 1063 505 1126 Νίνου
570 1062 962 1145 διαμείνασα
1025 1061 1382 1146 τριάκοντα
1445 1056 1567 1144 μὲν
1630 1059 1893 1143 γενεάς,
1958 1060 2067 1142 ἔτη
2134 1055 2208 1123 δὲ

278 1170 484 1232 πλείω
522 1178 658 1231 τῶν
693 1169 927 1251 χιλίων
963 1165 1073 1232 καὶ
1109 1169 1533 1252 τριακοσίων,
1585 1166 1716 1245 ὑπὸ
1755 1166 2020 1249 Μήδων
2056 1187 2209 1230 κατ-

280 1273 494 1356 ελύθη
540 1275 660 1339 τὸν
703 1271 1191 1359 προειρημένον
1235 1274 1503 1357 τρόπον.

276 1437 279 1440 .
450 1377 652 1464 (Ημῖν
698 1377 759 1443 δ’
806 1379 930 1444 οὐκ
976 1378 1398 1464 ἀνάρμοστον
1434 1374 1605 1444 εἶναι
1645 1380 1834 1444 δοκεῖ
1873 1377 2024 1464 περὶ
2068 1389 2205 1444 τῶν
2225 1378 2309 1443 29

197 1501 252 1541 10
279 1484 354 1550 ἐν
409 1488 765 1568 Βαβυλῶνι
831 1485 1188 1549 Χαλδαίων
1250 1481 1363 1548 καὶ
1423 1494 1539 1567 τῆς
1602 1484 2031 1569 ἀρχαιότητος
2089 1485 2206 1550 αὐ-

276 1601 415 1656 τῶν
502 1588 752 1675 βραχέα
834 1592 1164 1671 διελθεῖν,
1246 1589 1361 1653 ἵνα
1440 1585 1651 1673 μηδὲν
1732 1591 2209 1675 παραλίπωμεν

278 1707 417 1761 τῶν
463 1695 666 1774 ἀξίων
712 1698 989 1780 μνήμης.
1082 1696 1409 1760 Χαλδαῖοι
1462 1698 1699 1760 τοίνυν
1751 1706 1887 1760 τῶν
1941 1696 2207 1782 ἀρχαιο-
2242 1717 2274 1764 2

278 1800 496 1865 τάτων
569 1802 754 1878 ὄντες
825 1804 1281 1885 Βαβυλωνίων
1329 1810 1428 1886 τῇ
1504 1798 1627 1886 μὲν
1702 1799 2022 1886 διαιρέσει
2094 1811 2210 1885 τῆς

276 1908 613 1984 πολιτείας
657 1911 1125 1994 παραπλησίαν
1181 1911 1409 1992 ἔχουσι
1463 1907 1651 1987 τάξιν
1695 1917 1837 1984 τοῖς
1888 1903 2032 1972 κατ’
2083 1912 2207 1971 Ac-

196 2049 250 2089 15
278 2036 533 2097 γυπτον
590 2015 864 2102 ἱερεῦσι·
924 2016 1092 2099 πρὸς
1145 2016 1272 2102 γάρ
1329 2023 1409 2100 τῇ
1464 2016 1792 2102 θεραπεία
1844 2024 1981 2080 τῶν
2023 2019 2208 2079 θεῶν

277 2119 666 2206 τεταγμένοι
702 2121 917 2187 πάντα
962 2123 1081 2186 τὸν
1116 2130 1239 2186 τοῦ
1289 2124 1404 2205 ζῆν
1441 2124 1691 2205 χρόνον
1728 2127 2206 2208 φιλοσοφοῦσι,

278 2231 594 2312 μεγίστην
658 2228 864 2307 δόξαν
927 2231 1189 2312 ἔχοντες
1254 2226 1330 2292 ἐν
1390 2226 1513 2292 ἀστ
1738 2230 1773 2313 Ἰ
1855 2225 2208 2310 ,ἀντέχον-

277 2355 388 2398 ται
456 2331 518 2398 δ’
573 2332 679 2399 ἐπὶ
734 2336 908 2399 πολὺ
970 2331 1082 2398 καὶ
1145 2342 1463 2417 μαντικῆς
1556 2332 1947 2417 ποιούμενοι
2004 2353 2208 2419 προρ-

282 2441 504 2524 ρήσεις
557 2437 710 2526 περὶ
763 2452 899 2506 τῶν
952 2443 1363 2525 μελλόντων,
1423 2304 1534 2617 κέὶ
1587 2450 1724 2504 τῶν
1777 2435 1900 2523 μὲν
1953 2445 2209 2525 καθαρ-

197 2578 257 2618 20
285 2556 453 2628 μοῖς,
497 2557 632 2612 τῶν
679 2543 753 2611 δὲ
797 2549 1094 2629 θυσίαις,
1140 2558 1276 2611 τῶν
1317 2543 1377 2611 δ’
1424 2547 1466 2610 ἀ
1548 2571 1654 2623 αις
1697 2544 1875 2610 τισὶν
1920 2544 2207 2635 ἐπῳδαῖς

282 2649 658 2738 ἀποτροπὰς
702 2664 927 2718 κακῶν
965 2655 1071 2718 καὶ
1116 2653 1487 2730 τελειώσεις
1532 2640 1811 2736 ἀγαθῶν
1847 2664 2205 2739 πειρῶνται

279 2761 589 2843 πορίζειν.
681 2759 1027 2845 ἐμπειρίαν
1092 2754 1154 2824 δ’
1221 2761 1450 2843 ἔχουσι
1512 2756 1625 2824 καὶ
1696 2767 1813 2842 τῆς
1886 2759 1998 2823 διὰ
2068 2770 2204 2823 τῶν
2241 2778 2273 2826 3

280 2865 544 2929 οἰωνῶν
589 2875 935 2950 μαντικῆς,
984 2864 1322 2930 ἐνυπνίων
1365 2888 1436 2929 τε
1481 2862 1593 2929 καὶ
1636 2865 1930 2950 τεράτων
1976 2863 2204 2948 ἐξηγή-

279 2985 419 3046 σεις
463 2969 969 3053 ἀποφαίνονται.
1063 2970 1187 3037 οὐκ
1241 2970 1513 3056 ἀσόφως
1567 2966 1641 3035 δὲ
1696 2980 2049 3036 ποιοῦνται
2094 2968 2206 3035 καὶ

197 3108 253 3149 25
280 3077 362 3141 τά
406 3074 558 3161 περὶ
602 3077 726 3160 τὴν
774 3077 1200 3162 ἱεροσκοπίαν
1245 3078 1463 3162 άκρως
1512 3076 1973 3161 ἐπιτυγχάνειν
2018 3077 2206 3158 νομί-

282 3186 516 3260 ζοντες.
590 3183 713 3266 τὴν
742 3180 816 3249 δὲ
852 3184 1109 3249 τούτων
1145 3182 1446 3268 μάθησιν
1475 3182 1784 3248 ἁπάντων
1813 3182 1936 3264 οὐχ
1967 3180 2205 3263 ὁμοίαν

424 3417 455 3466 7
493 3410 856 3482 τριακοσίων]
894 3412 1270 3482 τετρακοσίων
1309 3410 1419 3465 OF
1534 3415 1600 3462 10
1638 3404 1961 3474 Χαλδαίων]
2001 3408 2208 3488 καλου»-

279 3479 467 3551 μένων
504 3483 810 3537 Χαλδαίων
851 3481 959 3537 OF
1082 3489 1147 3537 11
1185 3482 1620 3550 παραλείπωμεν
1656 3478 1789 3532 libri
1909 3481 1973 3528 13
2012 3493 2115 3555 {nv
2151 3474 2206 3527 11

280 3553 559 3621 διαίρεσιν
596 3553 658 3622 F,
703 3555 922 3622 αἵρεσιν
960 3552 1008 3607 0
1078 3559 1146 3606 14
1183 3551 1345 3617 τάξιν
1375 3567 1482 3606 om.
1521 3549 1573 3601 II
1651 3554 1715 3602 16
1755 3549 2118 3614 φιλολογουσι
2152 3546 2202 3600 D

283 3629 347 3678 17
379 3618 772 3696 άστρολογίαις
798 3625 848 3679 D
913 3630 982 3678 25
1013 3619 1224 3693 ἄκρως]
1254 3617 1503 3693 ἀκριβῶς
1537 3617 1643 3674 OF
1700 3618 2025 3685 νομίζονται
2051 3614 2206 3685 vulg.
