2569 4061
278 239 288 248 .
377 178 465 244 24
1063 176 1371 234 DIODORI
1408 176 1642 236 SICULI

375 345 503 428 γὰρ
549 339 660 406 καὶ
695 349 824 405 νῦν
868 341 1032 405 κατὰ
1076 341 1196 406 τὸν
1230 342 1561 426 θερισμὸν
1604 342 1761 416 τοὺς
1797 339 2101 425 πρώτους
2138 339 2302 424 ἀμη-

376 448 621 523 θέντας
677 445 920 532 στάχυς
972 445 1217 525 θέντας
1267 450 1427 523 τοὺς
1480 446 1885 532 ἀνθρώπους
1938 449 2303 512 κόπτεσθαι

376 554 662 636 πλησίω)
701 562 825 619 τοῦ
873 553 1248 640 δράγματος
1281 551 1392 626 καὶ
1438 554 1560 636 τὴν
1597 544 1760 618 Ἶσιν
1797 552 2300 635 ἀνακαλεῖσθαι,

377 658 490 725 καὶ
533 669 730 727 τοῦτο
775 661 1088 746 πράττειν
1132 660 1331 744 τιμὴν
1368 651 1820 742 ἀπὸνέμοντας
1862 667 1942 744 τῇ
1987 665 2129 748 θεῷ
2166 669 2303 725 τῶν

380 765 765 853 εὑρημένων
800 768 964 833 κατὰ
1008 768 1125 831 τὸν
1170 764 1237 844 ἐξ
1284 764 1488 850 ἀρχῆς
1530 773 1647 847 τῆς
1691 764 2012 851 εὑρέσεως
2046 769 2298 851 καιρόν.
2328 782 2355 823 5

310 895 340 943 3
380 869 533 960 παρ’
588 871 797 950 ἐνίαις
842 868 917 937 δὲ
965 882 1101 936 τῶν
1145 873 1407 936 πόλεων
1451 869 1561 936 καὶ
1614 881 1756 948 τοῖς
1791 869 2048 947 Ἰσείοις
2072 901 2077 908 ⁴
2103 872 2177 936 ἐν
2220 881 2300 956 τῇ

380 989 605 1066 πομπῇ
670 980 831 1064 μετὰ
891 987 1028 1042 τῶν
1089 978 1314 1043 ἄλλων
1384 976 1714 1064 φέρεσθαι
1776 975 1887 1043 καὶ
1952 976 2303 1062 πυθμένας

380 1096 614 1172 πυρῶν
665 1081 774 1149 καὶ
828 1088 1121 1168 κριθῶν,
1177 1083 1740 1170 ἀπομνημόνευμα
1794 1093 1930 1150 τῶν
1976 1083 2042 1165 ἐξ
2099 1084 2302 1169 ἀρχῆς

378 1200 460 1276 τῇ
522 1196 664 1278 θεῷ
727 1189 1133 1275 φιλοτέχνως
1194 1188 1629 1274 εὑρεθέντων.
1718 1196 1944 1257 θεῖναι
2005 1188 2086 1257 δέ
2138 1206 2306 1275 φασι

382 1295 491 1362 καὶ
543 1299 794 1381 νόμους
851 1296 974 1380 τὴν
1019 1288 1214 1379 Ἶσιν,
1268 1293 1427 1362 καθ’
1491 1296 1610 1374 οὓς
1665 1297 1976 1381 ἀλλήλοις
2040 1299 2304 1363 διδόναι
2333 1314 2389 1354 1⁰

381 1407 539 1480 τοὺς
585 1402 990 1489 ἀνθρώπους
1042 1405 1116 1469 τὸ
1165 1404 1428 1482 δίκαιον
1472 1401 1585 1469 καὶ
1637 1412 1752 1488 τῆς
1798 1402 2103 1488 ἀθέσμου
2155 1404 2326 1486 βίας.

383 1507 494 1575 καὶ
546 1509 804 1595 ὕβρεως
855 1511 1247 1576 παύσασθαι
1304 1511 1417 1575 διὰ
1468 1512 1588 1576 τὸν
1643 1510 1771 1577 ἀπὸ
1825 1520 1940 1595 τῆς
1992 1513 2312 1595 τιμωρίας

313 1637 347 1685 4
386 1619 628 1702 φόβον·
679 1618 785 1683 διὸ
831 1615 942 1683 καὶ
988 1620 1145 1696 τοὺς
1188 1620 1513 1695 παλαιοὺς
1542 1616 1867 1704 Ἕλληνας
1910 1619 2036 1701 τὴν
2078 1621 2310 1702 Δήμη-

384 1748 549 1810 τραν
584 1726 1023 1809 θεσμοφόρον
1059 1723 1427 1808 ὀνομάζειν,
1474 1724 1564 1801 ὡς
1599 1735 1735 1789 τῶν
1777 1726 2006 1809 νόμων
2041 1733 2308 1809 πρῶτον

386 1830 516 1895 ὑπὸ
562 1831 803 1913 ταύτης
847 1828 1269 1914 τεθειμένων.
2338 1846 2395 1887 15

285 1937 368 2002 15
568 1937 808 2001 Κτίσαι
844 1932 925 1999 δέ
965 1952 1133 2019 φασι
1168 1938 1326 2013 τοὺς
1361 1932 1512 2023 περὶ
1549 1936 1668 2001 τὸν
1694 1933 1957 2021 Ὄσιριν
2003 1937 2200 2000 πόλιν
2237 1934 2310 2001 ἐν

387 2053 467 2129 τῇ
507 2045 794 2128 Θηβαΐδι
830 2052 909 2129 τῇ
946 2040 1086 2109 κατ’
1124 2048 1474 2128 Αἴγυπτον
1511 2042 1989 2129 ἑκατόμπυλον,
2027 2042 2113 2127 ἣν
2150 2042 2310 2109 ἐκεί-

388 2176 551 2230 νους
604 2148 726 2236 μὲν
787 2150 1141 2235 ἐπώνυμον
1195 2158 1468 2234 ποιῆσαι
1527 2159 1645 2235 τῆς
1698 2152 1972 2237 μητρός,
2026 2153 2183 2227 τοὺς
2238 2145 2314 2215 δὲ

390 2256 980 2342 μεταγενεστέρους
1034 2257 1247 2339 αὐτὴν
1297 2257 1647 2341 ὀνομάζειν
1694 2258 1863 2333 Διὸς
1907 2259 2135 2340 πόλιν,
2182 2254 2314 2321 ένί-

319 2385 351 2434 2
390 2385 509 2437 ους
556 2357 630 2425 δὲ
676 2364 916 2444 Θήβας.
1010 2360 1520 2444 ἀμφισβητεῖται
1577 2358 1638 2425 δ’
1692 2360 1735 2442 ἡ
1780 2364 1990 2437 κτίσις
2033 2370 2151 2446 τῆς
2194 2363 2311 2426 πό-
2340 2379 2394 2420 20

390 2471 555 2542 λεως
618 2467 861 2549 ταύτης
923 2464 1010 2530 οὐ
1070 2467 1282 2548 μόνον
1345 2466 1524 2549 παρὰ
1585 2474 1726 2542 τοῖς
1785 2474 2312 2549 συγγραφεῦσιν,
2427 2487 2437 2496 ·

393 2571 560 2637 ἀλλὰ
602 2569 714 2636 καὶ
766 2567 922 2657 παρ’
977 2569 1203 2647 αὐτοῖς
1247 2580 1388 2648 τοῖς
1441 2568 1582 2636 κατ’
1635 2577 1982 2654 Αἴγυπτον
2040 2572 2314 2656 ἱερεῦσι·

392 2675 629 2744 πολλοὶ
674 2678 801 2763 γὰρ
851 2678 1233 2762 ἱστοροῦσιν
1280 2677 1403 2763 οὐχ
1448 2676 1579 2742 ὑπὸ
1624 2686 1759 2744 τῶν
1804 2674 1954 2763 περὶ
2000 2678 2118 2743 τὸν
2136 2675 2316 2742 Ὄσι-

394 2808 504 2872 ριν
558 2789 914 2868 κτισθῆναι
976 2785 1092 2861 τὰς
1148 2786 1402 2869 Θήβας,
1468 2783 1635 2850 ἀλλὰ
1697 2788 1969 2861 πολλοῖς
2032 2783 2316 2867 ὕστερον

394 2894 609 2958 ἔτεσιν
655 2891 785 2957 ὑπό
831 2915 1014 2969 τινος
1059 2888 1410 2976 βασιλέως,
1457 2888 1607 2975 περὶ
1655 2884 1738 2955 οὗ
1783 2891 1863 2956 τὰ
1908 2891 2072 2956 κατὰ
2118 2888 2317 2975 μέρος
2344 2909 2398 2950 25

326 3023 358 3070 3
396 2998 469 3065 ἐν
513 3007 653 3075 τοῖς
699 2999 968 3074 οἰκείοις
1011 2999 1282 3082 χρόνοις
1326 2995 1816 3082 ἀναγράψομεν.
1909 2995 2319 3081 ἱδρύσασθαι

397 3103 472 3172 δὲ
515 3102 626 3172 καὶ
684 3104 866 3190 ἱερὸν
911 3113 1047 3170 τῶν
1100 3100 1358 3188 γονέων
1404 3106 1573 3181 Διός
1626 3126 1696 3169 τε
1741 3101 1853 3168 καὶ
1887 3101 2100 3189 “Ηρας
2144 3103 2320 3184 ἀξιό-

540 3304 575 3351 4
611 3294 1003 3367 ἀπονέμοντας
1038 3317 1090 3351 τι
1070 3293 1206 3367 ιμὴν
1227 3296 1354 3352 OF
1476 3304 1507 3354 6
1550 3296 1613 3352 ἐν
1651 3314 1759 3354 om.
1799 3298 1847 3351 D
1993 3304 2027 3353 8
2064 3293 2319 3368 ἀπομνη-

399 3385 504 3431 μον
509 3367 726 3452 εὖματα
764 3369 851 3425 CF
997 3374 1064 3422 21
1121 3362 1279 3436 παρὰ
1317 3385 1427 3423 om.
1465 3370 1515 3424 D
1662 3375 1731 3424 22
1767 3364 1905 3438 παρ’
1939 3388 2104 3424 αυτοι
2083 3375 2136 3432 ις
2179 3388 2266 3423 τοι
2251 3370 2319 3440 ς]

399 3433 554 3500 παρὰ
593 3443 710 3499 τοῖς
747 3440 805 3509 C,
844 3457 953 3496 om.
991 3440 1053 3494 F.
