2569 4061
1023 299 1101 353 IV
1141 306 1222 355 73.
1257 306 1339 355 74.
2032 301 2163 366 515

71 485 209 534 318
234 465 418 539 τοὺς
445 465 795 540 πλείστους
821 473 956 527 τῶν
992 463 1157 527 κατὰ
1193 463 1317 545 τὴν
1348 465 1870 548 Πελοπόννησον
1900 464 2163 530 οἰκούν-

209 592 372 634 των
410 571 893 656 προσηγάγετο,
938 567 1050 635 καὶ
1085 571 1209 653 τὴν
1244 569 1472 654 χώραν
1519 567 1636 653 ἀφ’
1675 568 1914 636 ἑαυτοῦ
1952 576 2188 637 Πελο-·

210 679 581 760 πόννησον
626 679 1184 763 προσηγόρευσεν.

409 780 590 848 Ἐπεὶ
637 780 712 848 δὲ
757 782 1065 859 Πέλοπος
1111 781 1565 866 ἐμνήσθημεν,
1611 781 1976 865 ἀναγκαῖόν
2025 784 2161 850 ἐστι
2186 785 2272 849 74

152 907 182 947 5
214 885 344 953 καὶ
382 888 535 973 περὶ
580 897 702 954 τοῦ
738 889 985 975 πατρὸς
1031 887 1239 953 αὐτοῦ
1287 890 1632 954 Ταντάλου
1681 890 2002 971 διελθεῖν,
2050 891 2163 955 ἵνα

216 992 446 1080 μηδὲν
509 1006 644 1061 τῶν
708 995 910 1078 ἀκοῆς
965 992 1168 1072 ἀξίων
1230 996 1725 1081 παραλίπωμεν.
1828 994 2163 1073 Τάνταλος

218 1105 406 1180 Διὸς
461 1099 584 1186 μὲν
627 1096 714 1183 ἦν
758 1101 936 1183 υἱός,
990 1101 1256 1189 πλούτῳ
1315 1098 1389 1166 δὲ
1434 1099 1545 1166 καὶ
1600 1099 1762 1186 δόξῃ
1820 1100 2162 1186 διαφέρων

218 1208 511 1295 κατῴκει
581 1217 697 1292 τῆς
753 1203 972 1284 Ἀσίας
1039 1205 1193 1289 περὶ
1263 1208 1387 1291 τὴν
1461 1216 1589 1273 νῦν
1664 1206 2162 1292 ὀνομαζομένην

223 1316 744 1398 Παφλαγονίαν.
839 1314 950 1377 διὰ
1004 1309 1080 1377 δὲ
1137 1314 1260 1396 τὴν
1318 1313 1445 1379 ἀπὸ
1502 1323 1625 1379 τοῦ
1686 1316 1932 1400 πατρὸς
1992 1316 2161 1392 Διὸς

134 1443 193 1481 10
223 1418 609 1503 εὐγένειαν,
659 1421 747 1496 ὥς
793 1436 990 1503 φασι,
1049 1419 1244 1503 φίλος
1301 1418 1561 1502 ἐγένετο
1618 1432 1751 1486 τῶν
1806 1428 1991 1487 θεῶν
2054 1419 2160 1486 ἐπὶ

224 1524 457 1591 πλέον.
522 1525 807 1611 ὕστερον
855 1522 930 1590 δὲ
975 1527 1098 1609 τὴν
1134 1524 1449 1608 εὐτυχίαν
1496 1525 1577 1590 οὐ
1623 1525 1850 1611 φέρων
1893 1526 2159 1614 ἀνθρω-
2196 1548 2228 1597 2

225 1634 474 1715 πίνως,
529 1630 641 1696 καὶ
703 1631 1048 1716 μετασχὼν
1102 1640 1333 1716 κοινῆς
1400 1629 1716 1717 τραπέζης
1769 1631 1879 1697 καὶ
1946 1635 2160 1716 πάσης

226 1741 625 1825 παρρησίας,
672 1738 1039 1822 ἀπήγγελλε
1074 1749 1214 1814 τοῖς
1261 1737 1652 1824 ἀνθρώποις
1686 1740 1767 1803 τὰ
1803 1740 1984 1825 παρὰ
2020 1750 2161 1816 τοῖς

229 1844 599 1923 ἀθανάτοις
658 1844 1014 1931 ἀπόρρητα.
1108 1839 1197 1928 δι’
1239 1844 1327 1927 ἣν
1386 1845 1604 1910 αἰτίαν
1665 1842 1775 1909 καὶ
1833 1848 1961 1923 ζῶν
2019 1844 2160 1910 ἐκο-

149 1971 202 2012 15
230 1954 454 2037 λάσθη
510 1951 622 2018 καὶ
674 1955 1068 2037 τελευτήσας
1122 1953 1406 2017 αἰωνίου
1463 1952 1628 2016 κατὰ
1681 1953 1839 2028 τοὺς
1894 1953 2159 2035 μύθους

231 2065 547 2148 τιμωρίας
619 2060 908 2144 ἠξιώθη,
981 2057 1422 2143 καταταχθεὶς
1494 2060 1592 2136 είς
1649 2062 1807 2135 τοὺς
1880 2058 2157 2142 ἀσεβεῖς.

232 2169 475 2233 τούτου
524 2164 585 2230 δ’
632 2164 891 2247 ἐγένετο
930 2162 1163 2242 Πέλοψ
1207 2166 1357 2241 υίὸς
1402 2163 1514 2229 καὶ
1552 2167 1773 2249 Νιόβη
1820 2166 2157 2252 θυγάτηρ·
2195 2185 2228 2234 3

237 2273 397 2355 αὕτη
456 2266 518 2336 δ’
562 2269 918 2353 ἐγέννησεν
971 2270 1163 2347 υίοὺς
1225 2268 1390 2335 ἑπτὰ
1443 2268 1556 2335 καὶ
1608 2270 1986 2357 θυγατέρας
2043 2274 2158 2349 τὰς

239 2384 380 2453 ἴσας
439 2376 818 2462 [εὐπρεπείᾳ
874 2376 1374 2461 διαφερούσας].
1468 2374 1575 2442 ἐπὶ
1633 2373 1706 2442 δὲ
1761 2384 1852 2464 τῷ
1911 2369 2182 2460 πλήθει

161 2502 213 2543 20
237 2493 366 2549 τῶν
411 2480 662 2548 τέκνων
707 2481 875 2567 μέγα
919 2481 1388 2567 φρυαττομένη
1434 2484 1786 2560 πλεονάκις
1831 2482 2153 2568 ἐκαυχᾶτο

237 2587 341 2655 καὶ
394 2598 508 2674 τῆς
561 2592 826 2672 Λητοῦς
893 2586 1135 2672 ἑαυτὴν
1200 2587 1670 2675 εὐτεκνοτέραν
1734 2589 2154 2674 ἀπεφαίνετο.

240 2692 363 2762 εἶθ’
403 2696 444 2779 ἡ
505 2692 627 2781 μὲν
686 2696 886 2780 Λητὼ
945 2696 1111 2761 κατὰ
1174 2698 1331 2772 τοὺς
1396 2696 1660 2780 μύθους
1721 2697 2153 2783 χολωσαμένη

239 2801 582 2889 προσέταξε
662 2810 754 2890 τῷ
828 2798 951 2886 μὲν
1009 2799 1376 2867 Ἀπόλλωνι
1454 2804 1925 2884 κατατοξεῦσαι
1997 2804 2155 2880 τοὺς

241 2911 417 2988 υἱοὺς
470 2918 587 2993 τῆς
642 2912 930 2993 Νιόβης,
977 2916 1055 2993 τῇ
1105 2906 1166 2972 δ’
1205 2903 1536 2994 Ἀρτέμιδι
1588 2912 1703 2986 τὰς
1754 2908 2150 2995 θυγατέρας.

172 3035 219 3076 25
244 3018 484 3082 τούτων
540 3014 600 3081 δ’
645 3016 1172 3082 ὑπακουσάντων
1236 3023 1317 3099 τῇ
1375 3013 1574 3102 μητρὶ
1636 3013 1747 3080 καὶ
1801 3016 1968 3078 κατὰ
2033 3015 2152 3078 τὸν

247 3123 435 3189 αὐτὸν
462 3124 699 3209 καιρὸν
730 3120 1352 3201 κατατοξευσάντων
1383 3123 1463 3186 τὰ
1489 3121 1686 3187 τέκνα
1721 3127 1836 3203 τῆς
1863 3122 2148 3204 Νιόβης,

372 3359 402 3407 4
441 3347 639 3420 ἐπειδὴ
680 3350 743 3406 δὲ
786 3349 891 3405 OF
1015 3358 1046 3405 6
1083 3352 1525 3418 παραλείπωμεν
1562 3348 1709 3414 libri,
1749 3365 1883 3403 corr.
1924 3348 2148 3403 Bekker

250 3430 276 3478 7
310 3420 402 3508 μὲν
439 3421 577 3485 Διὸς
612 3422 765 3507 vulg.
950 3428 1015 3476 16
1053 3421 1365 3508 καταχθεὶς
1399 3419 1549 3487 libri,
1589 3435 1725 3474 corr.
1766 3418 1928 3475 Dind.
2078 3425 2144 3474 17

247 3490 484 3579 θυγάτηρ
537 3490 726 3567 Νιόβη
777 3493 826 3546 D
1011 3497 1078 3546 19
1131 3486 1444 3578 εὐπρεπείᾳ
1496 3462 1884 3560 διαφερούσας
1938 3507 2045 3547 om.
2096 3491 2144 3543 D

250 3570 308 3620 20
339 3563 545 3635 μεγάλα
583 3565 630 3618 D
779 3570 846 3619 25
884 3584 1075 3619 κατα.
1112 3582 1245 3619 ,ικα
1253 3559 1355 3631 ρὸν
1395 3578 1502 3618 om.
1541 3562 1608 3616 D.

1715 3650 1827 3705 33*
