2569 4061
427 195 615 252 XVIII
1170 192 1606 251 PRAEFATIO.

428 363 624 439 plutei
668 360 832 421 LXX
876 361 1272 439 bombycinus
1319 362 1545 422 saeculi
1580 361 1742 438 XIV,
1789 363 2013 440 optime
2061 369 2357 428 servatus.

429 459 775 521 Fastidiosa
829 461 1032 520 tamen
1083 459 1475 536 neglegentia.
1517 459 1802 521 librarius
1855 463 2159 538 permulta
2210 463 2356 522 omi-

432 559 539 632 sit,
585 556 905 634 descripsit
945 558 1188 617 tantum
1230 557 1407 617 haec:
1461 557 1494 617 I
1534 559 1725 634 1—5,
1773 559 2066 636 29—-963
2118 558 2207 637 H;
2261 557 2358 618 HI

436 656 681 732 1—563
736 654 794 713 V
834 656 1083 732 1—463
1139 656 1343 716 cetera
1402 649 1484 726 ὡς
1528 651 1791 731 μυθώδη
1846 675 1907 715 τε
1960 652 2062 715 καὶ
2114 654 2359 735 ληρώδη

424 750 777 833 ,ὑπάρχοντα
819 754 1157 832 praeteriit.
1236 754 1449 831 Neque
1491 769 1683 812 unum
1725 750 2002 828 idemque
2046 754 2360 829 exemplar

431 850 496 910 in
551 850 1039 911 transscribendo
1085 853 1328 912 secutus
1383 868 1516 911 esse
1560 847 1825 924 videtur,
1880 867 2018 909 cum
2069 851 2361 911 lectiones

433 949 605 1009 tertii
648 948 792 1007 libri
834 948 1083 1025 propius
1127 947 1333 1008 absint
1378 967 1416 1008 a
1460 947 1661 1008 codice
1697 946 1771 1023 D,
1816 947 2012 1023 quinti
2055 947 2196 1007 libri
2242 949 2358 1008 lec-

432 1046 630 1106 tiones
687 1045 1067 1106 consentiant
1129 1063 1267 1105 cum
1321 1045 1370 1105 F
1424 1036 1530 1127 (cf.
1567 1043 1890 1104 Schneider
1947 1064 2004 1120 p.
2049 1037 2360 1125 19-23).

432 1142 590 1201 Huic
632 1141 790 1202 libro
837 1141 1128 1202 simillimi
1188 1143 1343 1201 sunt*
1377 1141 1570 1218 plutei
1606 1140 1769 1201 LXX
1812 1141 2043 1202 codices
2094 1145 2132 1202 9
2171 1145 2234 1201 et
2271 1144 2358 1202 18

432 1242 496 1299 et
525 1241 637 1316 343
672 1256 929 1315 quorum
954 1239 1208 1299 ultimus
1236 1257 1373 1298 cum
1403 1238 1921 1314 Constantinopoli
1948 1230 2133 1320 (anno
2157 1233 2361 1319 1427)

437 1337 694 1412 scriptus
722 1336 820 1413 sit,
855 1339 1019 1396 recte
1055 1338 1263 1396 monet
1290 1335 1615 1396 Schneider
1644 1354 1717 1395 ex
1754 1337 1961 1422 eadem
1996 1337 2145 1396 urbe
2175 1336 2363 1396 etiam

436 1434 701 1495 codicem
737 1432 769 1492 I
815 1435 1014 1493 ortum
1061 1452 1194 1494 esse
1239 1433 1450 1494 videri.

612 1619 688 1679 In
732 1618 884 1680 duas
928 1624 1136 1697 partes
1173 1618 1424 1679 Diodori
1460 1619 1690 1679 codices
1736 1619 2041 1681 discedere
2078 1619 2367 1696 quoniam

436 1737 510 1779 ex
554 1717 767 1794 quavis
813 1717 995 1776 huius
1043 1715 1323 1776 editionis
1369 1717 1595 1793 pagina
1640 1735 1999 1793 cognoscere
2043 1717 2201 1792 licet,
2248 1718 2369 1779 hac

436 1814 510 1874 de
556 1834 623 1874 re
669 1833 744 1874 ne
784 1813 1036 1874 verbum
1072 1812 1314 1887 quidem
1350 1810 1586 1873 addam.
1640 1812 1805 1872 Illud
1839 1830 1982 1873 vero
2020 1812 2368 1896 discrimen,

437 1929 556 1987 quo
593 1910 735 1969 libri
774 1909 852 1968 ad
886 1907 1041 1969 hanc
1077 1911 1340 1968 aetatem
1376 1890 1714 1970 conservati
1749 1909 2129 1986 dirimuntur,
2165 1913 2366 1973 trans-

434 2008 709 2069 laticium
781 2023 911 2067 esse
976 2006 1384 2068 concludimus
1450 2025 1522 2068 ex
1585 2006 1945 2085 quibusdam
2016 2007 2368 2070 litterarum

435 2105 1007 2166 commutationibus
1061 2104 1139 2165 ad
1193 2106 1513 2183 pristinam
1572 2105 1905 2181 scripturae
1958 2106 2213 2167 formam
2268 2127 2365 2167 re-

435 2204 729 2281 ferendis;
773 2206 1198 2280 permutantur

443 2305 499 2361 1.
544 2301 787 2361 litterae
833 2302 895 2358 A
941 2303 1003 2359 et
1046 2303 1110 2358 A
1154 2303 1218 2359 et
1261 2303 1319 2358 A

513 2397 545 2455 I
586 2399 688 2471 10,
747 2399 785 2458 6
835 2387 1210 2456 ἐπίκλυστον
1455 2393 1834 2457 ἕπίκαυστον
1880 2396 1977 2457 OF

582 2494 784 2571 64,13
827 2486 1096 2570 Ἰναρῶν
1454 2480 1698 2571 ϊνδρων
1743 2494 1797 2552 D

453 2591 545 2651 III
584 2593 688 2669 27,
745 2593 787 2650 4
833 2581 1208 2650 ἀναλώσωσι
1454 2577 1856 2650 ἀναδώσουσι
1899 2591 1948 2651 F

1455 2675 1850 2748 ἀναδόσωσιν
1897 2688 1941 2749 C

454 2785 544 2844 IV
584 2788 688 2862 12,
748 2788 782 2845 7
813 2772 1119 2861 ‘'Oumfog„
1438 2777 1724 2862 Ὅμαλος
1768 2786 1824 2844 D

581 2886 686 2957 23,
743 2883 781 2943 5
829 2874 1162 2960 Γλυχάταν
1455 2881 1793 2961 Γαυχάταν
1827 2884 1891 2943 II

583 2984 687 3058 31,
744 2983 782 3041 8
829 2967 1152 3051 Κλεόδαος
1196 2980 1249 3037 D
1454 2972 1779 3053 Κλεόλαος
1821 2982 1885 3041 II

584 3081 687 3156 39,
741 3080 783 3137 4
828 3068 1292 3155 καταλεχθῆναι
1454 3066 1913 3157 καταδεχθῆναι
1956 3080 2012 3138 Ι)

583 3177 687 3252 82,
743 3176 784 3235 4
829 3165 1277 3253 Καλλίκαρπον
1436 3176 1903 3256 .Καλαίκαρπον
1947 3175 2010 3235 II

441 3275 496 3331 2.
542 3274 783 3333 litterae
828 3275 955 3331 ΛΛ
1001 3274 1061 3331 et
1105 3273 1191 3329 M

482 3368 539 3427 V
578 3372 682 3442 26,
741 3373 776 3429 2
824 3366 1010 3446 πόμα
1456 3368 1527 3430 τὰ
1571 3363 1812 3432 πολλοὶ
1848 3370 1931 3447 D3
1978 3370 2052 3430 cf.
2083 3374 2142 3450 3,
2171 3375 2333 3451 32,3

457 3464 545 3521 IV
583 3466 687 3540 56,
744 3468 780 3523 2
828 3464 974 3542 ἅμα
1456 3458 1656 3527 ἀλλά
1672 3467 1759 3546 II;
1789 3467 1860 3527 cf.
1885 3469 2058 3547 2,28,
2082 3471 2149 3548 63
2180 3470 2366 3547 5,6,5
