2569 4061
976 323 1056 377 Ν
1095 329 1179 381 78.
1212 328 1296 378 79.
1864 404 1875 413 Ο
1990 325 2121 390 523

170 486 257 552 ἐν
320 495 417 575 τῷ
463 493 694 574 θερμῷ
751 488 869 551 τὸν
916 487 1165 550 Μίνωα
1224 484 1601 571 διέφθειρε,
1648 484 1756 552 καὶ
1802 488 1876 552 τὸ
1935 497 2124 571 σῶμα

173 591 496 659 ἀπέδωκε
523 602 664 670 τοῖς
690 594 933 678 Κρησί,
963 594 1308 677 πρόφασιν
1345 591 1636 674 ἐνεγκὼν
1664 601 1785 657 τοῦ
1818 594 2124 659 θανάτου

180 700 371 765 διότι
430 701 596 765 κατὰ
639 700 759 765 τὸν
814 704 1160 784 λουτρῶνα
1206 698 1541 782 ὠλίσθηκε
1595 696 1716 772 καὶ,
1752 699 1975 764 πεσὼν
2030 703 2124 776 εἰς

178 806 262 870 τὸ
314 808 577 892 θερμὸν
622 805 810 891 ὕδωρ
850 805 1244 888 ἐτελεύτησε.
1322 806 1483 890 μετὰ
1531 801 1604 869 δὲ
1650 802 1849 870 ταῦθ’
1892 807 1962 871 os
2002 803 2125 890 μὲν
2162 831 2194 880 3
2252 882 2262 891 ⁶

118 930 152 970 5
185 910 836 997 συνεστρατευμένοι
896 913 974 980 ,τὸ
1029 922 1219 995 σῶμα
1286 920 1408 976 τοῦ
1471 909 1794 995 βασιλέως
1858 915 2125 991 ἔθαψαν
2186 908 2191 913 ’

186 1024 743 1105 μεγαλοπρεπῶς,
800 1016 910 1082 καὶ
958 1019 1241 1083 διπλοῦν
1297 1019 1515 1103 τάφον
1567 1019 2125 1103 οἰκοδομήσαντες

184 1125 361 1189 κατὰ
409 1121 530 1208 μὲν
583 1125 703 1189 τὸν
750 1123 1206 1209 κεκρυμμένον
1261 1127 1470 1190 τόπον
1516 1127 1762 1191 ἔθεσαν
1811 1127 1893 1191 τὰ
1939 1126 2125 1209 ὀστᾶ,

185 1231 362 1296 κατὰ
400 1226 474 1294 δὲ
510 1231 629 1295 τὸν
668 1228 1092 1318 ἀνεῳγμένον
1138 1229 1460 1315 ἐποίησαν
1493 1225 1885 1317 Ἀφροδίτης
1930 1232 2121 1296 νεών.

191 1331 395 1411 οὗτος
443 1333 503 1401 δ’
541 1335 646 1400 ἐπὶ
692 1336 923 1418 γενεάς
967 1339 1237 1414 πλείους
1283 1336 1574 1421 ἐτιμᾶτο,
1623 1341 1952 1405 θυόντων-
1985 1349 2121 1403 τῶν

99 1465 161 1506 10
189 1442 536 1529 ἐγχωρίων
591 1443 681 1519 ὡς
719 1440 1117 1529 Ἀφροδίτης
1171 1445 1365 1520 ὄντος
1422 1453 1545 1508 τοῦ
1600 1445 1760 1510 νεώ·
1825 1446 1989 1511 κατὰ
2050 1442 2126 1510 δὲ
2163 1469 2197 1517 4

190 1552 354 1626 τοὺς
416 1547 783 1634 νεωτέρους
845 1551 1120 1636 καιροὺς
1176 1553 1562 1634 κτισθείσης
1627 1547 1750 1634 μὲν
1810 1560 1927 1634 τῆς
1989 1562 2125 1618 τῶν

185 1653 722 1740 Ἀκραγαντίνων
793 1657 1082 1740 πόλεως,
1155 1659 1576 1740 γνωσθείσης
1654 1653 1728 1721 δὲ
1801 1665 1918 1740 τῆς
1988 1669 2126 1723 τῶν

194 1762 414 1826 ὀστῶν
438 1763 711 1846 θέσεως,
753 1761 1001 1847 συνέβη
1020 1759 1154 1849 ζτὸν
1191 1760 1315 1847 μὲν
1348 1764 1569 1847 τάφον
1604 1769 2123 1849 καθαιρεθῆναι,

192 1869 277 1932 τά
325 1862 385 1932 δ’
429 1868 590 1934 ὀστᾶ
635 1880 774 1946 τοῖς
820 1867 1086 1955 Κρησὶν
1133 1868 1593 1953 ἀποδοθῆναι,
1643 1871 1961 1955 Θήρωνος
2009 1871 2125 1934 δυ-

114 1993 170 2036 15
198 1976 637 2054 ναστεύοντος
693 1986 828 2043 τῶν
876 1973 1432 2063 Ἀκραγαντίνων.
1528 1974 1610 2042 οὐ
1668 1976 1800 2061 μὴν
1860 1973 2004 2041 ἀλλ’
2061 1975 2132 2042 oc
2164 1998 2195 2048 5

197 2083 361 2147 κατὰ
406 2084 530 2164 τὴν
566 2086 882 2149 Σικελίαν
921 2086 1178 2168 Κρῆτες
1216 2084 1377 2167 μετὰ
1421 2083 1545 2165 τὴν
1581 2084 1860 2160 Μίνωος
1904 2087 2126 2147 τελευ-

198 2188 321 2271 τὴν
374 2187 773 2253 ἐστασίασαν
830 2189 941 2252 διὰ
995 2188 1119 2271 τὴν
1184 2188 1542 2273 ἀναρχίαν,
1608 2199 1745 2255 τῶν
1811 2186 1884 2254 δὲ
1952 2199 2127 2254 νεῶν

199 2292 327 2357 ὑπὸ
364 2304 499 2358 τῶν
536 2291 686 2378 περὶ
722 2294 841 2357 τὸν
870 2293 1199 2357 Κώκαλον
1228 2297 1545 2359 Σικανῶν
1583 2294 2126 2381 ἐμπυρισθεισῶν

200 2400 321 2483 τὴν
385 2395 508 2482 μὲν
580 2401 673 2475 εἰς
733 2399 850 2475 τὰς
913 2400 1234 2484 πατρίδας
1309 2399 1643 2465 ἐπάνοδον
1709 2399 2126 2484 ἀπέγνωσαν,

123 2527 178 2568 20
203 2506 541 2590 κρίναντες
598 2500 658 2570 δ’
703 2504 777 2571 έν
831 2513 910 2590 τῇ
969 2508 1246 2592 Σικελίᾳ
1301 2516 1665 2590 κατοικεῖν,
1724 2508 1794 2573 οὗ
1843 2503 1966 2591 μὲν
2023 2506 2126 2573 έν-

203 2616 419 2676 ταῦθα
472 2613 669 2675 πόλιν
725 2609 975 2699 ᾤκισαν
1021 2610 1110 2694 ἣν
1158 2610 1284 2676 ἀπὸ
1344 2620 1467 2677 τοῦ
1523 2611 1845 2695 βασιλέως
1901 2613 2126 2679 αὐτῶν

204 2716 489 2806 Μινῴαν
535 2718 911 2803 ὠνόμασαν,
952 2719 1023 2783 os
1065 2713 1139 2782 δὲ
1187 2719 1300 2782 διά
1334 2726 1451 2802 τῆς
1487 2723 1841 2803 μεσογείου
1876 2725 2127 2805 πλανη-

105 2829 205 2881 323
219 2824 445 2902 θέντες
498 2823 609 2891 καὶ
654 2826 1175 2909 καταλαβόμενοι
1235 2828 1486 2910 χωρίον
1551 2826 1800 2915 ὀχυρὸν
1863 2829 2125 2893 ἔκτισαν

208 2933 396 2996 πόλιν
438 2931 525 3015 ἣν
573 2932 700 2997 ἀπὸ
746 2940 862 3015 τῆς
900 2931 973 2996 ἐν
1018 2940 1099 3017 τῇ
1144 2933 1333 2997 πόλει
1372 2931 1655 3019 ῥεούσης
1699 2943 1914 3018 πηγῆς
1959 2932 2126 2998 ὠνό-

136 3056 185 3099 85
210 3053 419 3122 μασαν
446 3036 758 3120 Ἔγγυον.
848 3036 1131 3123 ὕστερον
1187 3034 1262 3102 δὲ
1319 3040 1481 3122 μετὰ
1533 3039 1657 3122 τὴν
1711 3046 1828 3121 τῆς
1886 3041 2127 3122 Τροίας
2164 3060 2197 3108 6

209 3146 449 3211 ἅλωσιν
505 3148 868 3231 Μηριόνου
920 3153 1043 3210 τοῦ
1096 3146 1362 3232 Κρητὸς
1426 3142 1992 3231 προσενεχθέντος
2045 3152 2126 3229 τῇ

213 3253 500 3338 Σικελίᾳ,
537 3250 1021 3337 προσεδέξαντο
1060 3254 1218 3329 τοὺς
1252 3251 1832 3326 καταπλεύσαντας
1859 3252 2127 3335 Κρῆτας

216 3359 317 3423 διὰ
371 3358 494 3440 τὴν
550 3356 946 3441 συγγένειαν
1004 3355 1115 3423 καὶ
1168 3366 1286 3442 τῆς
1349 3359 1684 3434 πολιτείας
1738 3354 2124 3440 μετέδοσαν,

340 3520 372 3569 3
412 3509 721 3582 ὄλισθήσας
755 3514 809 3568 Π
934 3520 966 3568 5
1006 3511 1512 3584 συστρατευόμενοι
1549 3511 1590 3567 C
1720 3519 1790 3567 24
1827 3512 2124 3583 διαρρεού-

213 3602 302 3653 σης
333 3583 382 3637 D
493 3590 562 3639 25
600 3581 741 3654 μετὰ
769 3585 946 3654 ΕἰοΙι.,
984 3582 1130 3639 κατὰ
1167 3584 1302 3639 libri
1411 3589 1479 3640 28
1519 3580 1843 3654 μετέδωκαν
1885 3583 1943 3640 C.

2251 3540 2298 3563 φ
