2569 4061
390 261 522 327 248
1055 257 1364 315 DIODORI
1401 256 1634 313 slcUm

390 425 586 491 δυοῖν
629 419 971 507 πλέθρων·
1017 419 1125 507 ἐφ’
1179 411 1233 509 ᾦ
1281 421 1367 503 δὴ
1415 422 1733 514 συνήθως
1778 420 1851 486 oc
1888 429 2310 504 περιοικοῦν-

382 554 489 605 τες
532 529 862 613 βάρβαροι
906 529 983 593 τὸ
1028 523 1152 611 μὲν
1197 530 1422 611 μεῖζον
1465 531 1747 592 καλοῦσι
1798 535 2070 612 ταῦρον,
2116 528 2189 591 τὸ
2239 520 2303 591 δ’
2393 559 2400 566 ·

311 658 342 707 8
383 637 657 701 ἔλαττον
701 637 956 720 μόσχον
992 633 1535 718 ἐπονομάζουσιν.
1610 631 2044 716 ἐπιπλεούσης
2081 629 2155 698 δὲ
2190 641 2309 716 τῆς

383 739 730 826 ἀσφάλτου
774 743 1089 826 πελαγίας
1136 740 1173 807 ὁ
1219 740 1427 817 τύπος
1472 741 1783 823 φαίνεται
1826 749 1966 816 τοῖς
2013 735 2188 824 [μὲν]
2239 737 2307 829 ἐξ

381 847 842 934 ἀποστήματος
867 855 1253 932 θεωροῦσιν
1280 844 1492 912 οἱονεὶ
1518 855 1739 930 νῆσος.
1814 847 1938 929 τὴν
1964 840 2028 911 δ’
2061 847 2308 910 ἔκπτω-
2336 863 2368 902 5
2547 865 2550 928 4

381 969 492 1021 σιν
535 962 657 1038 τῆς
698 954 1045 1038 ἀσφάλτου
1091 953 1443 1036 συμβαίνει
1480 952 1783 1037 φανερὰν
1819 953 2131 1034 γίνεσθαι
2165 961 2311 1028 τοῖς

379 1060 767 1146 ἀνθρώποις
796 1060 928 1145 πρὸ
965 1058 1231 1144 ἡμερῶν
1267 1063 1480 1123 εἴκοσι
1518 1056 1698 1143 [δύο]
1717 1077 1732 1092 ·
1767 1057 1988 1144 κύκλῳ
2023 1058 2153 1142 γὰρ
2189 1066 2311 1141 τῆς
2549 1049 2550 1054 “

380 1170 618 1251 λίμνης
661 1164 769 1230 ἐπὶ
802 1166 1095 1242 πολλοὺς
1138 1165 1457 1242 σταδίους
1492 1164 1664 1247 ὀσμὴ
1708 1166 2108 1249 προσπίπτει
2143 1165 2311 1247 μετὰ

376 1272 780 1355 πνεύματος,
832 1268 946 1336 καὶ
997 1279 1124 1348 πᾶς
1177 1270 1214 1337 ὁ
1268 1269 1423 1355 περὶ
1475 1271 1594 1336 τὸν
1648 1271 1856 1335 τόπον
1902 1271 2193 1355 ἄργυρός
2237 1293 2310 1335 τε

375 1375 486 1441 καὶ
533 1376 781 1461 χρυσὸς
822 1374 936 1442 καὶ
979 1378 1221 1462 χαλκὸς
1265 1376 1629 1462 ἀποβάλλει
1673 1376 1797 1459 τὴν
1839 1376 2139 1459 ἰδιότητα
2182 1386 2308 1442 τοῦ
2337 1394 2390 1434 1⁰

375 1483 735 1568 χρώματος.
828 1483 976 1550 ἀλλ’
1050 1483 1216 1568 αὕτη
1291 1480 1414 1568 μὲν
1482 1483 2008 1549 ἀποκαθίσταται
2079 1483 2309 1565 πάλιν,

376 1588 648 1655 ἐπειδὰν
711 1590 1238 1676 ἀναφυσηθῆναι
1302 1593 1522 1675 συμβῇ
1585 1599 1810 1656 πᾶσαν
1872 1589 1996 1673 τὴν
2049 1589 2310 1673 ἀσφαλ-

374 1716 521 1762 τον·
579 1696 616 1763 ὁ
665 1694 739 1763 δὲ
781 1701 1067 1782 πλησίον
1112 1699 1315 1774 τόπος
1359 1699 1651 1783 ἔμπυρος
1698 1697 1793 1762 ὢν
1836 1693 1948 1762 καὶ
1993 1696 2310 1779 δυσώδης

374 1813 558 1869 ποιεῖ
595 1804 677 1868 τά
723 1804 994 1887 σώματα
1039 1813 1174 1868 τῶν
1221 1802 1606 1888 ἀνθρώπων
1651 1800 1929 1867 ἐπίνοσα
1972 1799 2085 1868 καὶ
2138 1823 2307 1868 παν-

305 1933 336 1982 9
373 1914 577 1987 τελῶς
649 1910 1090 1995 ὀλιγοχρόνια.
1192 1908 1417 1991 ἀγαθὴ
1483 1904 1545 1973 δ’
1618 1905 1756 1974 ἐστὶ
1819 1911 2307 1993 φοινικόφυτος
2336 1925 2384 1967 15

376 2016 543 2102 ὅσην
599 2016 799 2102 αὐτῆς
845 2019 1198 2101 συμβαίνει
1251 2025 1574 2100 ποταμοῖς
1630 2016 2023 2101 διειλῆφθαι
2076 2017 2307 2102 χρησί-

374 2148 526 2208 μοις
559 2123 601 2208 ἢ
638 2134 882 2209 πηγαῖς
917 2121 1323 2208 δυναμέναις
1349 2122 1678 2208 ἀρδεύειν.
1749 2127 2003 2206 γίνεται
2042 2120 2118 2189 δὲ
2154 2121 2308 2209 περὶ

374 2233 533 2308 τοὺς
567 2233 814 2309 τόπους
853 2231 1183 2314 [τούτους]
1223 2230 1298 2295 ἐν
1334 2229 1594 2295 αὐλῶνί
1622 2252 1758 2293 τινι
1800 2226 1915 2294 καὶ
1948 2230 2026 2294 τὸ
2061 2230 2306 2295 καλού-

375 2361 580 2421 μενον
642 2339 1018 2422 βάλσαμον,
1090 2337 1158 2415 ἐξ
1223 2330 1308 2401 οὗ
1369 2337 1711 2421 πρόσοδον
1774 2333 1989 2421 ἁδρὰν
2053 2337 2305 2420 λαμβά-

373 2459 642 2525 νουσιν,
700 2444 1005 2528 οὐδαμοῦ
1062 2439 1185 2526 μὲν
1237 2451 1357 2525 τῆς
1410 2444 1614 2526 ἄλλης
1669 2440 2064 2526 οἰκουμένης
2125 2442 2304 2526 εὑρι-
2332 2460 2385 2501 20

286 2594 292 2603 .
374 2546 706 2631 σκομένου
741 2557 864 2613 τοῦ
899 2556 1121 2632 φυτοῦ
1157 2548 1426 2630 τούτου,
1463 2557 1582 2632 τῆς
1616 2546 1679 2613 δ’
1709 2547 1777 2627 ἐξ
1815 2548 2025 2614 αὐτοῦ
2059 2552 2284 2635 χρείας
2309 2552 2404 2600 161

374 2655 469 2730 εἰς
532 2653 849 2739 φάρμακα
909 2664 1050 2730 τοῖς
1117 2655 1371 2740 ἰατροῖς
1433 2651 1592 2718 καθ’
1663 2654 2041 2741 ὑπερβολὴν
2107 2654 2303 2721 εὐθε-

372 2758 631 2842 τούσης.

269 2868 354 2932 49
545 2861 639 2930 Ἡ
676 2863 737 2931 δ’
792 2863 1070 2951 ἐχομένη
1115 2874 1232 2951 τῆς
1277 2865 1579 2952 ἀνύδρου
1621 2863 1732 2932 καὶ
1786 2864 2039 2951 ἐρήμου
2083 2867 2303 2952 χώρας

366 2971 642 3061 Ἀραβία
686 2982 966 3039 τοσοῦτο
1015 2971 1320 3059 διαφέρει
1356 2972 1599 3056 ταύτης
1644 2972 1811 3037 ὥστε
1859 2972 1972 3036 διά
2016 2973 2092 3038 τὸ
2138 2978 2300 3057 πλῆ-
2328 2993 2381 3033 25

374 3088 503 3160 θος
546 3092 682 3148 τῶν
727 3080 802 3147 ἐν
847 3079 1013 3167 αὐτῇ
1053 3078 1415 3165 φυομένων
1450 3088 1724 3165 καρπῶν
1758 3101 1829 3143 τε
1864 3076 1978 3143 καὶ
2012 3090 2149 3144 τῶν
2186 3081 2298 3145 ἀλ-

519 3243 547 3290 1
605 3227 676 3308 ὦ]
739 3227 819 3290 ὧν
876 3235 1121 3303 codicem
1178 3234 1247 3289 of.
1298 3220 1429 3288 XIX
1475 3239 1545 3288 98
1726 3238 1760 3286 4
1815 3229 1994 3297 τύπος
2050 3234 2299 3306 Ξοᾙὲΐθτ,

371 3290 698 3368 τόποςῑῑίπί
788 3304 893 3375 μὲν
913 3305 1152 3372 codices,
1183 3320 1293 3360 om.
1315 3304 1442 3357 X1x
1463 3309 1531 3358 98
1646 3311 1674 3359 -ι
1713 3300 1823 3359 δύο
1841 3304 1963 3372 DF;
1986 3306 2207 3361 ofixlx
2229 3313 2297 3362 98

376 3381 442 3428 12
482 3370 855 3445 ἀναφυσῆσαι
884 3375 1135 3440 codices;
1171 3375 1240 3430 cf.
1270 3374 1401 3429 XIX
1429 3379 1497 3427 98
1610 3380 1678 3428 14
1704 3381 1955 3429 ποιεῖται
1981 3375 2131 3446 vulg.
2229 3383 2296 3433 16

372 3437 570 3504 αύτοῖς
605 3446 699 3498 ΒΕ
831 3451 896 3499 17
935 3440 1207 3514 ἀρδεύειν
1238 3444 1363 3512 GM,
1402 3440 1679 3512 ἀρδεῦσαι
1716 3447 1822 3499 cet.
1956 3450 2021 3500 18
2058 3443 2297 3511 τούτους

375 3525 484 3563 om.
524 3511 663 3564 CDF
811 3520 877 3567 19
915 3511 1101 3583 ἁδρὰν
1137 3514 1269 3569 XIX
1308 3521 1393 3582 98,
1432 3509 1642 3584 μικρὰν
1676 3515 1744 3584 D,
1780 3513 2044 3585 λαμπρὰν
2080 3516 2148 3571 Π.
