2569 4061
429 210 508 265 VI
1177 209 1610 268 PRAEFATIO.

606 369 860 437 Numeri
912 396 1196 440 versuum
1250 379 1316 438 in
1370 380 1624 457 singulis
1681 380 1921 458 paginis
1967 385 2355 442 exaratorum

430 476 726 536 fluctuant
769 476 927 536 inter
976 476 1231 552 triginta
1277 479 1340 537 et
1385 477 1855 556 duodetriginta3
1905 478 2165 555 paginae
2214 478 2354 539 ulti-

427 590 663 631 morum
707 573 992 632 foliorum
1045 574 1429 634 continentur
1473 574 1721 635 tricenis
1765 575 2061 636 versibus.
2155 575 2358 636 Trice-

429 668 614 728 simus
670 673 875 729 autem
936 689 1147 731 versus
1212 670 1465 730 ultimae
1528 673 1784 748 paginae
1842 667 1973 750 (fol.
2014 665 2202 754 297v)
2256 673 2355 734 hic

428 769 524 824 est
571 758 656 849 (V
696 768 798 842 84,
840 760 931 848 1):

607 860 708 923 καὶ
753 872 857 942 τῆς
896 858 1092 936 Ἀσίας
1136 871 1241 942 τῆς
1286 865 1767 944 παραθαλαττίου
1814 859 2191 948 κατέσχεν·*)

427 961 592 1040 Ergo
647 965 718 1021 ut
772 967 1196 1040 argumentum
1250 963 1432 1040 primi
1493 963 1636 1023 libri
1689 965 1754 1024 in
1806 966 1978 1025 initio
2035 965 2251 1025 codicis
2295 965 2353 1022 D

434 1059 832 1135 desideratur,
894 1060 982 1120 ita
1026 1061 1090 1120 in
1136 1060 1405 1121 eiusdem
1458 1061 1577 1120 fine
1633 1061 1802 1123 deest
1858 1063 2120 1123 formula
2164 1080 2355 1139 paene

427 1155 759 1232 sollemniS,
824 1175 943 1232 qua
995 1155 1296 1218 Diodorus
1362 1159 1633 1236 singulos
1686 1160 1873 1221 libros
1941 1159 2356 1220 concludebat.

428 1251 662 1313 Dixerit
705 1253 962 1313 fortasse
1010 1253 1311 1330 quispiam
1356 1276 1433 1316 ne
1480 1275 1552 1317 ea
1597 1256 1864 1335 quidem,
1911 1276 2063 1334 quae
2110 1258 2174 1315 in
2220 1256 2356 1317 aliis

434 1349 734 1411 codicibus
790 1354 932 1426 post
989 1351 1141 1410 illud
1187 1349 1463 1433 κατέσχεν
1510 1358 1867 1431 sequuntur,
1922 1355 2062 1414 huic
2107 1354 2359 1414 Diodori

427 1446 847 1507 consuetudini
892 1447 1042 1507 satis
1090 1466 1220 1508 esse
1266 1453 1690 1512 consentanea:
1746 1456 1885 1529 post
1929 1448 2203 1530 κατέσχεν
2251 1451 2360 1509 ali-

431 1544 572 1621 quid
620 1543 946 1605 desiderari
991 1565 1167 1607 nemo
1217 1547 1485 1622 negabit.
1566 1547 1776 1625 Neque
1826 1548 2094 1608 dubitari
2136 1550 2358 1626 potest,

435 1642 579 1718 quin
617 1642 900 1703 librarius
938 1645 1153 1706 codicis
1186 1646 1239 1704 D
1267 1664 1390 1704 non
1425 1645 1488 1703 in
1522 1646 1636 1704 hoc
1671 1645 1962 1706 vocabulo
1998 1644 2175 1703 finem
2217 1645 2361 1703 scri-

431 1738 613 1797 bendi
667 1739 894 1800 fecerit.
988 1741 1103 1811 Qui
1171 1759 1308 1800 cum
1366 1742 1429 1798 in
1481 1741 1597 1799 fine
1663 1749 1998 1801 ceterorum
2062 1741 2362 1801 librorum

429 1835 929 1910 subscriptionem
985 1838 1210 1897 ornatis
1260 1836 1487 1895 litteris
1531 1835 1751 1897 addere
1797 1839 1860 1896 et
1904 1839 2129 1911 puncta
2175 1856 2361 1914 quae-

428 1931 567 1989 dam
612 1931 979 2010 lineolasque
1034 1935 1282 2011 pingere
1342 1933 1746 2010 consueverit,
1809 1953 1947 1993 eum
2001 1936 2133 1994 toto
2180 1954 2363 2010 opere

428 2029 697 2106 perfecto
749 2032 897 2092 haec
955 2036 1307 2093 ornamenta
1366 2032 1635 2092 omisisse
1691 2033 1755 2092 et
1808 2037 2100 2109 punctum
2160 2035 2365 2095 solum

430 2146 613 2204 supra
656 2129 877 2189 lineam
921 2130 1194 2206 posuisse
1240 2131 1408 2191 nullo
1453 2133 1627 2207 pacto
1675 2130 1839 2190 credi
1882 2133 2100 2206 potest.
2176 2131 2363 2191 Deni-

432 2244 548 2301 que
596 2225 778 2302 digna
822 2211 1163 2287 memoratu
1206 2230 1370 2304 sunt,
1422 2247 1575 2304 quae
1624 2227 1951 2288 Schneider
1996 2221 2067 2309 (1.
2103 2246 2153 2289 c.
2188 2249 2247 2306 p.
2287 2224 2362 2312 5)

572 2457 624 2524 ³¹³)
663 2455 810 2511 Cave
856 2472 928 2510 ne
974 2470 1044 2510 ex
1087 2458 1196 2511 hoc
1243 2458 1316 2512 νῦ
1366 2453 1772 2525 ἑφελκνστικὸν
1830 2456 2131 2511 concludas
2189 2457 2364 2513 finem

429 2536 701 2591 orationis
740 2534 1120 2607 significatum
1158 2553 1311 2605 esse3
1348 2553 1484 2592 nam
1519 2537 1629 2591 hoc
1665 2538 1735 2591 νῦ
1776 2536 1837 2589 in
1873 2535 1922 2588 D
1960 2552 2234 2606 persaepe
2270 2537 2363 2593 in-

428 2616 653 2670 venitur
690 2618 820 2671 ante
865 2615 1145 2672 vocabula
1198 2615 1487 2670 artissime
1524 2614 1853 2685 coniuncta,
1900 2632 2136 2685 quorum
2171 2617 2364 2686 prima

432 2693 628 2749 littera
673 2696 762 2749 est
805 2712 1135 2751 consonans.
1185 2726 1253 2736 —
1303 2696 1501 2751 Liceat
1544 2694 1638 2749 hic
1687 2695 1858 2750 simul
1916 2695 2197 2764 quaedam
2245 2698 2364 2753 alia

431 2775 744 2844 scripturae
781 2774 831 2829 D
868 2776 1098 2845 propria
1137 2775 1378 2836 addere:
1420 2781 1467 2829 1.
1504 2774 1788 2830 Elisiones
1822 2774 2106 2830 vocalium
2145 2775 2227 2845 (in
2262 2794 2365 2832 vo·
2397 2810 2401 2814 -

433 2854 593 2909 cibus
630 2857 696 2909 ut
732 2854 813 2923 δέ,
850 2852 928 2922 τέ,
965 2853 1049 2925 γε’,
1086 2851 1248 2925 ἀλλά)
1290 2854 1351 2908 in
1380 2855 1429 2908 D
1456 2853 1637 2908 multo
1676 2856 1807 2909 sunt
1842 2853 2150 2909 c'rebriores
2190 2872 2363 2923 quam

429 2934 491 2987 in
547 2934 749 2988 ceteris
803 2933 983 2988 libris.
1042 2965 1106 2975 —
1160 2941 1210 2989 2.
1260 2933 1671 3002 Compendiose
1729 2935 1941 3003 scripta
1995 2932 2366 2991 inveniuntur

430 3017 596 3070 haec:
634 3019 773 3076 ’ἀῖιδς
801 3010 1243 3086 (εᾶνθρωπος),
1282 3019 1451 3076 offic,-
1478 3008 1852 3084 (=oivooev69)‚
1892 3018 2007 3081 'W’
2039 3015 2362 3085 (=mxt⁷59)‚

431 3100 563 3161 σᾱῐᾶ
599 3097 691 3166 (=
703 3096 993 3165 σωτηρία),
1039 3095 1334 3163 praeterea
1369 3092 1523 3147 haud
1559 3108 1687 3147 raro
1728 3091 1981 3161 syllabae
2017 3090 2079 3145 in
2115 3093 2224 3148 fine
2260 3110 2362 3151 vo-

434 3175 762 3230 cabulorum
797 3174 1017 3244 positae
1056 3175 1230 3242 atque
1268 3170 1602 3241 particulae,
1638 3171 1789 3225 unde
1818 3170 1969 3226 varii
2005 3187 2219 3228 errores
2249 3173 2365 3228 orti

433 3256 565 3308 sunt
598 3255 780 3311 veluti
814 3253 1151 3323 πραχθέντα
1188 3268 1294 3321 pro
1334 3250 1800 3321 παραταχθέντα,
1840 3246 2076 3319 πράξεις
2111 3269 2213 3323 pro
2252 3271 2364 3307 πα·

434 3333 720 3402 ρατάξεις,
775 3333 947 3389 πάλιν
991 3339 1092 3402 pro
1140 3331 1443 3401 παράλιον.
1482 3361 1551 3372 -
1588 3337 1638 3386 3.
1678 3330 1743 3384 In
1786 3332 2041 3400 margine
2096 3331 2365 3387 foliorum

434 3426 609 3465 manu
635 3412 848 3468 saeculi
865 3411 943 3467 XI
972 3411 1387 3480 descriptorum
1414 3411 1610 3468 brevia
1646 3411 1978 3481 argumenta
2007 3409 2234 3466 Graecis
2264 3410 2364 3464 lit-

433 3487 571 3542 teris
598 3491 915 3546 uncialibus
954 3495 1188 3547 exarata
1216 3493 1366 3561 sunt,
1407 3492 1610 3549 desunt
1644 3492 1706 3547 in
1740 3489 2146 3548 recentioribus
2184 3487 2361 3546 foliis).
