2569 4061
328 185 413 250 12
1031 182 1340 239 monom
1380 182 1612 240 smum

250 347 286 413 7
505 348 695 414 Κατὰ
721 348 849 432 γὰρ
876 347 1000 430 τὴν
1028 345 1095 425 ἐξ
1124 345 1329 431 ἀρχῆς
1354 357 1491 413 τῶν
1528 347 1705 413 ὅλων
1734 348 2058 412 σύστασιν
2095 350 2257 432 μίαν

328 455 503 538 ἔχειν
550 451 738 518 ἰδέαν
787 452 1082 539 οὐρανόν
1125 475 1196 518 τε
1239 449 1353 517 καὶ
1389 461 1537 537 γῆν,
1584 451 1987 538 μεμιγμένης
2032 452 2256 519 αὐτῶν

326 569 443 644 τῆς
487 559 778 644 φύσεως·
826 561 989 645 μετὰ
1037 555 1112 624 δὲ
1146 568 1354 625 ταῦτα
1400 559 1818 625 διαστάντων
1862 569 1998 624 τῶν
2035 560 2256 644 σωμά-

257 703 262 710 ·
326 689 463 731 των
508 662 621 730 ἀπ’
666 664 991 751 ἀλλήλων,
1038 667 1158 731 τὸν
1193 660 1318 749 μὲν
1363 667 1617 750 κόσμον
1661 667 2046 751 περιλαβεῖν
2092 666 2257 732 ἅπα-

330 788 458 838 σαν
502 772 625 856 τὴν
670 770 1016 858 ὁρωμένην
1071 770 1144 836 ἐν
1190 770 1369 859 αὐτῷ
1417 771 1766 853 σύνταξιν,
1813 773 1932 836 τὸν
1981 768 2041 835 δ’
2097 771 2257 858 ἀέρα
2283 801 2314 843 5

329 880 651 962 κινήσεως
693 888 919 963 τυχεῖν
965 885 1310 961 συνεχοῦς,
1355 875 1466 942 καὶ
1503 879 1577 942 τὸ
1625 874 1748 962 μὲν
1793 879 2096 964 πυρῶδες
2142 878 2261 942 αὐ-

330 993 453 1051 τοῦ
506 986 673 1070 πρὸς
723 986 882 1060 τοὺς
940 985 1472 1069 μετεωροτάτους
1525 987 1772 1062 τόπους
1826 985 2259 1071 συνδραμεῖν,

333 1090 725 1176 ἀνωφεροῦς
762 1089 968 1173 οὔσης
1002 1098 1118 1173 τῆς
1153 1091 1467 1175 τοιαύτης
1504 1092 1769 1175 φύσεως
1809 1093 1920 1157 διὰ
1946 1092 2070 1175 τὴν
2105 1114 2262 1156 κου-

333 1198 615 1280 φότητα·
662 1192 779 1279 ἀφ’
821 1190 901 1278 ἧς
939 1198 1151 1273 αἰτίας
1195 1198 1315 1262 τὸν
1353 1194 1476 1281 μὲν
1519 1198 1714 1281 ἥλιον
1749 1195 1861 1263 καὶ
1906 1200 1981 1263 τὸ
2024 1199 2262 1263 λοιπὸν

333 1306 594 1385 πλῆθος
638 1312 773 1367 τῶν
820 1302 1083 1388 ἄστρων
1130 1301 1682 1387 ἐναποληφθῆναι
1738 1312 1837 1389 τῇ·
1864 1305 2042 1389 πάσῃ
2081 1305 2260 1389 δίνῃ·
2293 1329 2346 1368 10

332 1410 409 1475 τὸ
467 1403 540 1473 δὲ
583 1408 875 1492 ζίλυῶδες
927 1406 1041 1474 καὶ
1102 1411 1396 1496 θολερὸν
1450 1412 1612 1496 μετὰ
1666 1419 1783 1495 τῆς
1835 1421 1971 1476 τῶν
2034 1410 2262 1496 ὑγρῶν

336 1517 744 1603 συγκρίσεως
807 1513 915 1581 ἐπὶ
977 1515 1177 1582 ταύτὸ
1246 1526 1649 1601 καταστῆναι
1714 1520 1827 1583 διὰ
1889 1519 1964 1583 τὸ
2029 1518 2261 1604 βάρος·

265 1649 296 1698 2
337 1624 730 1708 εἰλούμενον
769 1620 831 1687 δ’
875 1621 948 1688 ἐν
988 1621 1201 1710 ἑαυτῷ
1240 1635 1535 1708 συνεχῶς
1569 1622 1682 1689 καὶ
1719 1627 2265 1711 συστρεφόμενον

337 1728 410 1795 ἐκ
463 1725 586 1814 μὲν
630 1740 766 1794 τῶν
821 1729 1049 1813 ὑγρῶν
1094 1730 1218 1811 τὴν
1270 1729 1642 1812 θάλατταν,
1690 1728 1763 1794 ἐκ
1809 1728 1884 1794 δὲ
1940 1741 2074 1794 τῶν
2122 1747 2264 1795 στε-

338 1831 799 1920 ρεμνιωτέρων
861 1842 1135 1916 ποιῆσαι
1197 1833 1321 1917 τὴν
1382 1842 1513 1916 γῆν
1586 1834 1860 1918 πηλώδη
1924 1833 2036 1899 καὶ
2099 1856 2265 1901 παν-
2294 1857 2348 1897 15

267 1966 299 2014 3
337 1946 540 2017 τελῶς
586 1938 862 2023 ἁπαλήν.
936 1940 1187 2024 ταύτην
1234 1936 1309 2005 δὲ
1354 1941 1428 2004 τὸ
1468 1936 1588 2025 μὲν
1633 1950 1902 2027 πρῶτον
1947 1951 2069 2007 τοῦ
2115 1940 2267 2029 περὶ

338 2048 458 2113 τὸν
484 2048 678 2132 ἥλιον
714 2049 926 2134 πυρὸς
953 2048 1504 2134 καταλάμψαντος
1539 2046 1735 2132 πῆξιν
1765 2052 2017 2133 λαβεῖν,
2046 2052 2268 2117 ἔπειτα

343 2156 456 2220 διὰ
509 2155 631 2239 τὴν
684 2156 1063 2242 θερμασίαν
1118 2153 1659 2241 ἀναζυμουμένης
1712 2165 1827 2241 τῆς
1882 2156 2271 2241 ἐπιφανείας

340 2262 746 2344 συνοιδῆσαί
791 2286 941 2327 τινα
987 2273 1121 2327 τῶν
1175 2262 1405 2348 ὑγρῶν
1449 2264 1614 2327 κατὰ
1658 2265 1948 2339 πολλοὺς
1997 2266 2265 2348 τόπους,

339 2364 450 2432 καὶ
503 2365 824 2450 γενέσθαι
878 2366 1031 2453 περὶ
1086 2367 1254 2432 αὐτὰ
1321 2368 1693 2449 σηπεδόνας
1745 2368 1941 2453 ὑμέσι
2005 2373 2268 2448 λεπτοῖς
2294 2390 2351 2429 20

339 2469 831 2558 περιεχομένας·
890 2471 1051 2558 ὅπερ
1108 2470 1183 2536 ἐν
1237 2482 1378 2548 τοῖς
1432 2470 1610 2536 ἕλεσι
1664 2471 1775 2537 καὶ
1829 2483 1968 2549 τοῖς
2034 2476 2266 2558 λιμνά-

343 2582 528 2659 ζουσι
583 2587 717 2643 τῶν
771 2580 997 2642 τόπων
1051 2579 1148 2642 ἔτι
1192 2575 1304 2642 καὶ
1358 2586 1488 2642 νῦν
1543 2577 1833 2664 ὁρᾶσθαι
1882 2581 2263 2663 γινόμενον,

341 2685 612 2752 ἐπειδὰν
673 2692 791 2767 τῆς
845 2684 1065 2770 χώρας
1126 2680 1625 2769 κατεψυγμένης
1683 2685 1875 2770 ἄφνω
1942 2684 2266 2771 διάπυρος

344 2792 380 2859 ὁ
438 2791 565 2879 ἀὴρ
620 2789 919 2876 γένηται,
980 2791 1069 2876 μὴ
1125 2791 1352 2874 λαβὼν
1409 2791 1533 2874 τὴν
1587 2791 1959 2876 μεταβολὴν
2015 2790 2088 2857 ἐκ
2145 2800 2266 2857 τοῦ
2308 2816 2373 2865 11

270 2924 306 2973 4
342 2894 485 2966 κατ’
548 2898 796 2984 ὀλίγον.
899 2896 1459 2982 ζωογονουμένων
1523 2893 1598 2963 δὲ
1661 2909 1796 2964 τῶν
1858 2898 2086 2984 ὑγρῶν
2151 2899 2264 2965 διὰ
2291 2918 2346 2960 25

342 3016 460 3092 τῆς
494 3007 864 3093 θερμασίας
889 3006 1010 3071 τὸν
1046 3003 1401 3089 εἰρημένον
1435 3007 1688 3089 τρόπον
1714 3005 1832 3081 τὰς
1866 3000 1990 3089 μὲν
2022 3005 2269 3084 νύκτας

342 3114 709 3199 λαμβάνειν
774 3112 1011 3178 αὐτίκα
1067 3112 1192 3196 τὴν
1254 3111 1516 3197 τροφὴν
1582 3109 1654 3176 ἐκ
1715 3119 1832 3195 τῆς
1901 3113 2270 3197 πιπτούσης

490 3312 556 3360 12
594 3305 968 3376 καταστῆναι]
997 3304 1421 3374 κατενεχθῆναι
1451 3303 1492 3360 C
1570 3311 1637 3360 13
1674 3305 1772 3360 καὶ
1808 3305 2271 3378 συστρεφόμενον

346 3378 610 3511 {3353-
626 3377 777 3447 vulg.
963 3383 1029 3431 19
1081 3372 1386 3446 ἀνοιδῆσαι
1432 3376 1641 3433 Reiske
1819 3383 1888 3432 24
1943 3375 1976 3433 ὁ
2026 3396 2133 3434 om.
2172 3377 2268 3431 DF
