2569 4061
1177 304 1256 359 ΙΙΙ
1297 310 1380 359 18.
1926 266 1929 269 ¹
2131 309 2261 374 291

339 471 655 556 ἔρχεσθαι
699 469 865 555 πρὸς
908 471 1065 545 τοὺς
1112 467 1529 550 ἀλλοεθνεῖς,
1585 471 1742 552 μήτε
1788 471 1862 535 τὸ
1911 466 2106 550 ξένον
2150 478 2266 554 τῆς

340 578 555 653 ὅψεως
618 585 752 640 τῶν
816 576 1333 660 προσπλεόντων
1395 584 1609 638 κινεῖν
1665 579 1821 652 τοὺς
1883 576 2269 662 ἐγχωρίους,

344 680 488 746 ἀλλ’
542 680 989 766 ἐμβλέποντας
1035 680 1280 758 ἀτενῶς
1330 679 1612 757 ἀπαθεῖς
1667 683 1841 765 ἒχειν
1884 682 1996 748 καὶ
2042 683 2269 767 ἀκινή-

336 810 495 865 τους
529 789 643 864 τάς
681 790 1047 873 αἰσθήσεις,
1089 788 1177 864 ὡς
1216 785 1353 868 [ἂν]
1393 788 1679 871 μηδενὸς
1713 790 2056 872 παρόντος.
2115 791 2268 855 οὔτε

284 913 310 954 5
337 895 464 980 γὰρ
504 893 694 979 ξίφος
722 892 1152 977 σπασαμένου
1183 895 1367 970 τινὸς
1402 891 1514 959 καὶ
1549 892 2041 979 καταφέροντος
2077 894 2268 973 ὑπεξ-

337 998 616 1084 έφυγον,
665 995 820 1066 οὔθ’
875 1000 1076 1085 ὕβριν
1124 995 1284 1064 οὐδὲ
1328 1001 1584 1083 πληγὰς
1628 999 2075 1084 ὑπομένοντες
2119 1000 2268 1083 ἠρε-

334 1111 629 1192 θίζοντο,
667 1110 743 1172 τό
782 1131 852 1173 τε
888 1112 1152 1190 πλῆθος
1189 1106 1271 1171 οὐ
1302 1108 1788 1190 συνηγανάκτει
1812 1117 1952 1184 τοῖς
1978 1107 2268 1191 πάσχου-

339 1230 480 1298 σιν,
540 1212 681 1279 ἀλλ’
738 1214 949 1279 ἐνίοτε
1004 1211 1257 1278 τέκνων
1303 1212 1344 1295 ἢ
1392 1224 1731 1294 γυναικῶν
1786 1213 2268 1298 σφαττομένων

336 1320 409 1387 ἐν
456 1320 837 1405 ὀφθαλμοῖς
884 1319 1166 1396 ἀπαθεῖς
1210 1329 1354 1395 ταῖς
1401 1318 1789 1386 διαθέσεσιν
1836 1323 2095 1405 ἔμενον,
2154 1320 2268 1386 οὐ-

256 1445 309 1484 10
337 1428 574 1511 δεμίαν
603 1429 893 1509 ἔμφασιν
922 1425 1124 1510 ὀργῆς
1151 1423 1192 1507 ἢ
1221 1425 1423 1489 πάλιν
1452 1424 1641 1491 ἐλέου
1671 1427 1985 1504 διδόντες.
2059 1430 2266 1492 καθό-
2306 1449 2338 1495 6

337 1539 463 1597 λου
509 1528 583 1596 δὲ
628 1541 767 1607 τοῖς
804 1530 1431 1614 ἐκπληκτικωτάτοις
1475 1534 1720 1608 δεινοῖς
1764 1536 2269 1618 περιπίπτοντες

336 1638 643 1722 ἠρεμαῖοι
681 1635 1008 1721 διέμενον,
1048 1637 1406 1720 βλέποντες
1442 1633 1566 1720 μὲν
1595 1636 1840 1714 ἀτενῶς
1868 1640 1961 1715 εἰς
1988 1641 2069 1703 τά
2109 1656 2269 1704 συν-

337 1744 731 1826 τελούμενα,
787 1754 930 1821 ταῖς
987 1740 1060 1808 δὲ
1116 1748 1436 1828 κεφαλαῖς
1493 1740 1652 1830 παρ’
1708 1742 1947 1807 ἕκαστα
2006 1745 2269 1810 διανεύ-

339 1872 543 1926 οντες.
641 1851 746 1916 διὸ
809 1851 929 1924 καί
995 1866 1203 1935 φασιν
1278 1849 1522 1927 αὐτοὺς
1597 1846 1947 1939 διαλέκτῳ
1993 1846 2116 1934 μὲν
2179 1852 2267 1935 μὴ

256 1973 309 2014 15
336 1962 650 2044 χρῆσθαι,
697 1965 1008 2043 μιμητικῇ
1047 1952 1121 2021 δὲ
1169 1956 1455 2042 δηλώσει
1497 1958 1608 2021 διὰ
1651 1967 1787 2022 τῶν
1831 1966 2073 2043 χειρῶν
2124 1957 2269 2021 δια-

337 2066 686 2148 σημαίνειν
732 2062 972 2129 ἕκαστα
1016 2074 1152 2128 τῶν
1197 2066 1363 2151 πρὸς
1411 2065 1535 2147 τὴν
1582 2067 1812 2149 χρείαν
1859 2063 2265 2147 ἀνηκόντων.

299 2170 445 2236 καὶ
506 2172 592 2251 τὸ,
646 2171 915 2235 πάντων
979 2171 1577 2254 θαυμασιώτατον,
1653 2180 1872 2253 φῶκαι
1944 2180 2086 2247 τοῖς
2159 2168 2266 2253 γέ-
2306 2190 2335 2237 7

333 2293 480 2360 νεσι
515 2277 777 2355 τούτοις
825 2278 1416 2363 συνδιατρίβουσαι
1452 2278 1683 2361 θήραν
1728 2283 2082 2341 ποιοῦνται
2129 2285 2265 2340 τῶν

338 2385 596 2468 ἰχθύων
631 2382 789 2449 καθ’
827 2384 1030 2461 αὑτὰς
1056 2384 1537 2470 παραπλησίως
1569 2382 1969 2468 ἀνθρώποις.
2022 2382 2266 2466 ὁμοίως

255 2505 310 2546 20
339 2485 413 2553 δὲ
466 2487 577 2554 καὶ
630 2487 781 2577 περὶ
838 2491 954 2566 τὰς
1008 2492 1232 2566 κοίτας
1284 2487 1398 2554 καὶ
1443 2491 1566 2573 τὴν
1611 2498 1746 2555 τῶν
1790 2487 2267 2573 γεννηθέντων

338 2594 705 2679 ἀσφάλειαν
760 2599 1033 2682 μεγίστῃ
1090 2598 1307 2661 πίστει
1364 2597 1445 2660 τὰ
1499 2594 1659 2679 γένη
1715 2601 2009 2680 χρῆσθαι
2055 2604 2265 2660 ταῦτα

332 2703 499 2789 πρὸς
562 2703 839 2785 ἄλληλα·
913 2700 1114 2788 χωρὶς
1176 2703 1305 2788 γὰρ
1380 2700 1784 2786 ἀδικήματος
1857 2700 2265 2786 ἀλλοφύλοις

335 2805 523 2896 ζῴοις
585 2808 627 2891 ἡ
695 2809 1213 2894 συναναστροφὴ
1288 2810 1541 2890 γίνεται
1607 2805 1744 2891 μετ’
1817 2809 2088 2892 εἰρήνης
2151 2805 2265 2873 καὶ

331 2916 547 2999 πάσης
594 2914 957 2998 εὐλαβείας.

249 3038 304 3079 25
518 3016 732 3099 Οὗτος
768 3018 890 3106 μὲν
927 3014 1053 3087 οὗν
1082 3021 1118 3086 ὁ
1157 3023 1323 3104 βίος,
1360 3022 1597 3105 καίπερ
1636 3020 1731 3085 ὢν
1754 3019 2154 3105 παράδοξος,
2194 3017 2265 3083 ἐκ

332 3131 636 3194 παλαιῶν
672 3131 936 3211 χρόνων
971 3130 1317 3214 τετήρηται
1358 3136 1498 3203 τοῖς
1546 3124 1770 3209 γένεσι
1804 3125 2087 3206 τούτοις,
2135 3129 2264 3187 εἴτε

476 3361 511 3409 4
548 3350 623 3409 ὂὶν
660 3355 846 3410 delevi
955 3360 987 3408 6
1027 3348 1160 3409 οὐδὲ
1198 3353 1451 3420 Dindorf‚
1493 3348 1625 3433 οὔτε
1665 3349 1793 3406 libri
1902 3354 1935 3403 8
1971 3344 2038 3420 ἢ]
2078 3349 2176 3404 καὶ
2212 3349 2264 3402 II

331 3421 853 3513 ἄποσφαττομένων
889 3425 945 3481 II
1065 3430 1132 3511 11²
1169 3424 1344 3495 φησὶν
1382 3422 1688 3513 Βοὴηοιᾶθι·
1803 3424 1872 3474 20
1903 3420 2128 3505 κοίτας]
2165 3419 2265 3476 καὶ

330 3515 631 3623 {augg-{ag
659 3497 910 3639 {3225aeth
922 3498 1151 3639 κειῶἑας
1177 3496 1579 3567 καμαροειδεις
1616 3491 1714 3548 καὶ
1740 3508 2039 3553 τεκνωσεις
2070 3492 2199 3546 add.
2222 3490 2262 3545 0

1831 3649 1938 3702 19*
