2569 4061
374 234 504 299 286
1042 229 1351 286 monom
1389 229 1617 285 SICULI

375 401 577 477 ζουσα
612 396 947 477 καλύπτει,
993 391 1105 459 καὶ
1151 394 1377 482 λάβρῳ
1424 391 1533 458 καὶ
1578 396 1804 480 πολλῷ
1851 394 2092 477 κύματι
2139 410 2301 458 συν-

334 504 751 586 ·αποκομίζει
804 502 971 588 πρὸς
1023 501 1149 584 τὴν
1193 499 1437 585 χέρσον
1494 501 1774 564 ἄπιστον
1819 503 2081 582 πλῆθος
2133 520 2301 564 παν-

368 611 572 673 τοίων
629 608 917 693 ἰχθύων,
984 610 1055 672 οἳ
1102 608 1177 672 τὸ
1234 602 1358 691 μὲν
1410 616 1677 691 πρῶτον
1732 605 1807 670 ἐν
1860 614 1939 690 τῇ
1995 609 2299 695 παραλίῳ

368 713 679 800 μένουσι,
724 722 934 799 νομῆς
978 714 1175 798 χάριν
1219 713 1644 796 πλανώμενοι
1689 711 1842 798 περὶ
1885 715 2001 789 τὰς
2045 713 2300 780 ὑποδύ-

370 839 507 899 σεις
559 820 671 888 καὶ
729 823 809 887 τὰ
863 821 1267 903 κοιλώματα·
1334 818 1499 884 ἐπὰν
1555 818 1617 883 δ’
1672 820 1708 885 ὁ
1765 827 1881 903 τῆς
1940 819 2299 904 ἀμπώτεως
2326 837 2354 878 ⁵

370 930 537 1014 ἔλθῃ
584 931 845 1013 χρόνος,
890 929 966 992 τὸ
1005 924 1127 1012 μὲν
1174 926 1387 1011 ὑγρὸν
1434 924 1506 990 ἐκ
1550 934 1672 990 τοῦ
1718 922 1859 991 κατ’
1906 925 2137 1008 ὀλίγον
2184 928 2299 992 διὰ

367 1045 503 1099 τῶν
547 1030 982 1118 κεχωσμένων
1028 1034 1246 1098 λίθων
1290 1031 1402 1098 καὶ
1449 1033 1817 1117 φαράγγων
1864 1031 2174 1118 ἀπορρεῖ,
2231 1035 2304 1099 οἰ

371 1135 435 1204 δ’
481 1142 677 1223 ἰχθῦς
723 1138 797 1204 ἐν
831 1150 972 1216 τοῖς
1015 1140 1384 1223 κοιλώμασι
1420 1142 1944 1204 καταλείπονται.
2018 1141 2184 1205 κατὰ
2222 1137 2297 1206 δὲ

368 1254 612 1310 τοῦτον
665 1246 783 1310 τὸν
829 1247 1065 1331 καιρὸν
1109 1247 1184 1310 τὸ
1243 1250 1505 1329 πλῆθος
1558 1255 1694 1310 τῶν
1748 1245 2089 1331 ἐγχωρίων
2133 1248 2297 1330 μετὰ

370 1350 620 1417 τέκνων
678 1349 791 1417 καὶ
862 1341 1233 1436 γυναικῶν
1268 1354 1364 1429 εἰς
1424 1353 1541 1430 τὰς
1615 1352 1846 1437 ῥαχίας
1919 1352 2297 1438 ἀθροίζεται
2326 1371 2382 1410 10

368 1459 671 1544 καθάπερ
720 1457 835 1544 ἀφ’
882 1456 1031 1535 ἑνὸς
1076 1459 1530 1543 κελεύσματος.
1609 1457 2014 1543 σχιζομένων
2052 1456 2127 1524 δὲ
2163 1470 2299 1525 τῶν

366 1566 727 1651 βαρβάρων
763 1562 857 1643 εἰς
902 1567 983 1630 τὰ
1027 1567 1191 1630 κατὰ
1238 1563 1438 1651 μέρος
1483 1568 1892 1650 συστήματα,
1939 1568 2106 1651 πρὸς
2141 1569 2299 1643 τοὺς

369 1675 583 1752 ἰδίους
621 1672 885 1739 ἕκαστοι
921 1675 1167 1750 τόπους
1213 1673 1374 1756 μετὰ
1420 1675 1582 1755 βοῆς
1622 1671 1916 1752 ἐξαισίου
1953 1671 2298 1758 φέρονται,

367 1780 671 1865 καθάπερ
737 1780 1086 1862 αἰφνιδίου
1149 1780 1331 1854 τινὸς
1393 1781 1716 1862 κυνηγίας
1779 1777 2299 1862 ἐμπεπτωκυιάς.

372 1881 505 1952 εἷθ’
561 1887 635 1951 αἰ
683 1882 807 1970 μὲν
851 1896 1161 1968 γυναῖκες
1215 1885 1376 1968 μετὰ
1421 1895 1556 1950 τῶν
1603 1886 1866 1951 παίδων
1911 1888 2063 1962 τοὺς
2107 1883 2296 1950 ἐλάτ-
2331 1902 2388 1942 15

364 2016 563 2070 τονας
616 2002 753 2058 τῶν
808 1991 1069 2077 ἰχθύων
1121 1988 1234 2056 καὶ
1288 1993 1578 2075 πλησίον
1625 1993 1822 2069 ὄντας
1879 1999 1994 2075 τῆς
2048 1989 2298 2077 χέρσου

366 2101 954 2187 συλλαμβάνουσαι
1000 2099 1351 2185 ῥίπτουσιν
1399 2096 1504 2164 ἐπὶ
1549 2099 1675 2182 τὴν
1714 2106 1870 2181 γῆν,
1919 2100 1989 2163 οἱ
2030 2095 2103 2164 δὲ
2151 2110 2298 2177 τοῖς

365 2214 667 2293 σώμασιν
723 2206 1117 2292 ἀκμάζοντες
1170 2204 1632 2291 προσφέρουσι
1712 2207 1828 2281 τὰς
1878 2216 2101 2292 χεῖρας
2156 2216 2408 2285 τοῖς185

354 2317 477 2380 ’διὰ
530 2316 604 2379 τὸ
660 2312 946 2398 μέγεθος
1001 2314 1676 2396 δυσκαταγωνίστοις·
1735 2311 2124 2377 ἐκπίπτουσι
2170 2315 2300 2400 γὰρ

365 2420 437 2487 ἐκ
492 2430 612 2486 τοῦ
664 2422 994 2502 πελάγους
1048 2417 1525 2503 ὑπερμεγέθεις
1582 2419 1664 2484 οὐ
1721 2422 1932 2503 μόνον
1988 2423 2298 2505 σκορπίοι
2327 2436 2382 2477 2⁰

360 2522 474 2589 καὶ
519 2526 839 2610 μύραιναι
883 2522 995 2588 καὶ
1038 2525 1257 2608 κύνες,
1305 2524 1472 2589 ἀλλὰ
1521 2522 1633 2590 καὶ
1678 2537 1898 2610 φῶκαι
1933 2525 2044 2591 καὶ
2080 2529 2302 2592 πολλὰ

362 2638 636 2694 τοιαῦτα
675 2629 829 2707 ξένα
873 2628 985 2694 καὶ
1030 2641 1175 2706 ταῖς
1210 2631 1405 2708 ὄψεσι
1451 2629 1565 2696 καὶ
1610 2643 1752 2708 ταῖς
1797 2609 2300 2719 προσηγορίαις·

295 2756 326 2806 7
369 2745 576 2801 ταῦτα
614 2731 688 2801 δὲ
723 2737 803 2800 τὰ
830 2739 1038 2821 θηρία
1074 2738 1562 2822 καταμάχονται
1589 2748 1890 2822 τεχνικῆς
1919 2735 2042 2823 μὲν
2074 2740 2302 2805 ὅπλων

360 2851 767 2925 κατασκευῆς
823 2839 1025 2907 οὐδὲν
1082 2846 1372 2928 ἔχοντες,
1431 2842 1666 2929 κέρασι
1721 2841 1797 2909 δὲ
1852 2847 2063 2928 αἰγῶν
2122 2845 2302 2923 ὀξέσι

359 2960 917 3027 κατακεντοῦντες
978 2948 1088 3015 καὶ
1150 2962 1296 3027 ταῖς
1359 2949 1694 3036 ἀπορρῶξι
1757 2949 2026 3032 πέτραις
2096 2951 2301 3018 ἐπιτέ-
2330 2968 2385 3007 25

361 3080 667 3144 μνοντες·
731 3059 946 3124 πάντα
1009 3060 1136 3143 γὰρ
1193 3058 1234 3141 ἡ
1292 3060 1480 3142 χρεία
1538 3057 1837 3123 διδάσκει
1891 3059 2016 3142 τὴν
2064 3059 2296 3147 φύσιν,

362 3168 620 3242 οἰκείως
662 3177 803 3241 τοῖς
837 3163 1300 3248 ὑποκειμένοις
1335 3174 1593 3249 καιροῖς
1633 3162 2091 3250 ἁρμοζομένην
2128 3166 2297 3251 πρὸς

259 3267 339 3330 16
361 3272 485 3353 τὴν
531 3270 603 3336 ἐκ
647 3280 762 3354 τῆς
809 3271 1076 3347 ἐλπίδος
1121 3270 1535 3356 εὐχρηστίαν.
1630 3270 1901 3335 ἐπειδὰν
1947 3269 2009 3335 δ’
2060 3270 2298 3356 ἀθροί-

516 3497 581 3543 27
623 3488 978 3564 ἁρμοζομένη
1019 3495 1085 3548 11.
