2569 4061
347 157 630 218 LXXXIV
893 154 1262 212 ARGUMEN
1265 155 1424 214 TUM
1459 155 1595 212 LIB.
1633 154 1727 211 ΙΙΙ.

350 276 456 326 Gap.

350 341 434 394 57.
512 335 751 393 Annona
785 335 867 390 ibi
903 333 1151 404 copiosa.
1209 332 1550 390 Litterarum
1578 334 1785 402 studia,
1822 333 2066 390 maxime
2104 336 2284 389 astro-

528 416 699 485 logia.
783 414 1074 485 Scriptura
1121 414 1387 470 deorsum
1441 413 1627 470 ducta.
1710 413 1885 470 Aetas
1929 412 2276 484 longissima

528 494 698 550 Vitae
738 495 986 565 spatium
1021 495 1149 564 lege
1188 494 1495 550 definitum.

352 582 437 633 58
476 574 739 632 Mulieres
785 590 1122 632 communes.
1196 573 1423 630 Bestiae
1468 572 1742 645 singulari
1785 574 1982 631 forma.
2050 545 2283 644 Septen·

531 656 743 714 triones
781 673 894 712 non
930 655 1209 712 videntur
1274 652 1583 709 Puerorum
1624 654 1854 723 ingenia
1890 670 1993 724 per
2028 655 2281 710 volucres

533 737 910 807 explorantur.
984 735 1138 791 Natu
1176 733 1452 788 maximus
1489 750 1587 788 rex
1630 734 1690 788 in
1729 733 1966 804 singulis
2005 734 2276 791 tribubus,

530 817 753 873 Insulae
792 819 923 872 sunt
960 818 1179 885 septem
1216 812 1471 870 eiusdem
1507 813 1749 884 generis.

353 902 442 954 59.
483 897 679 952 Victus
707 898 853 951 ratio
881 895 940 950 in
969 894 1057 949 his
1086 892 1287 949 insulis
1313 892 1565 963 frugalis.
1602 892 1712 948 Dii.
1753 894 1958 949 Terrae
1976 896 2281 964 proventus

533 978 593 1031 et
627 974 910 1030 animalia.
986 972 1257 1029 Vestitus.
1336 973 1630 1030 Sacrorum
1668 975 1728 1030 et
1763 973 2022 1029 funerum
2059 975 2223 1030 ratic.

357 1065 440 1115 60.
480 1056 722 1112 Iambuli
757 1054 974 1110 reditus
1011 1054 1072 1107 in
1110 1052 1423 1111 Graeciam.

1171 1194 1324 1254 LIB.
1362 1194 1473 1255 III.

396 1301 444 1350 1.
482 1292 834 1349 Breviarium
869 1294 1038 1364 primi
1078 1297 1136 1349 et
1170 1294 1407 1349 secundi
1440 1293 1588 1349 libri.

394 1381 445 1431 2.
485 1374 827 1446 Aethiopum
865 1374 1118 1431 historia.
1185 1372 1261 1427 Hi
1298 1372 1468 1443 primi
1501 1371 1760 1429 homines
1796 1372 1969 1429 fuisse
2007 1374 2282 1443 videntur,

538 1455 738 1525 utpote
776 1455 1189 1511 autochthones
1227 1452 1449 1521 solique
1485 1452 1745 1524 proximi.
1809 1452 1985 1508 Primi
2022 1454 2158 1511 deos
2196 1472 2286 1511 co-

542 1534 795 1605 luerunt,
831 1533 1072 1603 ideoque
1112 1532 1219 1588 diis
1256 1532 1410 1604 grati
1446 1535 1505 1589 et
1540 1534 1653 1590 tuti
1689 1535 1762 1589 ab
1801 1536 2118 1591 exterarum
2155 1551 2287 1606 gen-

539 1613 684 1671 tium
719 1613 974 1685 imperio.

398 1701 448 1752 3.
489 1695 575 1749 Ex
611 1692 919 1763 Aethiopia
952 1693 1012 1749 in
1039 1693 1360 1764 Aegyptum
1397 1690 1621 1746 colonia
1658 1692 1731 1745 ab
1772 1691 1992 1748 Osiride
2027 1694 2286 1751 deducta.

541 1775 722 1838 Quare
768 1772 1064 1841 Aegyptiis
1112 1773 1243 1825 sunt
1302 1771 1532 1825 eaedem
1586 1771 1742 1840 leges
1799 1773 1857 1825 et
1906 1770 2047 1827 ritus
2094 1772 2286 1839 iidem,

541 1852 696 1906 idem
732 1850 1043 1920 scripturae
1081 1867 1273 1921 genus,
1311 1865 1512 1918 nempe
1548 1849 2053 1920 hieroglyphicum.
2119 1846 2290 1908 Sacra

542 1929 718 1986 etiam
752 1946 1058 2001 regumque
1096 1927 1345 2000 insignia
1383 1929 1597 1985 eadem.

402 2019 452 2070 4.
490 2010 575 2068 De
612 2008 819 2069 litteris
856 2009 1209 2083 Aethiopicis
1248 2008 1368 2067 sive
1403 2008 1863 2082 hieroglyphiois.

400 2099 449 2150 5.
487 2092 668 2163 Leges
702 2092 1048 2163 Aethiopum
1097 2091 1430 2162 singulares.
1496 2091 1682 2163 Reges
1720 2109 1750 2148 e
1791 2093 2175 2150 sacerdotibus
2223 2112 2289 2151 ac

543 2190 645 2244 per
665 2173 983 2228 sacerdotes
1002 2173 1295 2246 leguntur3
1324 2173 1496 2229 iidem
1516 2172 1753 2228 arbitrio
1782 2191 1880 2230 suo
1908 2173 2073 2244 nihil,
2102 2174 2293 2231 omnia

548 2270 578 2308 e
613 2251 835 2323 legibus
874 2253 1194 2307 decernunt.
1251 2251 1465 2322 Capitis
1493 2252 1748 2308 damnati
1784 2253 1896 2322 ipsi
1933 2271 1992 2308 se
2028 2255 2150 2310 vita
2176 2254 2292 2325 pri-

541 2348 675 2386 vare
715 2331 937 2386 debent.

405 2420 454 2469 6.
491 2411 636 2480 Regi
673 2411 990 2466 sacerdotes
1028 2426 1129 2478 per
1164 2409 1424 2465 nuntium
1470 2412 1710 2466 mortem
1745 2411 2042 2481 imperant.
2118 2411 2292 2482 Erga·

545 2506 735 2545 menes
770 2488 984 2559 primus
1021 2490 1169 2545 hunc
1205 2507 1369 2544 usum
1409 2490 1673 2545 abolevit.

406 2579 455 2627 7.
494 2570 666 2641 Regis
712 2568 882 2624 amici
934 2569 1137 2624 iisdem
1192 2568 1396 2639 quibus
1442 2587 1538 2625 rex
1589 2568 1937 2625 deformatur
1990 2571 2184 2627 naevis
2232 2589 2291 2628 se

550 2649 803 2706 afficiunt
840 2651 898 2704 et
934 2665 1061 2704 cum
1099 2667 1165 2706 eo
1203 2652 1444 2707 mortem
1482 2650 1706 2706 obeunt.

406 2739 456 2788 8.
494 2730 801 2798 Aethiopes
848 2732 1006 2785 extra
1048 2730 1388 2800 Aethiopiae
1438 2731 1594 2787 fines.
1668 2729 2013 2802 Aethiopum
2060 2748 2295 2802 corpora

550 2812 608 2865 et
643 2809 887 2879 ingenia.
943 2810 1133 2879 Arma,
1171 2808 1432 2878 vestitus5
1467 2810 1666 2866 victus.

409 2898 459 2947 9.
496 2889 842 2959 Aethiopum
898 2907 1069 2963 supra
1116 2890 1347 2947 Meroen
1398 2891 1643 2947 insulam
1697 2891 2081 2949 habitantium
2134 2895 2293 2949 theo-

548 2972 866 3041 logumena.
914 2970 1114 3026 Insunt
1142 2986 1368 3041 quoque
1396 2971 1567 3028 athei.
1606 2973 1770 3027 Ritus
1799 2972 2108 3042 sepeliendi
2134 2973 2294 3029 varii.

551 3051 735 3121 Reges
773 3053 964 3106 creant
998 3052 1092 3106 vel
1128 3051 1562 3107 formosissimos
1606 3051 1700 3108 vel
1743 3044 2002 3122 pastores
2049 3051 2292 3122 optimos

551 3130 646 3188 vel
683 3130 1136 3202 opulentissimos
1173 3130 1266 3187 vel
1301 3132 1631 3187 fortitudine
1667 3130 2112 3201 probatissimos.

381 3219 466 3268 10.
504 3210 588 3265 De
635 3210 865 3280 regione
911 3210 1256 3267 fertilissima
1302 3215 1362 3267 et
1395 3210 1794 3266 amoenissima
1841 3213 2059 3267 certant
2094 3212 2294 3281 Libyes

553 3291 613 3345 et
645 3290 970 3362 Aethiopes.
1045 3290 1488 3362 Elephantorum
1525 3292 1584 3347 et
1621 3290 1926 3345 draconum
1971 3293 2295 3349 certamina.

379 3373 460 3421 11.
499 3367 781 3425 Recensus
819 3369 1153 3441 scriptorum
1190 3389 1377 3427 rerum
1412 3369 1896 3441 Aethiopicamm.

381 3450 624 3497 12.-14.
665 3448 910 3504 Fodinae
941 3449 1195 3505 aurariae
1223 3450 1282 3505 in
1313 3451 1564 3506 confiniis
1591 3450 1840 3521 Aegypti
1876 3451 1934 3507 et
1959 3452 2200 3509 Arabiae
2239 3453 2298 3508 et
