2569 4061
696 382 792 438 DE
831 380 1176 437 SERMONE
1213 380 1605 439 DIODOREO.
1742 380 1753 392 ‘
1886 381 2118 437 XXXIX

179 548 296 611 τὸν
342 547 963 629 ἐναντιωθησόμενον,
1017 548 1179 626 quod
1224 552 1435 627 scripsi
1479 547 2006 627 ἐναντιωσόμενον,
2051 552 2122 609 111,

183 652 294 724 19,
347 651 413 722 5,
459 652 500 708 4
574 643 760 727 μηδὲν
829 645 1384 726 ἐναντιωθήσεσθαι
1456 655 1523 730 τῇ
1593 647 1957 732 δημοκρατίᾳ
2021 668 2116 709 re·

177 745 370 822 posui
414 743 902 822 ἐναντιώσεσθαι,
965 745 1192 805 abolito
1247 746 1487 821 vulgari
1549 739 1800 827 viti0,*)
1869 747 1943 806 de
1998 764 2117 822 quo

335 898 386 967 ³¹⁸)
422 915 528 954 1186
573 896 870 967 quisquam
913 897 1025 952 hoc
1069 898 1222 952 recte
1269 896 1485 952 factum
1523 895 1825 966 dubitabit,
1871 897 1983 951 nisi
2020 896 2119 967 qui

184 978 374 1034 etiam
400 978 732 1048 Dionysium
766 981 835 1032 A.
872 978 938 1032 R.
981 983 1029 1046 1,
1069 982 1154 1045 59,
1193 976 1306 1033 vol.
1339 983 1387 1047 1,
1426 995 1479 1047 p.
1522 981 1651 1046 151,
1701 981 1786 1046 11,
1822 977 1920 1031 ubi
1955 976 2117 1032 Vati-

178 1075 364 1114 canus
402 1053 970 1127 ἕναντιωθησομένου
1008 1059 1195 1112 mutat
1229 1056 1291 1111 in
1328 1053 1833 1126 ἐναντιωσομένου,
1861 1058 1920 1111 81,
1948 1060 2000 1126 6,
2030 1063 2116 1125 62,

176 1139 299 1196 vol.
340 1144 391 1207 2,
426 1155 483 1207 p.
515 1143 671 1207 1181,
710 1143 761 1204 3,
798 1137 897 1193 ubi
933 1133 1434 1206 ἕναντιωθήσεσθε
1483 1137 1543 1191 111
1580 1132 2025 1192 ἐναντιώσεσθε·
2065 1143 2125 1212 3,

178 1227 275 1288 23,
331 1218 444 1274 vol.
486 1223 534 1287 1,
590 1236 645 1287 p.
682 1222 806 1285 481,
846 1221 906 1285 4,
951 1216 1051 1271 ubi
1105 1233 1297 1272 omnes
1354 1213 1783 1291 ἐναντιώσεται,
1838 1218 1905 1271 111,
1940 1222 1993 1285 3,
2032 1221 2117 1284 72,

174 1319 236 1370 p.
261 1304 406 1366 ‘595,
444 1304 507 1364 23
547 1303 600 1365 4,
641 1303 725 1365 10,
763 1297 874 1353 vol.
904 1302 955 1365 2,
993 1315 1049 1366 p.
1089 1302 1210 1364 661,
1250 1301 1343 1364 133
1382 1302 1432 1364 6,
1471 1302 1557 1364 38,
1594 1314 1650 1366 p.
1691 1301 1847 1362 1127,
1891 1300 1983 1364 105
2029 1301 2122 1364 48,

174 1398 235 1450 p.
283 1383 440 1446 1148,
481 1383 574 1445 12,
615 1383 700 1448 65,
737 1395 794 1447 p.
837 1381 993 1444 1189,
1032 1382 1090 1440 33
1130 1381 1216 1444 69,
1252 1394 1305 1445 p.
1348 1381 1503 1444 1197,
1536 1383 1589 1444 13
1631 1381 1716 1445 75,
1755 1394 1809 1445 p.
1843 1380 2117 1446 1211,13;

175 1465 275 1529 85,
310 1478 367 1529 p.
400 1465 565 1525 1236,
615 1463 681 1512 16
721 1457 844 1526 (ubi
888 1455 1016 1527 Vat,
1057 1450 1653 1526 ἐναντιωθησόμεθα);
1710 1463 1758 1523 7,
1790 1462 1875 1525 50,
1913 1455 2026 1512 vol.
2066 1462 2118 1523 3,

172 1557 233 1608 p.
281 1543 438 1607 1424,
479 1544 571 1603 16;
612 1541 661 1605 8,
700 1542 786 1604 31,
824 1554 880 1606 p.
923 1540 1078 1602 1574,
1136 1540 1186 1603 9,
1234 1536 1340 1603 sic,
1390 1537 1488 1590 sed
1523 1535 1886 1591 nihilominus
1938 1543 1990 1604 4,
2030 1541 2116 1605 51,

173 1618 294 1673 vol.
335 1624 385 1685 2,
434 1634 489 1686 p.
532 1621 653 1682 766,
697 1621 781 1684 13,
837 1615 1012 1669 semel
1057 1613 1343 1683 scripsisse
1392 1616 1555 1684 putet
1610 1611 2113 1685 ἐναντιωθήσεται,

176 1699 340 1766 quod
393 1697 492 1748 hic
549 1697 638 1747 est
689 1695 750 1747 in
798 1692 920 1761 ipso
959 1693 1258 1762 Vaticano,
1303 1696 1368 1747 ut
1413 1695 1563 1762 apud
1600 1693 1874 1750 Galenum
1909 1695 2021 1751 vol.
2065 1701 2114 1764 1,

170 1795 232 1846 p.
279 1781 408 1842 220,
449 1781 480 1828 6
516 1772 669 1841 Lips.
743 1772 899 1838 Quae
937 1771 1246 1838 sufficiunt,
1282 1771 1505 1841 opinor,
1556 1773 1628 1826 ad
1672 1772 1938 1828 librorum
1981 1775 2116 1830 Dio-

172 1854 311 1910 dori
351 1867 680 1908 consensum
716 1851 776 1905 in
813 1851 920 1906 hac
955 1851 1140 1904 forma
1183 1867 1297 1905 non
1350 1851 1536 1908 minus
1573 1851 1908 1906 elevandum
1945 1871 2115 1920 quam

173 1935 239 1989 in
281 1933 430 2002 aliis,
470 1932 570 1987 ubi
605 1932 770 1988 modo
799 1930 1026 1988 variant
1051 1931 1218 1987 modo
1247 1929 1620 2000 consentiunt,
1659 1931 1767 1986 etsi
1793 1930 1944 1986 idem
1973 1931 2117 1988 illud

175 2010 724 2083 ἐναντιωθήσεσθαι
775 2015 862 2070 881,
909 2011 970 2068 in
1018 2010 1261 2083 epistola
1296 2011 1564 2067 Antiochi
1608 2012 1761 2085 regis
1810 2027 1878 2067 ex
1907 2010 2114 2083 'lapide

174 2094 342 2149 edita
377 2096 641 2151 Archives
676 2096 769 2151 des
803 2096 1056 2172 missions
1091 2094 1454 2162 scientifiques
1498 2099 1550 2149 et
1594 2094 1913 2163 litter-airas,
1951 2096 2115 2151 deux.

179 2178 289 2231 se'r.
318 2180 356 2230 t.
387 2181 435 2243 3,
475 2176 567 2231 liv.
599 2182 649 2242 3,
681 2181 836 2244 1867,
864 2177 948 2244 pl.
979 2180 1028 2243 3,
1068 2193 1120 2229 v.
1153 2177 1244 2227 14:
1288 2170 1405 2227 Τὸν
1444 2172 1507 2229 δὲ
1540 2170 2117 2245 ἔναντιωθησόμενόν

1 2312 2 2335 ¹
64 2253 69 2259 ’
180 2272 299 2309 τισι
333 2256 447 2310 τῶν
481 2254 1000 2325 προγεγραμμένων
1039 2251 1237 2321 ἔνοχον
1269 2250 1419 2307 εἶναι
1458 2250 1708 2327 ἀσεβείᾳ,
1737 2255 1889 2323 quod
1924 2255 2112 2308 utrum

178 2333 336 2388 recte
383 2334 596 2389 habeat
639 2352 713 2388 an
766 2333 932 2387 fallat
987 2334 1053 2386 ut
1103 2332 1255 2402 quod
1307 2331 1575 2385 continuo
1632 2333 1912 2401 sequitur:
1960 2323 2112 2386 Ἀνα-

175 2414 488 2483 »γραφῆναί
519 2433 579 2468 τε
619 2412 717 2469 καὶ
754 2410 824 2468 τὰ
869 2410 1196 2483 ἀντίγραφα
1235 2406 1299 2466 ἐν
1337 2408 1505 2482 στήλῃ
1544 2412 1736 2483 λιθίνῃ
1776 2429 1879 2481 pro
1919 2409 1983 2465 δὲ
2013 2411 2114 2466 ’καὶ

179 2490 242 2546 in
282 2493 467 2549 medio
505 2494 781 2562 relinqu0.
857 2491 1000 2547 Sunt
1027 2491 1176 2546 enim
1213 2491 1535 2546 huiusmodi
1573 2509 1711 2560 quos
1753 2492 1959 2547 dixeris
1996 2491 2110 2547 Ma-

180 2572 492 2627 cedonismi
546 2574 728 2628 multo
761 2571 1118 2642 antiquioris
1174 2588 1343 2642 saepe
1410 2571 1640 2641 originis
1696 2589 1863 2643 quam
1919 2575 1988 2627 ut
2038 2573 2110 2628 ab

179 2651 429 2708 librariis
478 2653 738 2709 codicum
783 2653 1146 2723 superstitum
1190 2652 1411 2722 possint
1457 2652 1568 2706 dici
1620 2653 1887 2722 profecti,
1934 2670 2108 2723 quan-

179 2731 393 2787 tumvis
447 2733 809 2803 scriptoribus
863 2731 1155 2788 meliorem
1213 2731 1575 2800 sequentibus
1632 2731 1935 2787 dialectum
1997 2751 2112 2789 non

181 2810 299 2865 sint
333 2813 634 2881 tribuendi,
670 2815 736 2868 ut
772 2813 922 2881 quod
967 2828 1074 2883 ego
1119 2825 1301 2881 neque
1337 2811 1573 2881 Polybio
1624 2828 1802 2881 neque
1840 2813 2108 2884 Diodoro,

184 2892 279 2945 cui
330 2894 503 2947 semel
553 2892 614 2945 in
663 2892 798 2948 Exc.
849 2892 978 2947 Vat.
1016 2910 1071 2962 p.
1110 2898 1178 2947 39
1232 2895 1340 2962 (10,
1380 2897 1466 2959 32,
1510 2896 1559 2961 1)
1612 2895 1699 2947 est
1742 2891 1993 2964 illatum,
2043 2896 2110 2949 ut

181 2971 476 3029 Aristoteli
529 2974 588 3028 et
637 2972 928 3041 Straboni,
983 2989 1220 3041 quorum
1268 2973 1425 3042 ipsae
1491 2971 1747 3027 codicum
1803 2972 2108 3031 varietates

181 3051 439 3108 fraudem
495 3054 842 3123 redarguunt
859 3096 873 3122 ‚
939 3054 1172 3108 verbum
1236 3051 1507 3122 σιταρχέω
1575 3054 1632 3107 81,
1695 3055 2106 3111 substantivum

183 3134 445 3202 σιταρχία
479 3148 582 3202 pro
627 3131 828 3187 iisdem
865 3149 968 3202 per
1002 3152 1037 3185 κ
1075 3132 1324 3202 scriptiS,
1372 3132 1438 3186 ut
1480 3135 1825 3202 πανδοχεῖον
1872 3138 1931 3190 81,
1966 3154 2106 3190 παν-

183 3210 388 3281 δοκεὺς
431 3211 580 3280 apfid
627 3211 926 3281 Polybium
973 3210 1180 3281 partim
1216 3229 1319 3281 per
1363 3232 1398 3266 κ
1433 3210 1638 3282 partim
1686 3228 1788 3283 per
1824 3234 1858 3283 χ
1895 3216 2108 3284 scripta

181 3290 306 3361 ipse
357 3292 591 3354 exhibet,
621 3291 926 3347 Vaticanus
945 3333 958 3360 ‚
1010 3293 1208 3347 eadem
1249 3291 1428 3347 forma
1478 3294 1735 3362 σιταρχία
1780 3294 1865 3348 bis
1917 3297 2001 3349 est
2046 3294 2108 3347 in

181 3388 393 3441 papyro
431 3372 756 3427 Ptolemaeo
797 3374 855 3427 et
891 3371 1223 3441 Cleopatrae
1259 3369 1488 3441 regibus
1524 3372 1774 3441 Aegypti
1818 3372 2013 3427 oblata
2049 3374 2108 3426 in

183 3449 323 3505 Maii
361 3450 533 3505 Class.
570 3452 731 3507 Auct.
771 3452 882 3506 vol.
922 3457 971 3520 5,
1009 3470 1062 3521 p.
1103 3456 1224 3519 356,
1265 3457 1358 3519 14,
1397 3454 1519 3516 358,
1548 3454 1635 3516 28,
1674 3450 1774 3504 sed
1808 3449 1870 3501 in
1908 3450 2103 3502 eadem

183 3536 306 3601 356,
346 3536 412 3583 11
453 3533 514 3585 et
549 3536 634 3598 12,
673 3531 922 3587 activum
959 3532 1337 3601 καταχαρίσαι
1374 3533 1444 3585 81,
1471 3525 1919 3597 ἒπιχαρίσαντος,
1958 3527 2103 3593 quod

183 3625 252 3663 ex
307 3608 631 3679 Byzantinis
688 3613 910 3666 tantum
975 3610 1342 3680 scriptoribus
1400 3607 1714 3677 cognitum,
1770 3607 1827 3657 et
1878 3605 1937 3655 in
1993 3604 2108 3655 alia

183 3702 237 3757 p.
277 3693 380 3748 603
432 3689 532 3744 ult.
590 3685 999 3763 ἔλαμβᾶνοσαν,
1053 3693 1112 3744 et
1149 3694 1270 3755 604,
1312 3693 1360 3756 1,
1413 3683 1723 3747 ἅντιλῆψαι
1774 3680 1853 3745 (eb
1896 3680 2005 3731 vol·
2056 3685 2107 3738 4,
