2569 4061
412 145 507 199 LII
1147 142 1578 199 PRAEFATIO.

411 313 670 393 εὕρημα,
735 312 893 389 quod
952 315 1045 370 est
1096 311 1161 370 in
1216 311 1495 371 omnibus
1544 314 1601 386 3,
1635 313 1872 389 62,10,
1918 315 1981 370 et
2030 314 2265 386 12,16,
2299 315 2339 371 4

411 408 841 491 εὑρησιλογίαις
875 428 984 485 pro
1032 404 1453 487 εὖρεσιλογίαις
1492 399 1597 488 (cf.
1629 411 1685 484 1,
1715 409 1819 482 37,
1851 410 1920 484 9,
1961 410 2231 485 17,116,
2254 402 2342 487 4).

584 503 970 585 Ἐπιμέλομαι
1016 527 1204 585 quum
1253 507 1336 567 sit
1381 507 1445 565 in
1491 505 1767 564 omnibus
1809 508 1867 581 1,
1898 507 2000 578 62,
2032 507 2099 581 5,
2152 509 2207 581 1,
2239 508 2341 582 67,

415 607 471 679 8,
519 608 582 664 81
625 607 690 663 in
734 623 852 664 uno
900 595 1008 685 (E)
1062 606 1255 682 1,15,
1284 605 1346 678 4,
1391 607 1454 664 81
1497 603 1561 661 in
1617 601 1845 678 optimo
1895 594 2009 682 (D)
2061 605 2119 677 2,
2148 603 2253 676 45,
2282 605 2341 678 4,

409 701 675 762 Diodoro
723 704 1071 762 constanter
1114 720 1248 762 esse
1293 699 1665 760 reddendum
1720 703 1997 775 apparet,
2057 700 2172 759 etsi
2219 696 2343 760 ἑπι-

410 803 727 877 μελοῦνται
786 818 990 860 omnes
1041 801 1098 877 3,
1127 801 1232 877 42,
1267 800 1336 876 4,
1399 794 1850 875 ἐπιμελούμενοι
1898 801 1954 874 1,
1986 799 2088 873 83,
2122 800 2188 873 2,
2241 802 2343 872 11,

413 899 614 980 87,-4,
671 894 1076 974 ἐπιμελεῖσθαι
1124 899 1223 969 19,
1258 896 1363 973 95,
1395 900 1453 973 7,
1500 898 1572 955 ut
1629 895 1907 955 omittam
1957 896 2013 968 8,
2049 900 2105 970 1,
2134 897 2192 973 2,
2238 895 2343 955 ubi

409 995 627 1070 reliqui
674 991 1104 1070 ἐπιμελεῖσθαι,
1160 996 1455 1068 tanquam
1500 993 1576 1052 ab
1624 993 1924 1069 eclogario
1974 993 2152 1055 aliter
2195 993 2344 1053 haec

415 1093 825 1152 conformante
852 1090 1134 1167 positum,
1164 1090 1281 1150 etsi
1310 1090 1530 1150 sustuli
1557 1086 1941 1167 ἐπιμελῶνται
1966 1090 2050 1152 ib.
2078 1093 2146 1167 33
2183 1091 2341 1151 idem

413 1187 573 1248 cadit
616 1189 681 1246 in
727 1182 1137 1266 μεταμέλομαι.

591 1284 937 1361 Composita
982 1304 1118 1345 cum
1163 1281 1290 1357 ἔτος
1337 1285 1454 1345 etsi
1500 1289 1744 1348 servant
1789 1287 2143 1363 plerumque
2181 1307 2221 1344 α
2257 1286 2342 1343 111-

418 1383 797 1460 terpositum,
826 1385 1029 1443 tamen
1048 1383 1208 1459 quod
1230 1385 1287 1457 2,
1307 1384 1411 1457 55,
1428 1384 1465 1442 3
1487 1383 1553 1443 in
1569 1383 1916 1444 melioribus
1937 1387 2031 1443 est
2058 1376 2338 1461 τριάκοντ’

412 1478 509 1558 ἔτη
555 1500 665 1556 pro
710 1487 1219 1560 τριακονταετοῦς,
1275 1481 1534 1557 prodere
1593 1482 1835 1542 videtur
1879 1475 2342 1560 τριακοντέτους,

412 1581 483 1638 111
518 1577 902 1657 πεντετηρίδα
936 1599 1047 1655 pro
1083 1577 1511 1656 πενταετηρίδα
1556 1582 1651 1639 881
1685 1579 1749 1639 in
1784 1598 1902 1638 uno
1942 1571 2053 1660 (E)
2096 1580 2339 1655 5,32,6.

595 1674 913 1753 Εὐθηνεῖν
947 1679 1008 1749 4,
1040 1679 1142 1752 80,
1173 1677 1232 1748 4,
1279 1676 1658 1735 scribendum
1694 1694 1826 1735 esse
1864 1672 2139 1736 εὐθενεῖν
2174 1676 2344 1750 ipsae

411 1776 704 1834 librorum
758 1774 1084 1833 varietates
1147 1767 1373 1852 (εὐθιν.
1408 1771 1483 1846 D,
1520 1769 1717 1831 ἐσθεν.
1757 1771 1820 1844 Ο,
1866 1768 2082 1848 εὖθην.
2119 1765 2196 1851 F)
2252 1772 2342 1830 ita

410 1870 674 1947 produnt
719 1872 789 1927 ut
839 1869 999 1943 apud
1045 1868 1196 1928 alios
1233 1868 1551 1943 plerosque
1589 1866 1806 1942 quibus
1842 1866 2085 1926 illatum
2119 1889 2176 1944 η.
2249 1869 2342 1928 De

411 1986 529 2045 quo
576 1966 698 2026 dixi
745 1965 823 2025 ad
870 1964 1262 2042 Stephanum.

571 2060 735 2137 'Eme
773 2084 959 2143 quum
998 2064 1081 2124 sit
1116 2064 1362 2143 ubique,
1406 2064 1554 2124 ferri
1596 2081 1717 2124 non
1751 2061 1952 2140 potuit
1990 2063 2175 2123 semel
2212 2062 2343 2123 illa-

410 2166 545 2222 tum
586 2165 641 2239 1,
673 2165 775 2238 32,
808 2165 844 2222 5
892 2158 1002 2238 τὴν
1046 2158 1157 2239 ἠῶ.

579 2209 788 2319 Ἡλίου
825 2257 1016 2335 πόλις,
1052 2278 1174 2319 non
1199 2253 1602 2336 Ηλιούπολις,
1641 2260 1951 2335 scripsisse
1977 2260 2173 2322 videri
2199 2259 2341 2319 Dio-

412 2356 626 2415 dorum
673 2356 906 2414 dicetur
948 2355 1109 2413 infra
1154 2356 1218 2414 in
1263 2351 1397 2415 Νέα
1440 2353 1627 2427 πόλις.

579 2446 1001 2530 Ἡρακλεωτῶν
1028 2472 1215 2527 quum
1244 2453 1654 2530 8111581,5,
1690 2455 1788 2525 18,
1811 2396 1914 2530 56,
1933 2454 2001 2529 5,
2034 2455 2135 2528 20,
2152 2453 2256 2528 56,
2274 2454 2341 2529 3,

416 2551 698 2624 20,109,
733 2551 791 2626 6,
835 2548 984 2608 ferri
1018 2568 1139 2608 non
1174 2549 1380 2626 potuit
1404 2542 1824 2628 Ηρακλειῶται
1865 2551 1965 2625 14,
1997 2551 2101 2623 31,
2134 2552 2188 2626 1,
2236 2499 2342 2609 ubi,

415 2649 673 2708 alterum
691 2645 820 2707 est
802 2665 866 2706 111
883 2646 1054 2707 libris
1071 2647 1397 2724 nonnullis,
1412 2640 2032 2726 8111“Ηρακλειωτικῶν
2050 2650 2201 2726 26,1
2212 2649 2269 2725 3,
2285 2651 2339 2709 1.

600 2743 841 2821 Θάμνος
896 2744 1013 2804 8181
1068 2763 1288 2821 genere
1344 2745 1629 2806 feminino
1695 2748 1789 2806 est
1839 2748 1895 2822 2,
1927 2747 2031 2823 49,
2062 2748 2099 2806 3
2149 2744 2343 2825 χόρτοι

415 2839 516 2902 καὶ
553 2841 783 2920 θάμνοι
817 2841 1063 2921 βαθεῖαι
1114 2849 1394 2902 τοσαῦται
1429 2840 1789 2921 πεφύκασιν,
1835 2844 1940 2904 ubi
1975 2844 2074 2904 vel
2111 2843 2343 2921 θάμναι

558 3033 764 3100 Εὖθύς
792 3038 926 3092 ante
954 3037 1210 3093 vocalem
1236 3044 1288 3108 4,
1309 3045 1396 3107 36,
1418 3043 1477 3104 4,
1505 3045 1558 3108 4,
1578 3044 1665 3108 51,
1685 3044 1744 3106 ὅ,
1775 3041 1907 3095 ante
1936 3040 2340 3093 consonantem

414 3126 468 3187 4,
496 3125 585 3187 49,
615 3123 674 3185 ὅ,
728 3112 878 3172 εὐθύ
918 3119 1050 3174 ante
1090 3121 1493 3175 consonantem
1532 3125 1582 3188 2,
1615 3125 1697 3187 12,
1728 3125 1790 3187 2,
1828 3126 1880 3186 3,
1911 3123 1960 3186 5,
1994 3124 2048 3184 1,
2086 3124 2137 3187 4,
2166 3124 2253 3186 38,
2283 3125 2341 3184 4,

416 3203 467 3264 4,
498 3198 896 3345 *iqhzglffipm
946 3274 1110 3345 ἕψειν
1147 3283 1198 3345 3,
1228 3283 1315 3346 62,
1346 3283 1403 3344 7,
1441 3284 1491 3345 4,
1522 3282 1608 3344 52,
1638 3285 1696 3343 3,
1738 3276 2157 3348 καθεψόμενος
2193 3279 2254 3334 111
2290 3278 2340 3333 D

419 3358 469 3420 1,
498 3359 584 3419 40,
616 3362 672 3419 7;
712 3350 964 3424 ἕψῶντες
998 3355 1060 3410 in
1098 3356 1185 3411 CF
1217 3362 1267 3426 1,
1299 3363 1383 3423 84,
1414 3362 1447 3411 5
1484 3358 1591 3411 etc.

565 3431 992 3502 Θρυλλούμενον
1029 3451 1131 3504 pro
1168 3433 1564 3506 θρυλούμενον
1603 3452 1793 3492 omnes
1830 3443 1880 3504 3,
1910 3443 1996 3506 37,
2032 3444 2078 3493 9.
