2569 4061
1057 418 1084 471 Ι
1120 423 1205 472 41.
2015 417 2103 483 73

175 583 251 650 τὸ
304 582 661 668 γινόμενον
713 582 873 665 περί
918 603 1106 657 τινας
1160 582 1405 657 τόπους
1458 590 1574 665 τῆς
1627 576 1874 660 Ἄσίας·
1937 582 2106 668 πρὸς

179 683 301 771 μὲν
345 688 472 773 γὰρ
519 698 659 764 τοῖς
703 687 888 771 ὅροις
923 694 1040 770 τῆς
1078 689 1387 764 Σκυθίας
1423 696 1562 765 τοῖς
1607 689 1772 772 πρὸς
1805 689 1881 754 τὸ
1918 690 2105 754 Καυ-

174 794 411 860 κάσιον
467 794 621 879 ὄρος
677 793 1121 878 συνάπτουσι,
1186 793 1730 880 παρεληλυθότος
1790 795 1919 878 ἤδη
1979 804 2105 861 τοῦ

173 911 516 985 χειμῶνος,
561 897 719 968 καθ’
771 898 1052 967 ἕκαστον
1097 903 1243 978 ἔτος
1286 902 1604 985 νιφετοὺς
1642 898 1969 979 ἐξαισίους
2004 904 2105 984 γί-

121 1024 147 1065 5
170 1013 417 1085 Δνεο·θαι
457 1018 752 1092 συνεχῶς
790 1004 896 1074 ἐπὶ
942 1008 1193 1084 πολλὰς
1227 1004 1496 1093 ἡμέρας,
1545 1004 1619 1071 ἐν
1656 1002 1730 1071 δὲ
1766 1014 1908 1084 τοῖς
1939 1007 2107 1093 πρὸς

175 1100 429 1201 βορρᾶν
466 1111 942 1201 ἐστραμμένοις
976 1111 1205 1198 μέρεσι
1239 1101 1356 1197 τῆς
1395 1110 1676 1198 Ἰνδικῆς
1713 1110 2107 1200 ὡρισμένοις

69 1242 136 1291 51
177 1232 433 1308 καιροῖς
468 1219 582 1287 καὶ
616 1221 905 1305 χάλαζαν
943 1220 1223 1286 ἄπιστον
1250 1221 1326 1286 τὸ
1364 1218 1649 1306 μέγεθος
1683 1218 1795 1286 καὶ
1831 1219 1908 1284 τὸ
1945 1223 2107 1303 πλῆ-

173 1333 303 1405 θος
346 1328 797 1414 καταράττειν,
842 1326 955 1396 καὶ
999 1325 1154 1414 περὶ
1198 1324 1321 1411 μὲν
1366 1329 1484 1395 τὸν
1525 1325 1861 1412 “1Ὸάσπην
1904 1348 2110 1393 ποτα-

173 1436 301 1518 μὸν
348 1432 722 1520 ἀρχομένου
766 1434 1016 1520 θέρους
1075 1444 1377 1518 συνεχεῖς
1429 1436 1721 1521 ὄμβρους
1765 1437 2105 1518 γίνεσθαι,

93 1559 149 1599 10
174 1541 339 1607 κατὰ
397 1538 471 1605 δὲ
529 1541 652 1623 τὴν
707 1542 1080 1606 Αἰθιοπίαν
1139 1538 1292 1623 μεθ’
1356 1539 1602 1626 ἡμέρας
1663 1543 1848 1619 τινὰς
1900 1541 2103 1607 ταύτὸ

174 1649 605 1731 συμβαίνειν,
662 1644 775 1710 καὶ
828 1646 1077 1729 ταύτην
1123 1645 1247 1728 τὴν
1299 1646 1688 1731 περίστασιν
1740 1647 2104 1733 κυκλουμέ-

174 1775 306 1834 νην
353 1749 454 1815 ἀεὶ
499 1752 659 1827 τοὺς
698 1761 995 1835 συνεχεῖς
1029 1752 1275 1828 τόπους
1312 1752 1657 1835 χειμάζειν.
1740 1750 1942 1819 οὐδὲν
1979 1748 2104 1819 οὖν
2141 1777 2178 1827 8

177 1851 356 1921 εἶναι
391 1855 774 1942 παράδοξον
812 1857 875 1922 εἰ
906 1854 1019 1922 καὶ
1053 1847 1220 1922 κατὰ
1254 1857 1380 1941 τὴν
1407 1859 1782 1922 Αἰθιοπίαν
1817 1859 1942 1941 τὴν
1976 1882 2106 1923 κει-

174 1959 389 2049 μένην
431 1958 601 2050 ὑπὲρ
646 1963 996 2047 Αἰγύπτου
1050 1974 1352 2049 συνεχεῖς
1405 1962 1480 2030 ἐν
1533 1974 1674 2042 τοῖς
1728 1964 1955 2050 ὄρεσιν
1992 1965 2108 2049 όμῑ

90 2089 145 2130 15
174 2072 330 2156 βροι
409 2069 926 2156 καταράττοντες
999 2070 1073 2136 ἐν
1144 2081 1235 2159 τῷ
1309 2069 1503 2157 θέρει
1584 2076 1916 2159 πληροῦσι
1987 2071 2108 2136 τὸν

173 2181 495 2262 ποταμόν,
541 2178 757 2256 ἄλλως
801 2200 871 2243 τε
918 2176 1029 2244 καὶ
1075 2187 1191 2262 τῆς
1228 2177 1575 2264 ἐναργείας
1620 2178 1824 2262 αὐτῆς
1860 2201 2106 2262 μαρτυ-

176 2282 506 2369 ρουμένης
541 2284 671 2350 ὑπὸ
708 2294 846 2349 τῶν
871 2282 1024 2369 περὶ
1061 2287 1220 2362 τοὺς
1254 2287 1503 2361 τόπους
1540 2285 1910 2350 οἰκούντων
1947 2287 2107 2369 βαρ-

175 2391 421 2475 βάρων.
514 2391 578 2455 εἰ
635 2386 709 2455 δὲ
762 2400 905 2467 τοῖς
948 2387 1110 2476 παρ’
1162 2390 1326 2475 ἡμῖν
1370 2387 1750 2474 γινομένοις
1795 2388 2105 2477 ἐναντίαν
2141 2414 2177 2464 9

177 2499 308 2582 ἔχει
353 2498 434 2561 τὰ
480 2498 803 2581 λεγόμενα
848 2497 1091 2581 φύσιν,
1153 2496 1235 2563 οὐ
1293 2497 1405 2562 διὰ
1449 2493 1632 2562 τοῦτ’
1685 2494 2107 2580 ἀπιστητέον·

91 2621 150 2663 20
176 2601 289 2666 καὶ
333 2604 479 2689 γὰρ,
505 2604 625 2669 τὸν
669 2605 872 2669 νότον
927 2599 1083 2689 παρ’
1135 2602 1298 2687 ἡμῖν
1352 2599 1475 2688 μὲν
1529 2598 1702 2668 εἶναι
1746 2601 2103 2689 χειμέριον,

178 2704 329 2794 περὶ
375 2705 449 2774 δὲ
501 2710 625 2792 τὴν
672 2711 1046 2775 Αἰθιοπίαν
1092 2714 1369 2795 αἴθριον
1413 2708 1769 2797 ὑπάρχειν,
1823 2707 1936 2775 καὶ
1988 2712 2105 2788 τὰς

177 2816 484 2900 βορείους
519 2816 730 2892 πνοὰς
764 2812 917 2901 περὶ
960 2811 1081 2898 μὲν
1116 2816 1241 2900 τὴν
1276 2815 1614 2903 Εὐρώπην
1659 2817 1978 2893 εὐτόνους
2014 2813 2104 2883 εἶ-

50 3003 53 3006 ,
175 2945 311 3005 ναι,
349 2918 490 2987 κατ’
535 2920 799 3006 ἐκείνην
835 2918 910 2987 δὲ
938 2923 1062 3005 τὴν
1088 2922 1315 3008 χώραν
1352 2923 1643 3008 βληχρὰς
1674 2922 1784 2990 καὶ
1823 2922 2105 3001 ἀτόνους

178 3025 317 3108 [καὶ
359 3033 698 3105 παντελῶς
744 3027 1101 3110 ἀσθενεῖς].

92 3171 147 3213 25
356 3133 491 3200 Καὶ
536 3134 688 3220 περὶ
733 3131 856 3219 μὲν
901 3143 1015 3219 τῆς
1058 3136 1460 3220 πληρώσεως
1503 3144 1625 3201 τοῦ
1661 3138 1939 3218 Νείλου,
1989 3136 2105 3199 δυ-
2143 3156 2215 3205 10

177 3243 456 3327 νάμενοι
501 3242 979 3327 ποικιλώτερον
1026 3241 1361 3308 ἀντειπεῖν
1411 3243 1578 3329 πρὸς
1622 3243 1915 3317 ἅπαντας
1925 3287 1944 3321 ,
1991 3238 2106 3321 ἆρ-

175 3403 354 3538 vulg?
394 3392 833 3539 ³2⁰⁶}{222’zzffv
843 3391 2106 3545 Qssssoffihssffi'f'bvn12⁷kv42272c22⁶fflf<3²0²32

177 3554 317 3595 corr.
338 3540 517 3594 WeSS.
628 3544 698 3593 24
734 3538 833 3594 καὶ
860 3541 1149 3602 παντελῶς
1185 3533 1484 3602 ἀσθενεῖς·
1523 3537 1744 3607 ρώσεως
1780 3552 1882 3589 του
1916 3532 2106 3615 ν’·είλου

177 3609 301 3679 (καὶ
339 3609 469 3680 περὶ
649 3613 759 3680 πλη
798 3608 858 3665 in
894 3609 1152 3681 margine
1179 3609 1332 3678 add.)
1359 3610 1436 3676 D;
1473 3609 1570 3662 καὶ
1605 3603 1893 3664 παντελῶς
1930 3603 2107 3654 ασθε-

176 3685 296 3744 νεῖς
336 3696 442 3737 om.
483 3608 696 3736 &zm
