2569 4061
422 229 575 284 LXX
1169 226 1604 285 PRAEFATIO.

600 393 940 473 Σαλπικτὴς
984 416 1095 474 pro
1143 392 1500 476 σαλπιγκτὴς
1534 396 1777 456 restitui
1829 414 1900 456 ex
1945 396 2118 456 libris
2160 400 2217 474 3,
2250 399 2353 473 37,

423 499 482 570 3,
531 498 740 555 contra
784 495 970 555 libros
1021 498 1122 573 13,
1151 497 1257 572 45,
1288 495 1326 552 8
1377 485 1473 575 (at
1519 492 1832 553 σαλπικταί
1862 485 1967 573 Ρ),
2019 496 2119 571 13,
2152 496 2254 571 77,
2288 497 2354 570 6,

425 593 527 666 13,
558 593 661 667 99,
693 596 758 665 1,
811 593 911 669 15,
943 588 1046 667 87,
1078 595 1115 651 2
1156 584 1526 672 (σαλπίγγων
1562 582 1669 671 Ρ),
1720 593 1821 669 16,
1853 593 1956 666 84,
1987 593 2055 668 3,
2106 594 2207 667 17,
2246 593 2348 668 33,

423 690 491 764 4,
553 690 884 768 17,58,1,
935 694 1037 767 17,
1067 691 1172 767 86,
1203 691 1268 766 5,
1321 692 1422 765 19,
1452 691 1511 767 4,
1544 691 1609 767 6,
1663 692 1764 764 19,
1796 692 1854 764 6,
1884 692 1952 764 5,
2018 692 2119 766 19,
2151 691 2253 764 30,
2287 694 2353 765 1,

427 788 524 859 19,
558 787 659 863 41,
692 789 758 864 3,
807 790 908 866 20,
946 790 1001 864 7,
1031 790 1101 863 4,
1149 787 1222 847 cf.
1269 785 1531 867 φάρυγα.

598 884 913 962 Σημαίνω·
955 885 1248 944 aoristum
1304 884 1465 969 apud
1510 884 1844 944 Diodorum
1896 885 2084 943 habet
2136 903 2246 960 per
2290 906 2353 961 η,

419 999 540 1040 non
584 1001 692 1057 per
738 1005 806 1059 α,
854 982 1014 1058 quod
1062 985 1155 1042 est
1198 981 1504 1042 interdum
1548 982 1613 1041 in
1656 981 1857 1058 libris,
1905 981 2227 1058 scriptum,
2282 985 2354 1040 ut

422 1097 607 1154 supra
653 1079 776 1137 dixi
823 1079 896 1138 de
940 1078 1234 1159 καθαίρω.

599 1174 855 1251 Σφάττω
922 1196 1106 1253 quum
1171 1177 1250 1235 sit
1308 1178 1363 1250 3,
1408 1179 1507 1254 18,
1550 1179 1615 1253 5,
1676 1180 1775 1250 19,
1811 1178 1869 1255 8,
1902 1178 1966 1253 5,
2027 1179 2126 1250 37,
2163 1179 2262 1250 19,
2291 1179 2352 1253 4,

419 1269 751 1349 ἄποσφάζει
792 1277 892 1346 11,
922 1275 1028 1349 48,
1060 1275 1117 1347 8,
1163 1273 1421 1346 librarii,
1470 1271 1730 1351 ἔσφαζον
1779 1276 1881 1348 34,
1913 1277 1971 1352 2,
2004 1276 2106 1348 22,
2151 1272 2355 1334 Photii

420 1388 550 1429 esse
597 1373 879 1446 apparet,
923 1372 996 1430 ut
1039 1370 1263 1430 ibidem
1310 1368 1436 1447 ἅμα
1480 1370 1765 1451 τεττάρων
1811 1391 1919 1448 pro
1966 1367 2244 1450 τέτταρσι,
2292 1374 2355 1430 et

420 1468 706 1544 eclogarii
754 1470 861 1527 aut
905 1467 1139 1528 librarii
1175 1464 1564 1549 ἐγκατέσφαζε
1604 1472 1707 1546 34,
1746 1473 1853 1546 12,
1903 1470 2006 1546 34,
2038 1472 2149 1546 31,
2196 1467 2352 1545 σφά-

422 1565 618 1637 ζονται
651 1566 751 1641 25,
787 1568 842 1625 6.
909 1566 1281 1643 Ambiguum
1322 1569 1378 1644 9,
1412 1569 1512 1641 29,
1547 1571 1578 1626 1
1632 1564 2147 1645 ἐπικατασφάξειν,
2193 1567 2354 1643 quod

419 1666 515 1722 est
558 1664 624 1721 in
669 1663 886 1738 codice,
931 1666 1138 1722 utrum
1190 1663 1271 1722 sit
1307 1683 1417 1739 pro
1456 1663 1766 1740 -σφάττειν
1811 1683 1888 1723 an
1924 1684 2034 1740 pro
2074 1663 2352 1739 -σφάζειν

421 1779 500 1819 an
551 1780 660 1835 pro
719 1759 968 1838 σφάξαι,
1024 1763 1094 1818 ut
1143 1762 1245 1834 20,
1277 1761 1379 1832 72,
1413 1762 1445 1817 1
1505 1759 1665 1818 idem
1710 1759 1895 1819 codex
1938 1760 2352 1820 Peirescianus

418 1853 791 1933 ἀποσφάξειν
836 1875 945 1931 pro
992 1853 1356 1930 ἀποσφάξαι.
1423 1852 1511 1913 Of.
1559 1851 1841 1934 ἁρμόττω.

605 1949 826 2025 Τελέως
859 1973 968 2029 pro
1004 1951 1235 2023 τελείως
1282 1953 1359 2012 ab
1403 1951 1576 2011 libris
1624 1951 2079 2029 suppeditatum
2121 1957 2177 2033 1,
2199 1956 2257 2030 3,
2284 1956 2352 2032 8,

423 2055 478 2130 1,
511 2054 615 2129 37,
642 2055 711 2130 4,
765 2056 821 2128 1,
851 2055 952 2126 61,
981 2054 1052 2128 4,
1101 2054 1159 2129 2,
1190 2053 1249 2127 5,
1282 2053 1351 2128 2,
1400 2053 1456 2126 2,
1491 2052 1591 2124 15,
1622 2053 1690 2128 4,
1735 2054 1836 2129 19,
1866 2053 1971 2129 45,
2001 2054 2061 2129 8,
2107 2054 2170 2112 et
2206 2053 2354 2113 alibi

418 2153 765 2210 constanter
811 2149 1070 2210 restitui.

602 2245 993 2327 Τετραπόὸοις
1030 2241 1201 2329 ζῴοις
1233 2250 1291 2325 2,
1311 2249 1417 2322 42,
1441 2250 1497 2324 1,
1535 2246 1924 2325 redarguitur
1958 2248 2157 2307 forma
2183 2250 2350 2307 recta

417 2342 729 2422 τετράποσι
768 2347 871 2418 20,
904 2347 1006 2423 73,
1037 2346 1074 2403 3
1125 2346 1188 2404 et
1233 2343 1562 2422 τετράπουν
1601 2347 1658 2419 3,
1691 2345 1794 2422 50,
1826 2347 1892 2423 2,
1939 2347 2009 2404 ut
2046 2344 2205 2420 apud
2240 2344 2349 2403 Po-

419 2442 649 2520 lybium
681 2443 740 2517 4,
772 2445 808 2501 7
815 2443 874 2515 5,
907 2445 963 2517 7,
1002 2441 1162 2517 quod
1198 2445 1294 2501 est
1329 2448 1433 2520 τῆς
1459 2440 1814 2521 τετράποδος
1840 2440 1999 2512 λείας
2036 2440 2350 2516 redarguit

419 2547 523 2618 τῆς
568 2535 929 2619 τετραπόὸου
976 2537 1133 2611 λείας
1184 2543 1241 2617 1,
1273 2542 1375 2618 29,
1409 2544 1465 2614 7,
1513 2541 1670 2616 quod
1718 2537 1930 2613 scripsi
1973 2535 2349 2617 τετράποδος,

419 2639 539 2698 etsi
583 2637 672 2697 ita
716 2639 1041 2714 peccarunt
1087 2637 1411 2714 scriptores
1458 2637 1672 2698 novicii
1688 2683 1703 2713 ,
1751 2639 1821 2695 ut
1867 2633 2161 2711 Georgius
2209 2637 2350 2694 ante

416 2736 705 2795 Malalam
751 2735 952 2797 dicens
998 2756 1054 2812 p.
1091 2738 1149 2812 3,
1181 2737 1218 2795 8
1266 2739 1392 2807 τοῖς
1436 2730 1830 2812 τετραπόδοις.

607 2835 907 2894 Τοσοῦτον
951 2836 1091 2893 ante
1118 2833 1357 2894 vocales
1392 2835 1455 2891 et
1490 2836 1736 2891 τοσοῦτο
1775 2831 1916 2889 ante
1953 2831 2348 2902 consonantes

564 3036 915 3100 Στενότατος
961 3053 1155 3093 omnes
1208 3033 1429 3091 codices
1468 3040 1518 3102 2,
1548 3039 1599 3104 8,
1629 3041 1687 3103 2,
1736 3032 2081 3096 στενώτατος
2117 3040 2168 3101 4,
2198 3039 2283 3101 22,
2315 3041 2347 3089 6

418 3120 478 3173 et
514 3125 566 3187 4,
596 3124 682 3188 85,
713 3124 746 3173 3
782 3134 926 3172 unus
960 3114 1028 3170 D.

561 3194 916 3269 Συρακόσιος
961 3212 1062 3266 pro
1099 3189 1493 3265 Συρακούσιος
1540 3201 1590 3264 1,
1618 3201 1705 3263 34,
1735 3200 1793 3263 2,
1848 3200 1900 3261 4,
1929 3199 2016 3264 23,
2045 3200 2104 3260 4,
2153 3198 2203 3263 5,
2232 3200 2284 3262 4,
2315 3200 2347 3249 2

417 3295 562 3331 unus
598 3277 837 3348 praebet
864 3274 932 3345 D,
963 3280 1013 3344 5,
1045 3280 1130 3343 13,
1159 3282 1192 3331 3
1229 3292 1374 3329 unus
1404 3275 1470 3344 G,
1506 3275 1568 3330 in
1593 3273 1998 3345 posterioribus
2026 3273 2189 3329 libris
2228 3273 2350 3344 ple-

418 3372 655 3425 rumque
693 3356 738 3410 P
776 3373 904 3411 cum
942 3354 1161 3410 duobus
1200 3353 1328 3409 aliis
1366 3355 1673 3411 codicibus.

420 3518 451 3566 7
524 3434 908 3564 1,Τνθασσεύοιι
963 3452 1066 3506 pro
1120 3432 1410 3491 τιθασεύω
1468 3451 1662 3491 omnes
1710 3442 1760 3504 3,
1790 3439 1876 3506 35,
1906 3439 1938 3488 5
1977 3436 2037 3489 et
2072 3439 2133 3503 9,
2179 3440 2230 3505 3,
2261 3438 2347 3502 37,

491 3526 521 3564 e
586 3520 636 3567 8.
