2569 4061
885 385 911 438 Ι
950 391 1036 441 67.
1075 391 1157 443 68.
1199 393 1282 441 69.
1930 390 2053 452 117

143 570 333 613 νοιαν
393 547 736 629 [ἐντολῶν]
804 545 1120 631 ἠμέλησε,
1193 548 1590 617 τούναντίον
1647 549 1708 615 δ’
1765 550 2061 627 ἐκείνους

142 656 678 740 προτρεψάμενος
723 655 817 731 εἰς
862 654 1335 739 ἀλλοτριότητα
1372 654 1748 740 συναπέστη
1791 656 1904 723 καὶ
1942 660 2059 741 βα-

144 763 363 836 σιλεὺς
409 760 607 837 αὐτὸς
652 758 884 846 ᾑρέθη.
966 754 1102 845 μετ’
1146 759 1229 826 οὐ
1274 763 1492 825 πολὺν
1539 756 1613 825 δὲ
1658 764 1902 845 χρόνον
1948 763 2057 829 καὶ
2099 787 2129 830 4

142 877 276 933 τῶν
329 868 550 932 ἄλλων
608 866 947 953 ἐγχωρίων
1011 865 1325 932 ἁπάντων
1388 865 1963 951 συνεπιθεμένων,
2022 873 2057 935 6

89 989 115 1029 ⁵
143 976 449 1056 βασιλεὺς
487 973 1017 1059 διαπορούμενος
1057 972 1452 1056 ἠναγκάσθη
1499 982 1911 1054 καταφυγεῖν
1958 973 2061 1040 ἐπὶ

140 1082 295 1156 τοὺς
352 1081 850 1164 μισθοφόρους,
915 1079 1113 1154 ὄντας
1177 1080 1272 1154 εἰς
1334 1080 1784 1165 τρισμυρίους.
1876 1101 2059 1161 γενο-
2101 1103 2129 1145 5

138 1184 338 1270 μένης
393 1180 519 1250 οὖν
572 1185 995 1270 παρατάξεως
1050 1182 1203 1270 περὶ
1265 1185 1390 1267 τὴν
1444 1185 1757 1269 Μάρειαν
1812 1184 2061 1268 κώμην,

137 1290 249 1357 καὶ
302 1302 439 1356 τῶν
484 1293 875 1373 Αὐγυπτίων
921 1299 999 1375 τῇ
1056 1292 1229 1375 μάχῃ
1284 1292 1787 1376 κρατησάντων,
1850 1290 1885 1357 ὁ
1941 1287 2063 1375 μὲν

133 1392 398 1482 Ἀπρίης
446 1395 813 1483 ζωγρηθεὶς
858 1396 1120 1480 ἀνήχθη
1167 1394 1277 1461 καὶ
1334 1396 1886 1484 στραγγαλισθεὶς
1932 1397 2061 1463 ἐτε-

60 1518 112 1559 10
140 1504 481 1587 λεύτησεν,
500 1501 780 1586 ’Άμασις
817 1499 891 1566 δὲ
930 1501 1237 1581 διατάξας
1264 1503 1345 1567 τὰ
1380 1505 1544 1569 κατὰ
1571 1505 1691 1587 τὴν
1719 1506 2063 1587 βασιλείαν

142 1608 232 1684 ὥς
277 1604 422 1671 ποτ’
467 1606 695 1684 ἔδοξεν
740 1607 919 1694 αὐτῷ
968 1605 1356 1693 συμφέρειν,
1401 1603 1560 1691 ἦρχε
1600 1613 1894 1693 νομίμως
1928 1620 2063 1675 τῶν

144 1713 535 1793 Αἰγυπτίων
592 1709 704 1775 καὶ
758 1711 1044 1795 μεγάλης
1090 1712 1448 1796 ἐτύγχανεν
1503 1712 1849 1797 ἀποδοχῆς.
1914 1739 2061 1779 κατ-
2103 1737 2131 1779 1²,

146 1812 507 1901 εστρέψατο
554 1812 629 1880 δὲ
684 1814 794 1881 καὶ
838 1818 953 1894 τὰς
1000 1816 1074 1882 ἐν
1118 1818 1375 1905 Κύπρφ
1430 1820 1656 1893 πόλεις
1699 1816 1810 1882 καὶ
1854 1823 2065 1885 πολλὰ

142 1932 278 1987 τῶν
335 1922 535 2006 ἱερῶν
580 1922 945 2007 ἐκόσμησεν
992 1923 1425 2008 ἀναθήμασιν
1479 1924 1868 2006 ἀξιολόγοις.
1951 1927 2063 2006 βα-

60 2048 111 2088 15
141 2027 452 2104 σιλεύσας
507 2024 570 2092 δ’
624 2029 734 2112 ἔτη
759 2025 768 2039 “
793 2027 987 2096 πέντε
1032 2033 1199 2117 πρὸς
1242 2042 1383 2109 τοῖς
1427 2034 1838 2115 πεντήκοντα
1882 2031 2065 2096 κατέ-

141 2143 380 2221 στρεψε
424 2135 546 2199 τὸν
589 2137 742 2218 βίον
788 2134 945 2201 καθ’
999 2136 1079 2201 ὃν
1132 2140 1383 2224 χρόνον
1428 2137 1794 2221 Καμβύσης
1849 2136 1885 2201 ὁ
1930 2147 2065 2202 τῶν

141 2245 428 2327 Περσῶν
482 2243 795 2323 βασιλεὺς
857 2241 1294 2328 ἐστράτευσεν
1350 2242 1456 2309 ἐπὶ
1518 2245 1642 2327 τὴν
1695 2248 2063 2326 Αἴγυπτον,

142 2349 302 2412 κατὰ
346 2348 422 2412 τὸ
468 2350 696 2433 τρίτον
734 2349 877 2425 ἔτος
912 2357 1028 2431 τῆς
1066 2347 1419 2434 ἑξηκοστῆς
1458 2346 1570 2414 καὶ
1605 2353 1829 2436 τρίτης
1867 2349 2065 2433 ὀλυμ-

143 2455 399 2538 πιάδος,
444 2453 530 2536 ἣν
577 2453 761 2519 ἐνίκα
810 2455 1084 2521 στάδιον
1126 2457 1555 2542 Παρμενίδης
1591 2458 2061 2542 Καμαριναῖος.

64 2580 118 2621 20
314 2556 490 2626 Ἐπεὶ
528 2556 603 2625 δὲ
637 2563 757 2638 τὰς
791 2572 927 2627 τῶν
962 2561 1038 2627 ἐν
1074 2563 1394 2651 Αἰγύπτῳ
1430 2561 1764 2647 βασιλέων
1798 2564 2063 2651 πράξεις
2085 2564 2165 2626 69

146 2662 273 2729 ἀπὸ
346 2676 478 2731 τῶν
543 2667 997 2752 ἀρχαιοτάτων
1060 2672 1324 2755 χρόνων
1391 2671 1883 2756 διεληλύθαμεν
1948 2670 2061 2756 ἀρυ

142 2778 436 2848 κοῦντως
482 2769 671 2857 μέχρι
715 2782 831 2856 τῆς
878 2769 1231 2858 Ἀμάσιδος
1275 2779 1609 2860 τελευτῆς,
1667 2778 1785 2853 τὰς
1830 2777 2063 2852 λοιπὰς

142 2875 614 2963 ἀναγράψομεν
659 2878 733 2943 ἐν
778 2887 920 2957 τοϊς
964 2881 1232 2957 οἰκείοις
1275 2883 1567 2966 χρόνοις·
1614 2878 1765 2967 περὶ
1809 2878 1883 2946 δὲ
1929 2892 2061 2947 τῶν
2101 2902 2131 2946 ε.)

142 2985 445 3068 νομίμων
488 2994 625 3050 τῶν
668 2978 810 3049 κατ’
853 2991 1201 3070 Αἰγτηττον
1246 2995 1378 3054 νῦν
1424 2986 1713 3073 διέξιμεν
1753 2988 1826 3056 ἐν
1860 3012 2063 3072 κεφα-

61 3121 113 3162 25
141 3092 356 3167 λαίοις
399 3090 481 3155 τά
534 3113 604 3155 τε
658 3090 1156 3176 παραδοξότατα
1199 3091 1310 3160 καὶ
1356 3096 1435 3160 τὰ
1480 3096 1761 3179 μάλιστα
1809 3095 2063 3177 ὠφελῆ-

142 3211 253 3260 σαι
283 3195 626 3280 δυνάμενα
657 3198 815 3274 τοὺς
850 3197 1444 3281 ἀναγινώσκοντας.
1516 3201 1729 3265 πολλὰ
1765 3199 1893 3281 γὰρ
1929 3205 2063 3258 τῶν

141 3306 442 3367 παλαιῶν
489 3301 671 3367 ἐθῶν
714 3312 849 3367 τῶν
904 3302 1282 3390 γενομένων
1327 3303 1480 3390 παρ’
1534 3303 1927 3385 Αἰγυπτίοις
1981 3300 2063 3364 οὐ

141 3409 353 3491 μόνον
398 3410 578 3494 παρὰ
631 3417 770 3486 τοῖς
815 3407 1159 3496 ἐγχωρίοις
1204 3409 1537 3495 ἀποδοχῆς
1583 3411 1840 3490 ἔτυχεν,
1897 3403 2063 3468 ἀλλὰ

254 3570 281 3618 1
324 3561 567 3619 ἐντολῶν
604 3563 713 3620 del.
752 3565 909 3621 Eieh.
1040 3572 1072 3619 6
1110 3563 1215 3634 εἰς]
1254 3558 1329 3626 ὥς
1365 3564 1418 3617 II
1527 3570 1556 3618 7
1597 3561 1808 3630 μαρίαν
1845 3558 2063 3614 codices

145 3640 177 3688 9
216 3637 663 3706 στραγγαληθείς
698 3635 919 3691 codices
1062 3640 1131 3690 22
1164 3630 1414 3702 Ἀμάσιος
1452 3631 1688 3687 codices,
