2569 4061
399 245 530 309 382
1067 240 1376 297 DIODORI
1414 238 1644 296 SICULI
1757 244 1770 257 ’

396 406 848 490 ποιησάμενον
891 403 1045 492 περὶ
1090 401 1213 489 μὲν
1258 404 1381 487 τὴν
1424 404 1750 485 Φοινίκην
1796 401 2124 488 ἐμπρῆσαι
2171 405 2345 480 τοὺς

395 513 559 579 κατὰ
602 513 722 576 τὸν
767 513 1071 595 Λίβανον
1118 511 1447 598 δρυμούς,
1503 507 1614 575 καὶ
1672 507 1760 574 δι’
1813 510 2165 592 Αἰγύπτου
2212 531 2341 574 πο-

404 614 655 702 ρευθὲν
681 616 789 684 ἐπὶ
823 628 940 703 τῆς
966 619 1226 702 Λιβύης
1264 619 1565 682 διελθεῖν
1599 619 1758 693 τοὺς
1791 614 1944 702 περὶ
1979 617 2105 699 τὴν
2144 614 2340 682 ἑσπέ-

349 749 527 808 ·ραν
585 727 861 809 τόπους,
921 723 1033 791 καὶ
1091 725 1168 790 τὸ
1226 728 1608 789 τελευταῖον
1670 724 1766 799 εἰς
1822 725 1980 798 τοὺς
2038 719 2192 808 περὶ
2248 724 2337 787 τά

325 837 358 885 5
396 832 740 920 Κεραύνια
778 834 1075 919 δρυμοὺς
1109 830 1614 915 ἐγκατασκῆψαι.
1690 827 2217 913 ἐπιφλεγομένης
2254 826 2336 894 δὲ
2364 845 2391 885 5

392 948 509 1022 τῆς
569 941 789 1026 χώρας
850 940 1102 1024 πάντῃ,
1174 935 1286 1004 καὶ
1350 947 1485 1002 τῶν
1550 936 1934 1023 ἀνθρώπων
1998 947 2134 1000 τῶν
2206 931 2333 1019 μὲν

393 1043 894 1130 ἀπολλυμένων,
949 1055 1085 1109 τῶν
1148 1040 1223 1108 δὲ
1278 1045 1391 1108 διὰ
1443 1045 1563 1109 τὸν
1618 1044 1838 1128 φόβον
1886 1040 2333 1107 ἐκλειπόντων

391 1152 507 1227 τὰς
532 1151 854 1233 πατρίδας
878 1147 990 1214 καὶ
1017 1150 1277 1236 μακρὰν
1307 1149 1850 1234 ἐκτοπιζομένων,
1878 1149 2004 1232 τὴν
2035 1144 2332 1231 Ἀθηνᾶν

392 1271 559 1339 φασι
605 1256 687 1320 τὰ
721 1251 846 1339 μὲν
882 1254 1149 1321 συνέσει
1185 1256 1265 1321 τὰ
1306 1254 1364 1320 δ’
1404 1256 1569 1341 ἀλκῇ
1606 1253 1718 1321 καὶ
1757 1255 1944 1342 ῥώμῃ
1983 1277 2331 1341 περιγενο-

390 1358 599 1445 μένην
664 1360 926 1426 ἀνελεῖν
988 1362 1064 1427 τὸ
1129 1365 1411 1448 θηρίον,
1475 1360 1587 1427 καὶ
1650 1363 1774 1446 τὴν
1839 1362 2051 1446 δορὰν
2117 1360 2329 1426 αὐτοῦ
2359 1378 2413 1417 10

389 1466 891 1553 περιαψαμένην
946 1479 1186 1555 φορεῖν
1238 1477 1331 1556 τῷ
1390 1471 1654 1553 στήθει,
1711 1469 1845 1552 ἅμα
1899 1464 2023 1551 μὲν
2080 1466 2331 1550 σκέπης

389 1571 583 1639 ἕνεκα
645 1572 757 1639 καὶ
818 1583 936 1658 τῆς
999 1579 1302 1659 φυλακῆς
1365 1584 1489 1640 τοῦ
1553 1575 1857 1659 σώματος
1929 1574 2094 1660 πρὸς
2164 1576 2330 1651 τοὺς

389 1678 675 1768 ὕστερον
727 1681 1118 1763 κινδύνους,
1181 1682 1315 1765 ἅμα
1377 1677 1438 1745 δ’
1502 1680 1736 1766 ἀρετῆς
1794 1680 2153 1764 ὑπόμνημα
2210 1677 2329 1744 καὶ

321 1793 352 1840 6
391 1787 651 1864 δικαίας
724 1786 938 1870 δόξης.
1043 1787 1169 1870 τὴν
1235 1784 1311 1852 δὲ
1373 1785 1620 1873 μητέρα
1684 1795 1809 1851 τοῦ
1881 1788 2134 1873 θηρίου
2194 1793 2327 1868 γῆν

390 1892 830 1979 ὀργισθεῖσαν
890 1893 1148 1959 ἀνεῖναι
1206 1895 1365 1969 τοὺς
1421 1891 1954 1977 ὀνομαζομένους
2006 1894 2328 1974 γίγαντας
2358 1909 2409 1950 15

389 1999 789 2077 ἀντιπάλους
815 2010 957 2078 τοῖς
982 2006 1192 2083 θεοῖς,
1230 1998 1350 2076 οὓς
1376 1996 1660 2087 ὕστερον
1689 2000 1819 2066 ὑπὸ
1847 1999 2017 2076 Διὸς
2053 1997 2320 2085 ἀναιρε-

387 2110 619 2189 θῆναι,
658 2102 1276 2191 συναγωνιζομένης
1307 2102 1594 2189 Ἀθηνᾶς
1629 2105 1742 2171 καὶ
1773 2104 2121 2171 Διονύσου
2160 2107 2326 2189 μετὰ

325 2217 354 2266 ⁷
393 2221 527 2276 τῶν
586 2213 808 2278 ἄλλων
863 2219 1064 2278 θεῶν.
1158 2212 1240 2277 οὐ
1295 2213 1428 2297 μὴν
1474 2211 1640 2277 ἀλλά
1685 2213 1805 2277 τὸν
1852 2214 2201 2276 Διόνυσον
2248 2211 2326 2276 ἐν

386 2325 465 2401 τῇ
504 2318 704 2403 Νύσῃ
742 2321 1159 2405 τρεφόμενον
1203 2316 1318 2383 καὶ
1363 2315 1720 2403 μετέχοντα
1765 2327 1902 2380 τῶν
1946 2319 2325 2383 καλλίστων

387 2421 926 2508 ἐπιτηδευμάτων
982 2425 1070 2508 μὴ
1129 2426 1340 2508 μόνον
1393 2423 1712 2506 γενέσθαι
1774 2431 1866 2511 τῷ
1929 2423 2156 2487 κάλλει
2209 2422 2324 2489 καὶ
2353 2445 2408 2483 20

383 2537 464 2612 τῇ
512 2529 700 2614 ῥώμῃ
748 2530 1104 2616 διάφορον,
1167 2529 1333 2594 ἀλλὰ
1385 2528 1497 2595 καὶ
1551 2532 1953 2614 φιλότεχνον
1998 2526 2112 2594 καὶ
2154 2530 2324 2616 πρὸς

316 2637 348 2685 8
385 2643 520 2698 πᾶν
575 2636 649 2698 τὸ
704 2637 1033 2719 χρήσιμον
1090 2633 1449 2719 εὑρετικόν.
1542 2635 1890 2720 ἐπινοῆσαι
1934 2635 2063 2721 γὰρ
2114 2634 2323 2701 αὐτὸν

384 2741 480 2804 ἔτι
515 2741 723 2805 παῖδα
755 2740 879 2823 τὴν
915 2740 1181 2823 ἡλικίαν
1218 2742 1378 2806 ὄντα
1408 2750 1530 2807 τοῦ
1563 2738 1685 2827 μὲν
1722 2748 1916 2807 οἴνου
1952 2742 2076 2824 τὴν
2107 2741 2322 2825 φύσιν

389 2869 460 2911 τε
507 2842 618 2911 καὶ
665 2848 916 2932 χρείαν,
967 2845 1437 2925 ἀποθλίψαντα
1481 2851 1725 2935 βότρυς
1770 2858 1887 2932 τῆς
1934 2848 2322 2931 αὐτοφυοῦς

385 2952 701 3040 ἀμπέλου,
743 2963 880 3018 τῶν
925 2950 987 3018 δ’
1034 2953 1301 3040 ὡραίων
1341 2954 1422 3018 τὰ
1464 2954 1807 3038 δυνάμενα
1850 2950 1972 3039 μὲν
2020 2953 2321 3040 ξηραίνε-
2350 2974 2404 3015 25

385 3068 549 3126 σθαι
594 3058 704 3127 καὶ
749 3061 915 3147 πρὸς
961 3060 1564 3147 ἀποθησαυρισμὸν
1601 3062 1762 3126 ὄντα
1796 3064 2108 3147 χρήσιμα,
2155 3063 2322 3144 μετὰ

383 3164 457 3231 δὲ
524 3176 730 3231 ταῦτα
793 3166 906 3233 καὶ
967 3169 1085 3244 τὰς
1148 3166 1443 3233 ἕκάστων
1500 3168 1666 3233 κατὰ
1725 3171 1977 3255 τρόπον
2042 3169 2322 3252 φυτείας

533 3359 565 3407 ὅ
603 3358 974 3427 κατασκῆψαι
1013 3356 1122 3411 OF
1227 3364 1255 3412 7
1299 3352 1643 3411 ἐκλιπόντων
1683 3357 1777 3412 OD
1891 3365 1954 3413 11
1994 3364 2072 3413 τῶ·
2111 3355 2317 3425 στήθει

384 3428 587 3506 φορξῖν
613 3426 824 3507 ⁸malim
936 3434 1002 3481 15
1041 3423 1478 3497 ὠνομασμένους
1513 3428 1565 3480 11
1685 3434 1750 3482 21
1788 3425 1929 3483 ἀλλὰ
1955 3414 2055 3485 καὶ
2086 3429 2174 3500 φ.]
2215 3430 2318 3484 καὶ

388 3509 450 3553 φ.
491 3496 633 3544 αλλα
673 3494 727 3547 ΙΙ
835 3499 903 3548 25
944 3495 1049 3564 μὲν
1088 3514 1195 3552 om.
1234 3496 1388 3565 vulg.
1533 3502 1601 3551 27
1639 3496 1817 3553 τόπον
1859 3498 1977 3554 OF.
