2569 4061
1067 319 1146 373 ΠΙ
1183 325 1265 374 65.
1301 326 1383 374 66.
2064 320 2194 384 375

266 477 377 545 καὶ
420 481 547 566 γὰρ
589 475 835 546 Ἠλεῖοι
880 479 989 546 καὶ
1036 479 1304 564 Νάξιοι,
1350 482 1514 565 πρὸς
1560 479 1633 547 δὲ
1670 483 1932 559 τούτοις
1969 481 2041 547 οἰ
2078 484 2195 559 τὰς

259 582 654 671 Ἐλευθερὰς
709 588 1047 664 οἰκοῦντες
1101 584 1211 651 καὶ
1266 589 1458 668 Τήιοι
1512 584 1623 651 καὶ
1666 591 1935 665 πλειόυς
1981 586 2195 672 ἕτεροι

264 691 416 776 παρ’
473 691 733 771 ἑαυτοῖς
779 693 1268 778 ἀποφαίνονται
1314 699 1750 775 τεκνωθῆναι.
1833 693 1945 760 καὶ
1998 697 2188 779 Τήιοι
2227 716 2258 764 2

263 795 386 883 μὲν
446 803 803 885 τεκμήριον
865 799 1150 885 φέρουσι
1203 808 1321 883 τῆς
1375 798 1529 885 παρ’
1586 799 1814 875 αὐτοῖς
1872 799 2191 882 γενέσεως

204 920 234 961 5
260 913 382 970 τοῦ
426 910 596 970 θεοῦ
642 907 716 971 τὸ
763 904 953 990 μέχρι
997 914 1118 970 τοῦ
1164 915 1294 970 νῦν
1339 902 1761 988 τεταγμένοις
1806 905 2073 988 χρόνοις
2118 905 2192 970 ἐν

260 1018 338 1095 τῇ
392 1014 582 1077 πόλει
635 1012 857 1096 πηγὴν
911 1010 1297 1095 αὐτομάτως
1353 1010 1426 1076 ἐκ
1479 1020 1595 1094 τῆς
1639 1018 1761 1094 γῆς
1807 1016 2000 1075 οἴνου
2047 1010 2191 1096 ῥεῖν

261 1116 511 1204 εὐωδίᾳ
567 1117 1033 1204 διαφέροντος·
1098 1128 1235 1182 τῶν
1296 1112 1357 1182 δ’
1414 1118 1636 1182 ἄλλων
1696 1118 1768 1181 οἰ
1819 1112 1942 1200 μὲν
2004 1115 2190 1202 ἱερὰν

258 1226 608 1290 Διονύσου
654 1225 1040 1289 δεικνύουσι
1084 1223 1209 1306 τὴν
1262 1224 1507 1308 χώραν,
1566 1224 1637 1288 οἶ
1688 1218 1763 1287 δὲ
1818 1224 2025 1299 ναοὺς
2077 1220 2189 1287 καὶ

256 1328 495 1414 τεμένη
543 1330 995 1414 διαφερόντως
1032 1328 1103 1394 ἐκ
1138 1313 1442 1393 παλαιῶν
1477 1330 1741 1413 χρόνων
1778 1326 1956 1415 αὐτῷ
1993 1333 2188 1393 καθι-

175 1452 229 1492 10
258 1434 570 1520 δρυμένα.
644 1438 947 1501 καθόλου
993 1432 1056 1499 δ’
1101 1433 1176 1499 ἐν
1219 1438 1492 1510 πολλοῖς
1535 1437 1764 1510 τόποις
1808 1443 1925 1518 τῆς
1967 1436 2188 1500 οἰκου-
2226 1458 2258 1505 3

256 1539 462 1624 μένης
524 1541 1039 1617 ἀπολελοιπότος
1109 1548 1231 1604 τοῦ
1294 1545 1465 1603 θεοῦ
1530 1549 1767 1623 σημεῖα
1831 1547 1948 1621 τῆς
2013 1542 2186 1617 ἰδίας

255 1645 640 1730 εὐεργεσίας
704 1646 837 1730 ἅμα
899 1644 1009 1710 καὶ
1071 1648 1474 1731 παρουσίας,
1541 1640 1743 1709 οὐδὲν
1802 1646 2185 1729 παράδοξον

259 1749 574 1829 ἑκάστους
608 1754 905 1836 νομίζειν
943 1752 1314 1836 οἰκειότητά
1340 1773 1494 1816 τινα
1520 1748 1869 1835 γεγονέναι
1896 1758 1988 1838 τῷ
2019 1757 2184 1816 Διο-

254 1858 441 1945 νύσῳ
495 1860 661 1943 πρὸς
705 1859 828 1942 τὴν
873 1856 1129 1924 ἑαυτῶν
1173 1861 1372 1923 πόλιν
1420 1880 1487 1922 τε
1533 1854 1645 1922 καὶ
1689 1856 1930 1942 χώραν.
2022 1880 2184 1943 μαρ-

173 1980 226 2021 15
254 1975 447 2052 τυρεῖ
498 1960 572 2030 δὲ
624 1975 765 2043 τοῖς
817 1963 939 2050 ὑφ’
992 1964 1181 2049 ἡμῶν
1238 1963 1622 2049 λεγομένοις
1667 1960 1777 2028 καὶ
1825 1961 1861 2028 ὁ
1907 1964 2184 2048 ποιητὴς

254 2070 327 2136 ἐν
380 2083 521 2150 τοῖς
571 2072 846 2157 ὕμνοις,
911 2071 1127 2155 λέγων
1180 2070 1335 2157 περὶ
1386 2083 1522 2137 τῶν
1578 2069 2182 2156 ἀμφισβητούντων

251 2186 367 2262 τῆς
419 2180 664 2245 τούτου
719 2177 1039 2261 γενέσεως
1091 2177 1203 2244 καὶ
1258 2179 1394 2263 ἅμα
1447 2184 1867 2261 τεκνωθῆναι
1912 2193 2180 2261 παρεισ-

253 2285 434 2367 άγων
480 2286 691 2351 αὐτὸν
736 2284 810 2350 ἐν
853 2293 932 2369 τῇ
978 2286 1143 2350 κατὰ
1185 2286 1310 2368 τὴν
1355 2279 1670 2370 Ἀραβίαν
1718 2284 1941 2368 Νύσῃ,

339 2391 410 2456 οἰ
448 2387 572 2476 μὲν
617 2393 744 2477 γὰρ
784 2393 1121 2480 Δρακάνῳ
1168 2389 1261 2474 σ’,
1310 2392 1381 2455 oc
1422 2385 1485 2454 δ’
1531 2386 1760 2478 Ἰκάρῳ
1807 2387 2178 2476 ἠνεμοέσσῃ

170 2512 226 2552 20
345 2495 533 2580 φάσ’,
580 2499 652 2562 οἰ
694 2495 753 2562 δ’
802 2496 876 2562 ἐν
923 2497 1150 2585 Νάξῳ,
1199 2499 1351 2562 δῖον
1396 2495 1622 2579 γένος,
1671 2496 2068 2581 εἰραφιῶτα,

339 2603 411 2668 οἰ
452 2602 533 2669 δέ
572 2601 633 2668 σ’
680 2597 780 2670 ἐπ’
826 2599 1107 2692 Ἀλφειῷ
1152 2612 1425 2691 ποταμῷ
1471 2604 1955 2686 βαθυδινήεντι

334 2709 717 2794 κυσαμένην
762 2709 1069 2795 Σεμέλην
1112 2709 1361 2775 τεκέειν
1404 2708 1527 2775 Διὶ
1572 2710 2084 2797 τερπικεραύνῳ,

334 2816 527 2881 ἄλλοι
572 2813 634 2881 δ’
679 2816 753 2881 ἐν
792 2818 1117 2901 Θήβῃσιν,
1160 2816 1349 2899 ἄναξ,
1396 2832 1472 2880 σε
1517 2815 1788 2899 λέγουσι
1832 2813 2172 2899 γενέσθαι,

333 2922 767 3006 ψευδόμενοι·
806 2919 880 2988 σε
910 2920 972 2987 δ’
999 2924 1206 2987 ἔτικτε
1235 2921 1751 3008 πατὴράνδρῶν
1776 2945 1846 2987 τε
1884 2927 2067 2987 θεῶν
2103 2944 2172 2986 τε

164 3045 216 3088 25
333 3029 588 3094 πολλὸν
617 3026 727 3094 ἀπ’
756 3028 1139 3114 ἀνθρώπων
1167 3027 1481 3113 κρύπτων
1499 3030 1915 3094 λευκώλενον
1935 3023 2173 3109 ““Ήρην.

331 3136 471 3199 ἔστι
519 3131 600 3200 δέ
639 3156 739 3211 τις
784 3135 1007 3218 Νύση,
1052 3133 1312 3199 ὕπατον
1359 3135 1544 3219 ὅρος,
1593 3130 1847 3199 ἀνθέον
1890 3129 2038 3214 ὕλῃ,

328 3245 536 3324 τηλοῦ
590 3242 941 3323 Φοινίκης,
986 3240 1230 3323 σχεδὸν
1274 3239 1646 3322 Αἰγύπτοιο
1694 3237 1932 3323 ῥοάων.

422 3367 454 3416 6
493 3355 823 3430 αὐτομάτην
859 3358 913 3414 II
1095 3363 1161 3413 14
1208 3377 1269 3412 τε
1309 3375 1416 3413 om.
1460 3358 1566 3413 OF
1744 3361 1808 3410 15
1847 3352 2170 3425 λεγομένοις

242 3448 352 3486 om.
388 3430 443 3484 11
625 3436 692 3486 19
742 3427 801 3484 οἷ
843 3428 948 3500 μὲν
978 3471 991 3486 .
1021 3471 1035 3485 .
1064 3425 1151 3501 α’]
1191 3424 1350 3484 ἄλλοι
1387 3429 1494 3499 μὲν
1540 3424 1648 3498 γὰρ
1696 3427 2071 3494 ὃιαικανωσσε
2119 3426 2167 3479 D

242 3507 313 3556 20
352 3496 496 3571 φάσ’
535 3501 741 3569 Rhod„
780 3501 961 3570 φασίν
997 3501 1218 3556 codices
1382 3505 1450 3554 22
1488 3500 1673 3554 totum
1709 3513 1929 3552 versum
1969 3512 2077 3550 om.
2117 3495 2170 3549 11

245 3577 312 3628 26
351 3571 416 3629 δὲ
455 3573 555 3643 τῆς
592 3569 792 3642 Νύσης
829 3567 1048 3646 ἄβατον
1087 3591 1220 3642 ορος
1256 3570 1324 3625 Π.
