2569 4061
1080 305 1157 359 IV
1197 311 1248 359 2.
1288 313 1338 361 3.
2064 302 2193 367 397

260 483 488 558 τιμῶν.
565 470 790 557 εὑρεῖν
829 467 887 534 δ’
926 469 1134 535 αὐτὸν
1170 466 1281 533 καὶ
1318 469 1393 532 τὸ
1441 468 1514 534 ἐκ
1558 477 1674 551 τῆς
1718 474 1958 555 κριθῆς
2002 491 2196 533 κατα-

264 581 749 662 σκευαζόμενον
802 579 1012 661 πόμα,
1068 577 1145 641 τὸ
1190 578 1862 661 προσαγορευόμενον
1907 572 2029 661 μὲν
2073 572 2188 639 ὑπ’

263 686 464 752 ἐνίων
514 689 747 768 ζῦθος,
805 683 888 749 οὐ
941 686 1115 749 πολὺ
1163 679 1237 748 δὲ
1282 684 1678 766 λειπόμενον
1722 690 1838 765 τῆς
1881 681 2032 769 περὶ
2077 685 2197 748 τὸν

265 789 454 858 οἶνον
503 792 808 868 εὐωδίας.
879 798 1078 855 τοῦτο
1127 785 1201 854 δὲ
1252 787 1515 866 διδάξαι
1561 791 1720 865 τοὺς
1755 789 1979 872 χώραν
2015 791 2193 873 ἕχον-

210 920 238 959 5
266 922 381 976 τας
445 901 532 983 μὴ
605 896 990 982 δυναμένην
1050 895 1476 980 ἐπιδέχεσθαι
1540 896 1662 979 τὴν
1720 903 1836 977 τῆς
1902 894 2197 977 ἀμπέλου

267 1008 568 1090 φυτείαν.
644 1005 1085 1088 περιάγεσθαι
1124 1000 1186 1067 δ’
1227 1002 1434 1067 αὐτὸν
1470 1000 1581 1068 καὶ
1628 1002 2079 1089 στρατόπεδον
2118 1002 2200 1066 οὐ
2238 1022 2270 1070 6

266 1115 481 1197 μόνον
512 1111 804 1196 ἀνδρῶν,
844 1110 1010 1175 ἀλλὰ
1036 1108 1148 1175 καὶ
1184 1120 1548 1194 γυναικῶν,
1585 1107 1698 1177 καὶ
1733 1112 1890 1186 τοὺς
1927 1107 2199 1184 ἀδίκους

266 1217 376 1283 καὶ
424 1217 683 1301 ἀσεβεῖς
728 1227 864 1281 τῶν
910 1214 1293 1302 ἀνθρώπων
1338 1216 1656 1295 κολάζειν.
1730 1214 1841 1281 καὶ
1875 1216 2041 1280 κατὰ
2077 1213 2200 1299 μὲν

266 1325 391 1407 τὴν
428 1325 762 1388 Βοιωτίαν
807 1321 1217 1386 ἀποδιδόντα
1260 1330 1341 1406 τῇ
1386 1325 1655 1409 πατρίδι
1701 1324 1973 1409 χάριτας
2018 1321 2199 1387 ἐλευ-

189 1452 243 1491 10
268 1436 569 1516 θερῶσαι
608 1428 822 1504 πάσας
863 1428 980 1504 τὰς
1019 1430 1266 1510 πόλεις,
1308 1425 1419 1492 καὶ
1459 1432 1677 1495 κτίσαι
1712 1432 1911 1495 πόλιν
1947 1429 2200 1495 ἐπώνυ-

271 1560 402 1621 μον
447 1544 563 1616 τῆς
608 1534 1031 1618 αὐτονομίας,
1078 1534 1165 1616 ἣν
1204 1532 1603 1620 Ἐλευθερὰς
1647 1546 2200 1620 προσαγορεῦσαι·

276 1640 772 1722 στρατεύσαντα
810 1634 871 1705 δ’
906 1642 1002 1717 εἰς
1038 1641 1163 1723 τὴν
1204 1634 1512 1724 Ἰνδικὴν.
1536 1652 1780 1726 τριετεῖ
1819 1645 2038 1728 χρόνῳ
2076 1643 2199 1724 τὴν
2232 1641 2272 1705 3

275 1746 609 1811 ἐπάνοδον
655 1748 750 1824 εἰς
793 1747 917 1830 τὴν
964 1749 1299 1812 Βοιωτίαν
1354 1749 1795 1830 ποιήσασθαι,
1852 1750 2203 1832 κομίζοντα

273 1849 397 1937 μὲν
436 1854 759 1939 λαφύρων
797 1852 1149 1936 ἀξιόλογον
1182 1858 1463 1937 πλῆθος,
1500 1864 1898 1936 καταγαγεῖν
1929 1849 2002 1918 δὲ
2028 1863 2204 1939 πρῶ-

194 1981 246 2022 15
274 1982 396 2024 τον
440 1968 576 2023 τῶν
623 1958 934 2025 ἁπάντων
979 1962 1321 2046 θρίαμβον
1358 1955 1458 2024 ἐπ’
1503 1958 1862 2047 ἐλέφαντος
1900 1957 2202 2025 Ἰνδικοῦ.

272 2065 385 2132 καὶ
439 2068 603 2142 τοὺς
656 2063 779 2150 μὲν
824 2070 1164 2144 Βοιωτοὺς
1217 2066 1330 2133 καὶ
1382 2071 1539 2144 τοὺς
1594 2070 1839 2145 ἄλλους
1877 2066 2205 2151 ’Έλληνας
2242 2089 2273 2136 2

274 2172 385 2239 καὶ
434 2177 700 2259 Θρᾷκας
755 2173 1430 2258 ἀπομνημονεύοντας
1475 2183 1589 2257 τῆς
1632 2176 1797 2239 κατὰ
1841 2176 1964 2258 τὴν
2012 2172 2204 2240 Ἰνδι-

276 2281 402 2363 κὴν
467 2282 813 2365 στρατείας
870 2280 1249 2359 καταδεῖξαι
1308 2281 1424 2357 τὰς
1481 2281 1897 2366 τριετηρίδας
1958 2284 2206 2358 θυσίας

278 2386 631 2475 Διονύσῳ,
685 2384 798 2451 καὶ
850 2382 970 2451 τὸν
1024 2382 1196 2451 θεὸν
1239 2388 1536 2470 νομίζειν
1580 2388 1744 2451 κατὰ
1789 2387 1910 2453 τὸν
1955 2389 2203 2473 χρόνον

197 2513 253 2553 20
279 2501 520 2557 τοῦτον
564 2499 909 2558 ποιεῖσθαι
966 2494 1083 2569 τὰς
1127 2494 1307 2578 παρὰ
1351 2505 1491 2570 τοῖς
1536 2493 1925 2580 ἀνθρώποις
1971 2492 2205 2579 ἐπιφα-

280 2600 477 2674 νείας.
528 2600 632 2663 διὸ
669 2598 782 2664 καὶ
817 2601 997 2686 παρὰ
1032 2604 1310 2676 πολλαῖς
1344 2611 1480 2665 τῶν
1509 2596 1916 2684 Ἑλληνίδων
1943 2604 2205 2667 πόλεων
2245 2622 2277 2670 3

281 2705 394 2769 διὰ
437 2716 643 2790 τριῶν
688 2704 855 2771 ἐτῶν
901 2707 1173 2790 βακχεῖά
1226 2729 1297 2770 τε
1351 2717 1689 2788 γυναικῶν
1746 2707 2204 2792 ἀθροίζεσθαι,

279 2808 391 2875 καὶ
434 2822 578 2887 ταῖς
622 2809 988 2897 παρθένοις
1030 2814 1320 2897 νόμιμον
1365 2807 1540 2878 εἶναι
1584 2820 2050 2900 θυρσοφορεῖν
2096 2813 2206 2880 καὶ

282 2920 877 2996 συνενθουσιάζειν
923 2918 1312 2997 εὐαζούσαις
1356 2916 1468 2983 καὶ
1503 2921 1821 3004 τιμώσαις
1856 2921 1975 2985 τὸν
2011 2923 2203 2986 θεόν·

175 3046 282 3096 249
303 3026 420 3102 τὰς
467 3021 542 3090 δὲ
578 3035 897 3107 γυναῖκας
933 3026 1099 3091 κατὰ
1137 3028 1522 3109 συστήματα
1556 3028 1902 3104 θυσιάζειν
1938 3034 2029 3112 τῷ
2065 3032 2204 3112 θεῷ

178 3147 254 3189 '26
281 3129 394 3196 καὶ
445 3133 798 3215 βακχεύειν
850 3129 962 3196 καὶ
1014 3133 1319 3197 καθόλου
1372 3133 1497 3215 τὴν
1550 3132 1926 3217 παρουσίαν
1971 3130 2208 3212 ὑμνεῖν

282 3246 403 3302 τοῦ
468 3239 852 3321 Διονύσου,
925 3235 1337 3321 μιμουμένας
1406 3240 1522 3313 τὰς
1596 3234 2069 3321 ἱστορουμένας
2131 3238 2205 3301 τὸ

283 3345 569 3410 παλαιὸν
633 3345 1070 3430 παρεδρεύειν
1134 3351 1225 3431 τῷ
1290 3350 1430 3431 θεῷ
1495 3343 1837 3427 μαινάδας.
1926 3342 2205 3407 κολάσαι
2243 3363 2276 3410 4

465 3507 496 3554 8
538 3498 717 3566 ζύθον
758 3499 861 3557 OF
1019 3506 1049 3554 7
1088 3499 1188 3554 καὶ
1223 3496 1379 3570 τούς]
1418 3492 1462 3572 ᾦ
1500 3497 1631 3563 τοὺς
1671 3497 1778 3554 OF
1948 3504 2014 3553 14
2051 3492 2204 3564 ἄξιό-

285 3572 453 3640 λογον
492 3570 585 3639 D’,
623 3567 934 3641 ἀξιολόγων
973 3573 1079 3626 cet.
