2569 4061
399 188 485 256 66
1083 187 1392 246 DIODORI
1428 189 1664 246 SICULI

399 351 569 428 ὅλως
619 361 940 435 χειμῶνος
995 353 1279 436 ἔμφασις
1324 354 1608 436 γίνεται,
1667 350 1780 417 καὶ
1834 354 2117 438 μάλιστα
2170 351 2324 439 περὶ

397 459 521 541 τὴν
566 457 894 541 ἀνάβασιν
937 468 1059 524 τοῦ
1095 462 1369 525 Νείλου.
1452 461 1517 525 εί
1559 458 1638 525 δέ
1677 483 1777 537 τις
1819 457 1931 525 καὶ
1977 450 2322 545 συγχωρή-

398 579 511 629 σαι
563 567 789 648 χιόνος
842 560 1015 630 εἶναι
1067 570 1327 649 πλῆθος
1390 563 1465 629 ἐν
1519 575 1659 641 τοῖς
1721 561 1889 651 ὑπὲρ
1946 554 2323 632 Αἰθιοπίαν

397 672 651 753 τόποις,
708 670 886 755 ὅμως
939 669 1268 756 ἐλέγχεται
1323 672 1398 735 τὸ
1443 672 1692 747 ψεῦδος
1736 679 1853 754 τῆς
1897 670 2319 755 ἀποφάσεως·

327 794 358 846 ’1
395 785 522 853 πᾶς
565 778 692 861 γὰρ
738 779 1031 862 ποταμὸς
1084 777 1210 843 ἀπὸ
1264 779 1491 862 χιόνος
1543 774 1718 862 ῥέων
1772 775 2321 863 ὁμολογουμένως
2346 801 2374 842 5

396 883 605 969 αὔρας
668 882 1062 975 ἀναδίδωσι.
1096 884 1357 968 ψυχρὰς
1417 880 1529 947 καὶ
1599 883 1719 948 τὸν
1790 882 1953 968 ἀέρα
2015 884 2318 969 παχύνει·

394 986 547 1075 περὶ
602 986 676 1054 δὲ
729 990 849 1054 τὸν
894 990 1150 1053 Νεῖλον
1194 990 1408 1072 μόνον
1467 999 1603 1054 τῶν
1655 1000 1970 1073 ποταμῶν
2017 990 2170 1055 οὔτε
2214 988 2320 1056 νέ-

396 1117 570 1177 φους
640 1093 1034 1169 ὑποστάσεις
1106 1091 1524 1178 ὑπάρχουσιν
1597 1092 1737 1159 οὔτ’
1805 1089 2007 1180 αὖραι
2067 1094 2322 1181 ψυχραὶ

326 1220 359 1270 8
396 1201 699 1282 γίνονται
746 1196 901 1264 οὔθ’
948 1198 984 1263 ὁ
1022 1198 1151 1284 ἀὴρ
1187 1200 1567 1283 παχύνεται.
1641 1195 2004 1286 Ἡρόδοτος
2042 1200 2122 1266 δέ
2152 1217 2320 1285 φησι

394 1307 512 1371 τὸν
557 1307 812 1371 Νεῖλον
857 1300 1029 1371 εἶναι
1083 1302 1206 1389 μὲν
1262 1306 1467 1389 φύσει
1510 1311 1904 1391 τηλικοῦτον
1949 1305 2176 1389 ἡλίκος
2219 1309 2318 1390 γί-
2347 1335 2399 1376 ιο

394 1433 577 1476 νεται
630 1413 795 1478 κατὰ
847 1413 969 1495 τὴν
1022 1413 1398 1498 πλήρωσιν,
1463 1411 1536 1494 ἐν
1592 1409 1667 1478 δὲ
1724 1422 1815 1502 τῷ
1874 1423 2146 1498 χειμῶνι
2199 1414 2320 1480 τὸν

394 1518 586 1601 ἥλιον
631 1519 796 1582 κατὰ
831 1518 954 1600 τὴν
989 1520 1256 1603 Λιβύην
1294 1520 1670 1604 φερόμενον
1707 1518 2116 1585 ἐπισπᾶσθαι
2155 1519 2320 1604 πρὸς

395 1621 634 1689 ἑαυτὸν
677 1625 942 1708 ,πολλὴν
994 1624 1326 1710 ὑγρασίαν
1381 1623 1452 1690 ἐκ
1505 1634 1627 1690 τοῦ
1681 1628 1970 1708 Νείλου,
2032 1624 2145 1691 καὶ
2209 1627 2320 1690 διὰ

394 1738 591 1795 τοῦτο
627 1728 780 1817 περὶ
820 1733 977 1807 τοὺς
1021 1733 1295 1816 καιροὺς
1340 1730 1620 1807 τούτους
1664 1732 1843 1815 παρὰ
1889 1731 2099 1836 φύσιν
2137 1730 2319 1797 ἐλάτ-

322 1860 354 1907 9
391 1859 555 1901 τονα
610 1840 923 1920 γίνεσθαι
986 1838 1104 1903 τὸν
1159 1837 1483 1919 ποταμόν·
1547 1844 1669 1901 τοῦ
1731 1832 1804 1901 δὲ
1867 1834 2117 1922 θέρους
2181 1836 2318 1903 ἐπι·
2347 1873 2398 1914 15

395 1941 671 2019 στάντος
717 1941 1192 2030 ἀποχωροῦντα
1237 1951 1317 2027 τῇ
1363 1950 1547 2030 φορᾷ
1589 1942 1711 2007 τὸν
1753 1941 1948 2025 ’ἥλιον
1993 1943 2159 2029 πρὸς
2201 1945 2318 2021 τὰς
2353 1983 2422 2034 47

393 2051 677 2135 ἄρκτους
730 2050 1196 2138 ἀναξηραίνειν
1255 2049 1368 2117 καὶ
1421 2059 1781 2117 ταπεινοῦν
1832 2049 1990 2128 τούς
2041 2074 2112 2116 τε
2165 2050 2319 2139 περὶ

393 2157 523 2241 τὴν
551 2153 838 2223 Ἑλλάδα
874 2160 1212 2242 ποταμοὺς
1248 2156 1359 2224 καὶ
1395 2162 1554 2237 τοὺς
1587 2159 1753 2223 κατὰ
1788 2159 1911 2243 τὴν
1947 2158 2156 2243 ἀλλην
2193 2158 2319 2244 χώ-

289 2283 357 2332 10
396 2287 523 2348 ραν
567 2264 688 2346 τὴν
736 2263 980 2348 ὁμοίως
1026 2262 1245 2350 ἐκείνῃ
1290 2263 1617 2349 κειμένην.
1710 2259 1921 2331 οὐκέτ’
1976 2259 2101 2330 οὖν
2145 2242 2323 2331 εἶναί

391 2366 772 2452 παράδοξον
816 2369 892 2435 τὸ
946 2371 1304 2452 γινόμενον
1350 2368 1521 2454 περὶ,
1546 2371 1667 2435 τὸν
1712 2373 1991 2436 Νεῖλον·
2053 2371 2135 2436 οὐ
2189 2372 2317 2456 γὰρ
2346 2405 2401 2447 20

394 2472 468 2538 ἐν
511 2483 652 2551 τοῖς
704 2472 1036 2558 καύμασιν
1092 2473 1446 2558 αὔξεσθαι,
1505 2477 1671 2541 κατὰ
1725 2476 1845 2541 τὸν
1897 2487 2187 2560 χειμῶνα
2243 2473 2319 2541 δὲ

287 2600 353 2650 11
391 2586 873 2645 ταπεινοῦσθαι
910 2580 1021 2645 διὰ
1056 2580 1179 2662 τὴν
1200 2578 1713 2667 ’προειρημένην
1759 2582 1995 2646 αἰτίαν.
2079 2580 2318 2666 ῥητέον

393 2680 518 2751 οὗν
562 2683 673 2750 καὶ
717 2687 882 2771 πρὸς
927 2695 1167 2752 τοῦτον
1223 2687 1326 2752 ὅτι
1379 2694 1683 2772 καθῆκον
1736 2681 1855 2770 ἦν,
1917 2687 2137 2774 ὥσπερ
2185 2686 2316 2753 ἀπὸ

390 2801 512 2857 τοῦ
556 2794 812 2858 Νείλου
857 2793 979 2877 τὴν
1022 2793 1356 2881 ὑγρασίαν
1402 2794 1438 2859 ὁ
1485 2795 1673 2878 ἥλιος
1731 2787 1837 2877 ἐφ’
1892 2791 2132 2859 ἑαυτὸν
2180 2792 2317 2859 ἑπι-

392 2907 632 2964 σπᾶται
676 2900 841 2965 κατὰ
885 2901 1043 2977 τοὺς
1085 2908 1209 2966 τοῦ
1252 2911 1575 2986 χειμῶνος
1619 2900 1926 2985 καιρούς,
1984 2899 2157 2965 οὕτω
2203 2897 2316 2965 καὶ
2345 2937 2402 2977 25

390 3006 518 3071 ἀπὸ
572 3016 707 3071 τῶν
762 3007 983 3072 ἄλλων
1035 3016 1171 3072 τῶν
1224 3008 1391 3072 κατὰ
1443 3007 1567 3091 τὴν
1611 3006 1879 3090 Λιβύην
1933 3007 2159 3071 ὄντων.
2195 3027 2316 3071 πο-

390 3124 615 3196 ταμῶν
671 3112 1165 3197 ἀναλαμβάνειν
1219 3136 1283 3178 τι
1337 3124 1472 3179 τῶν
1515 3111 1744 3197 ὑγρῶν
1788 3110 1899 3178 καὶ
1957 3120 2318 3178 ταπεινοῦν

286 3239 352 3288 12
390 3221 470 3284 τά
507 3221 844 3304 φερόμενα
882 3219 1192 3305 ῥεύματα.
1276 3217 1416 3285 ἐπεὶ
1461 3216 1523 3284 δ’
1568 3219 1870 3304 οὐδαμοῦ
1905 3227 2022 3303 τῆς
2056 3219 2318 3304 Λιβύης

532 3381 567 3427 4
605 3372 810 3446 ὁμοίως
846 3375 893 3430 D
1042 3382 1074 3430 9
1115 3371 1259 3431 οὔθ’
1298 3371 1355 3447 ὃ]
1395 3371 1524 3431 οὔτε
1562 3377 1612 3430 D
1753 3384 1817 3431 13
1858 3373 1923 3432 ἐκ
1960 3377 2059 3432 τοῦ
2098 3377 2316 3432 Νείλου
2430 3417 2437 3422 ,

395 3457 502 3494 om.
543 3444 629 3496 CF
773 3452 840 3500 21
880 3443 1130 3516 καύμασι
1165 3446 1214 3501 D
1362 3443 1645 3515 αὔξεσθαι
1681 3467 1787 3504 om.
1827 3448 1893 3503 D.
