2569 4061
362 217 490 282 116
1027 210 1336 268 DIODORI
1372 209 1606 266 SICULI

356 383 588 446 ἔθνεσι
634 378 713 441 τὰ
758 378 922 442 κατὰ
965 376 1088 458 τὴν
1134 376 1347 457 ἀλλην
1381 374 1606 458 χώραν
1642 371 1923 457 ἐμπόρια
1968 369 2078 437 καὶ
2123 377 2284 436 πολ-

359 487 486 568 λὴν
540 483 910 567 ἀσφάλειαν
962 492 1102 558 τοῖς
1154 476 1598 546 καταπλέουσι
1653 477 1866 558 ξένοις
1919 480 2282 564 παρείχετο.

256 613 324 662 10
361 591 431 654 οἱ
489 585 612 673 μὲν
684 589 811 675 γὰρ
875 589 1004 674 πρὸ
1075 588 1322 652 τούτου
1362 585 1962 660 ,δυναστεύσαντες
2035 586 2284 667 ἄβατον

360 697 635 761 ἐποίουν
680 704 820 771 τοῖς
855 691 1069 774 ξένοις
1113 694 1236 776 τὴν
1274 697 1642 775 Αἴγυπτον,
1688 693 1845 767 τοὺς
1883 686 2004 774 μὲν
2041 690 2284 774 φονεύ-

361 824 569 885 οντες,
613 804 771 877 τοὺς
810 797 883 865 δὲ
928 799 1539 882 καταδουλούμενοι
1584 808 1718 862 τῶν
1761 799 2283 863 καταπλεόντων.
2312 821 2339 862 5

258 929 324 980 11
360 906 470 974 καὶ
515 909 643 992 γὰρ
689 907 731 990 ἡ
778 903 929 991 περὶ
971 906 1093 970 τὸν
1138 905 1464 990 Βούσιριν
1510 902 1779 987 ἀσέβεια
1826 904 1938 968 διὰ
1982 903 2107 985 τὴν
2151 913 2286 968 τῶν

363 1014 702 1100 ἐγχωρίων
765 1012 1032 1092 ἀξενίαν
1105 1012 1432 1094 διεβοήθη
1506 1011 1685 1094 παρὰ
1756 1019 1896 1086 τοῖς
1949 1007 2286 1092 Ἕλλησιν,

364 1120 488 1185 οὐκ
544 1114 715 1184 οὖσα
779 1114 902 1202 μὲν
963 1118 1131 1202 πρὸς
1189 1116 1545 1199 ἀλήθειαν,
1611 1117 1722 1180 διὰ
1778 1111 1853 1180 δὲ
1913 1116 2036 1198 τὴν
2089 1113 2287 1199 ὑπερ-

364 1225 576 1309 βολὴν
630 1233 747 1307 τῆς
811 1224 1089 1307 ἀνομίας
1143 1225 1238 1299 εἰς
1303 1223 1533 1307 μύθου
1596 1223 1864 1306 πλάσμα
1928 1244 2287 1306 καταχωρι-

366 1336 623 1396 σθεῖσα.
2317 1355 2370 1392 ιο

261 1438 346 1504 68
545 1439 738 1502 Μετὰ
784 1431 858 1501 δὲ
907 1439 1340 1520 Ψαμμήτιχον
1377 1435 1662 1520 ὕστερον
1697 1433 1997 1520 τέτταρσι
2033 1443 2290 1517 γενεαῖς

361 1540 632 1627 Ἀπρίης
696 1541 1125 1625 ἐβασίλευσεν
1199 1544 1310 1626 ἔτη
1377 1540 1532 1606 δυσὶ
1595 1543 1798 1606 πλείω
1863 1552 1998 1606 τῶν
2062 1546 2287 1605 εἴκοσι.

369 1648 771 1736 στρατεύσας
819 1643 893 1712 δὲ
933 1649 1300 1732 δυνάμεσιν
1346 1646 1584 1732 ἁδραῖς
1618 1650 1840 1725 πεζαῖς
1876 1669 1946 1711 τε
1984 1643 2094 1712 καὶ
2129 1670 2289 1710 ναυ-

369 1765 579 1832 τικαῖς
624 1753 729 1821 ἐπὶ
777 1754 1058 1839 Κύπρον
1102 1751 1215 1818 καὶ
1265 1757 1592 1837 Φοινίκην
1637 1755 1915 1819 Σιδῶνα
1961 1749 2084 1837 μὲν
2128 1753 2291 1817 κατὰ
2329 1760 2359 1809 7
2365 1762 2397 1810 9

366 1860 607 1946 κράτος
651 1852 805 1941 εἷλε,
851 1859 968 1934 τὰς
1004 1853 1065 1922 δ’
1110 1859 1313 1936 ἄλλας
1347 1860 1464 1936 τὰς
1509 1857 1582 1923 ἐν
1617 1867 1698 1944 τῇ
1742 1861 2023 1944 Φοινίκῃ
2069 1859 2293 1934 πόλεις
2320 1883 2372 1923 15

369 1964 946 2050 καταπληξάμενος
991 1966 1473 2051 προσηγάγετο·
1529 1964 1793 2050 ἐνίκησε
1850 1962 1923 2030 δὲ
1978 1962 2088 2029 καὶ
2132 1988 2295 2029 ναυ-

372 2076 573 2160 μαχίᾳ
627 2072 876 2159 μεγάλῃ
929 2073 1248 2149 Φοίνικάς
1301 2095 1371 2137 τε
1427 2069 1538 2137 καὶ
1582 2075 1960 2159 Κυπρίους,
2016 2069 2127 2137 καὶ
2181 2076 2293 2135 λα-

373 2182 612 2266 φύρων
668 2179 995 2265 ἀθροίσας
1048 2184 1309 2263 πλῆθος
1364 2178 1740 2264 ἐπανῆλθεν
1788 2181 1884 2257 εἰς
1928 2185 2292 2261 Αἴγυπτον.

303 2307 335 2355 2
374 2288 536 2371 μετὰ
601 2283 674 2350 δὲ
738 2294 944 2351 ταῦτα
999 2285 1288 2369 δύναμιν
1350 2283 1609 2370 πέμψας
1668 2285 1883 2370 ἁδρὰν
1947 2296 2081 2350 τῶν
2141 2285 2294 2368 ὁμο-

373 2399 599 2456 εθνῶν
627 2388 735 2455 ἐπὶ
764 2392 1086 2477 Κυρήνην
1113 2388 1224 2455 καὶ
1253 2391 1546 2473 Βάρκην,
1584 2388 1694 2454 καὶ
1721 2391 1797 2454 τὸ
1828 2395 2142 2456 πλεῖστον
2179 2390 2297 2456 αύ-
2323 2415 2380 2455 20

372 2505 490 2578 τῆς
535 2496 914 2579 ἀποβαλών,
972 2495 1361 2579 ἀλλοτρίους
1407 2497 1554 2577 ἔσχε
1609 2497 1767 2572 τοὺς
1814 2495 2297 2572 διασωθέντας·

374 2599 824 2682 ὑπολαβόντες
869 2602 997 2685 γὰρ
1042 2599 1248 2664 αὐτὸν
1305 2593 1406 2664 ἐπ’
1458 2599 1750 2685 ἀπωλείᾳ
1807 2599 2122 2678 συντάξαι
2174 2601 2299 2684 τὴν

378 2708 756 2792 στρατείαν,
822 2706 999 2783 ὅπως
1063 2703 1560 2791 ἀσφαλέστερον
1624 2706 1792 2791 ἄρχῃ
1856 2715 1992 2770 τῶν
2045 2709 2300 2772 λοιπῶν

308 2837 340 2886 3
378 2808 769 2896 Αἰγυπτίων
777 2861 798 2896 ,
864 2810 1256 2896 ἀπέστησαν.
1351 2810 1741 2889 ἀποσταλεὶς
1796 2808 1871 2877 δὲ
1931 2814 2096 2898 πρὸς
2148 2813 2300 2878 τού-

378 2943 537 2996 τους
581 2918 712 2984 ὑπὸ
758 2927 880 2983 τοῦ
926 2916 1249 3002 βασιλέως
1276 2916 1576 3002 Ἄμασις,
1624 2918 1794 3003 ἀνὴρ
1843 2917 2143 3004 ἐμφανὴς
2179 2921 2300 2984 Αἰ-
2328 2945 2381 2986 25

378 3028 685 3111 γύπτιος,
738 3036 872 3090 τῶν
918 3021 1040 3108 μὲν
1088 3024 1436 3111 ῥηθέντων
1491 3022 1604 3090 ὑπ’
1659 3025 1868 3091 αὐτοῦ
1922 3028 2089 3107 πρὸς
2147 3025 2304 3108 ὁμό-

530 3263 557 3310 1
599 3251 772 3326 ἄλλην
809 3254 919 3311 del.
957 3256 1057 3309 aut
1093 3249 1228 3324 ὅλην
1265 3253 1373 3325 leg.
1413 3253 1621 3309 Reiske
1793 3261 1825 3309 3
1864 3249 2212 3327 ἀνεπίβατον
2249 3251 2302 3305 II

383 3333 418 3378 4
457 3323 757 3381 ἐποιοῦντο
792 3331 914 3389 τοῖς
949 3324 1135 3391 ξένοις
1169 3326 1239 3392 D,
1286 3331 1405 3387 τοῖς
1441 3322 1624 3390 ξένοις
1662 3321 1897 3379 ἐποίουν
1934 3326 2086 3395 vulg.
2236 3329 2302 3378 15

384 3390 556 3458 ἄλλοις
592 3399 692 3465 τῆς
732 3399 998 3464 Φοινίκης
1033 3393 1225 3458 πόλεις
1261 3395 1314 3450 ΙΙ
1466 3401 1536 3450 20
1573 3399 1769 3449 πλεῖον
1809 3394 1916 3450 CF
2065 3400 2132 3450 22
2172 3411 2304 3449 συν-

385 3459 575 3533 τάξαι]
616 3464 1003 3536 συστήσασθαι
1041 3468 1093 3521 11
1210 3473 1279 3522 26
1318 3462 1603 3536 ᾆηθεισῶν
1641 3467 1819 3521 Wess.
