2569 4061
1143 383 1222 438 ΙΙΙ
1261 390 1345 439 19.
2088 386 2219 450 293

299 561 446 622 σαις
509 556 781 630 σκηναῖς
846 545 1222 631 ἐμβιοῦσιν·
1288 545 1421 629 ἅμα
1479 546 1607 631 γάρ
1663 546 1736 612 ἐν
1790 555 1876 634 γῇ
1929 544 2041 613 καὶ
2095 555 2222 613 θα-

298 652 498 737 λάττῃ
545 653 1011 736 διατρίβοντες
1050 651 1411 738 ἐπιτερπῶς
1466 649 1875 736 διεξάγουσι,
1935 655 2051 719 τὸν
2099 650 2222 737 μὲν

299 759 491 842 ἥλιον
527 758 890 842 φεύγοντες
932 765 1011 842 τῇ
1052 759 1164 824 διὰ
1208 767 1344 823 τῶν
1381 755 1770 842 ἀκρεμόνων
1811 768 1986 845 σκιᾷ,
2032 761 2107 825 τὸ
2147 757 2222 826 δὲ

301 866 590 950 φυσικὸν
643 863 794 952 περὶ
847 868 1016 941 τοὺς
1055 868 1304 941 τόπους
1357 872 1578 948 καῦμα
1631 871 1712 949 τῇ
1780 875 2048 949 συνεχεῖ
2099 876 2221 932 τοῦ

245 987 271 1027 5
299 973 586 1055 κύματος
648 972 1053 1058 προσκλύσει
1118 971 1630 1057 διορθούμενοι,
1698 980 1840 1046 ταῖς
1906 966 1980 1035 δὲ
2042 992 2222 1057 περι-

296 1089 533 1156 πνοαῖς
568 1089 704 1144 τῶν
739 1078 1069 1162 εὐκαίρων
1116 1074 1380 1161 ἀνέμων
1425 1078 1520 1154 εἰς
1562 1076 1912 1164 ῥαστώνην
1950 1078 2224 1161 ἄγοντες

297 1187 376 1250 τά
424 1186 740 1271 σώματα.·
783 1182 1021 1271 ῥητέον
1074 1180 1135 1247 δ’
1179 1182 1342 1267 ἡμῖν
1385 1180 1497 1248 καὶ
1541 1182 1694 1271 περὶ
1739 1193 1860 1250 τοῦ
1904 1185 2221 1269 τετάρτου

297 1290 539 1378 μέρους
584 1301 698 1375 τῆς
743 1291 1152 1375 σκηνώσεως.
1237 1289 1311 1354 ἐκ
1354 1291 1481 1376 γὰρ
1526 1299 1648 1356 τοῦ
1693 1292 1941 1369 παντὸς
1979 1293 2222 1369 αἰῶνος
2260 1310 2293 1358 5

297 1398 700 1483 σεσώρευται
746 1404 868 1462 τοῦ
913 1397 1114 1479 μνίου
1160 1397 1409 1480 φόρτος
1444 1398 1752 1482 ἄπλατος,
1800 1399 1941 1485 ὄρει
1976 1419 2221 1484 παρεμ-

217 1519 270 1560 10
298 1506 533 1589 φερής·
591 1497 787 1579 οὗτος
839 1502 969 1567 ὑπὸ
1016 1488 1132 1585 τῆς
1187 1511 1510 1586 συνεχοῦς
1563 1512 1683 1568 τοῦ
1727 1504 2015 1588 κύματος
2059 1509 2221 1589 πλη-

297 1618 417 1693 γῆς
451 1606 890 1692 πεπιλημένος
926 1608 1049 1690 τὴν
1078 1608 1290 1692 φύσιν
1329 1610 1461 1691 ἔχει
1497 1606 1883 1694 στερέμνιον
1909 1607 2021 1675 καὶ
2058 1628 2221 1695 συμ-

297 1712 753 1797 πεπλεγμένην
781 1714 992 1801 ἅμμςο.
1054 1713 1128 1779 ἐν
1154 1714 1417 1790 τούτοις
1446 1708 1571 1778 οὖν
1597 1724 1737 1791 τοῖς
1765 1714 2222 1800 ἀναστήμασιν

295 1819 681 1904 ὑπονόμους
735 1820 1173 1905 ἀνδρομήκεις
1228 1820 1645 1905 ὀρύττοντες,
1711 1822 1830 1886 τὸν
1884 1818 2006 1906 μὲν
2058 1826 2223 1888 κατὰ

295 1928 605 2013 κορυφὴν
649 1928 856 2015 τόπον
903 1926 1060 1991 ἐῶσι
1115 1924 1387 2010 στέγην,
1442 1928 1748 1993 κάτωθεν
1805 1922 1866 1992 δ’
1920 1928 2224 2005 αὐλῶνας

218 2049 269 2090 15
295 2036 702 2119 παραμήκεις
736 2030 848 2099 καὶ
874 2035 1041 2120 πρὸς
1069 2033 1399 2117 ἀλλήλους
1427 2033 1994 2121 συντετρημένους
2029 2058 2224 2101 κατα-

298 2142 746 2220 σκευάζουσιν.
839 2141 912 2206 έν
969 2138 1043 2206 δὲ
1105 2142 1370 2219 τούτοις
1433 2141 1891 2227 ἀναψύχοντες
1947 2140 2224 2219 ἑαυτοὺς

296 2246 592 2325 ἀλύπους
644 2249 1235 2332 κατασκευάζουσι,
1292 2246 1405 2314 καὶ
1458 2250 1624 2313 κατά
1679 2250 1797 2325 τὰς
1853 2247 2224 2325 ἐπικλύσεις

294 2363 429 2418 τῶν
500 2355 815 2438 κυμάτων
889 2353 1302 2438 ἐκπηδῶντες
1373 2352 1524 2440 περὶ
1596 2355 1719 2437 τὴν
1791 2356 2017 2442 θήραν
2089 2366 2223 2422 τῶν

300 2461 558 2543 ἰχθύων
577 2459 1044 2545 ἀσχολοῦνται·
1075 2460 1236 2525 ὅταν
1256 2456 1331 2525 δὲ
1361 2462 1654 2544 ἄμπωτις
1671 2459 1962 2544 γένηται,
1991 2484 2223 2527 κατευ-

216 2568 709 2656 2οωχησόμενοι
775 2568 856 2632 τά
918 2565 1270 2651 ληφθέντα
1337 2568 1799 2652 συμφεύγουσι
1864 2568 2065 2635 πάλιν
2130 2571 2223 2646 εἰς

297 2674 454 2748 τοὺς
499 2671 1018 2758 προειρημένους
1065 2673 1385 2750 αὐλῶνας.
1468 2676 1627 2749 τοὺς
1674 2670 1748 2738 δὲ
1793 2677 2221 2758 τελευτήσαν-

293 2801 410 2855 τας
462 2779 798 2844 θάπτουσι
851 2779 1017 2843 κατὰ
1071 2775 1194 2863 μὲν
1237 2780 1359 2846 τὸν
1403 2788 1521 2862 τῆς
1575 2779 1929 2865 ἀμπώτεως
1984 2784 2220 2868 καιρὸν
2259 2801 2291 2847 6

295 2884 532 2961 ἐῶντες
589 2883 1054 2970 ἐρριμμένους,
1121 2885 1281 2950 ὅταν
1340 2883 1401 2949 δ’
1452 2885 1494 2968 ἡ
1558 2884 1889 2972 πλημυρὶς
1949 2887 2221 2972 ἐπέλθῃ,

295 2990 647 3075 ῥίπτουσιν
702 2992 796 3067 εἰς
857 2991 980 3074 τὴν
1034 2991 1375 3056 θάλατταν
1429 2994 1509 3056 τά
1566 2993 1850 3076 σώματα.
1945 2995 2050 3059 διὸ
2110 2991 2222 3058 καὶ

213 3112 266 3153 25
293 3097 418 3179 τὴν
477 3097 658 3161 ἰδίαν
722 3097 943 3181 ταφὴν
1006 3096 1267 3183 τροφὴν
1320 3109 1456 3162 τῶν
1515 3099 1775 3182 ἰχθύων
1829 3099 2221 3180 ποιούμενοι

293 3202 754 3286 κυκλούμενον
802 3203 1196 3288 ἰδιοτρόπως
1239 3204 1359 3268 τὸν
1405 3206 1557 3287 βίον
1595 3206 1823 3288 ἔχουσι
1860 3199 2010 3287 παρ’
2057 3202 2218 3267 ὅλον

292 3309 413 3373 τὸν
458 3310 686 3374 αἰῶνα.

441 3507 467 3553 1
519 3496 603 3571 ἐν]
643 3500 742 3555 καὶ
782 3497 844 3556 ἐν
882 3501 931 3555 D
1078 3507 1109 3555 9
1156 3496 1396 3563 ἄπλετος
1431 3500 1483 3555 ΙΙ
1630 3506 1697 3554 10
1742 3494 2031 3569 καύματος
2065 3499 2218 3566 vulg.

291 3571 945 3710 ffivss‘ffiffl‘ss’ixmdffim
982 3572 1220 3640 codicem,
1259 3588 1395 3626 corr.
1437 3570 1594 3625 Eich.
1741 3577 1807 3624 22
1856 3567 1959 3639 μὲν
1996 3568 2220 3635 Jacobs,
