2569 4061
383 264 515 330 252
1049 258 1358 316 DIODORI
1391 255 1631 314 SICULI

385 425 459 493 δὲ
522 426 687 492 κατὰ
749 423 874 506 τὴν
929 423 1126 508 ῥάχιν
1188 422 1501 507 κύρτωμα
1564 415 1981 505 παρεμφερὲς
2037 420 2322 503 ἔχουσαι

382 533 685 617 καμήλῳ,
730 536 825 618 τῷ
888 528 1182 614 χρώματι
1234 525 1348 592 καὶ
1404 535 1485 612 τῇ
1539 526 1846 613 τριχώσει
1899 524 2321 612 παρδάλεσιν

382 635 706 703 ἐοίκασιν·
753 634 999 719 ὁμοίως
1045 630 1120 700 δὲ
1163 632 1276 698 καὶ
1317 634 1444 717 τὴν
1481 633 1694 716 οὐρὰν
1732 633 1991 718 μακρὰν
2038 634 2320 717 ἔχουσαι

311 764 343 813 2
380 743 506 827 τὴν
550 752 671 810 τοῦ
716 745 970 829 θηρίου
1017 741 1228 825 φύσιν
1274 739 1792 806 ἀποτυποῦνται.
1881 741 2188 823 γίνονται
2231 736 2316 805 δὲ

381 848 494 917 καὶ
537 848 948 936 τραγέλαφοι
991 846 1104 914 καὶ
1147 848 1474 931 βούβαλοι
1517 844 1629 912 καὶ
1683 847 1852 912 ἄλλα
1894 849 2100 911 πλείω
2145 844 2311 929 γένη
2344 867 2373 908 5

385 958 682 1043 δίμορφα
737 954 925 1042 ζῴων
978 952 1093 1019 καὶ
1145 954 1270 1037 τὴν
1317 954 1647 1018 σύνθεσιν
1692 951 1766 1018 ἐκ
1817 962 1954 1017 τῶν
1997 956 2317 1018 πλεῖστον

380 1064 506 1147 τὴν
551 1063 763 1146 φύσιν
806 1057 1315 1145 κεχωρισμένων
1360 1062 1628 1143 ἔχοντα,
1678 1056 1833 1144 περὶ
1878 1052 1975 1124 ὧν
2019 1059 2101 1124 τὰ
2145 1061 2316 1125 κατὰ

313 1190 345 1238 3
383 1168 584 1254 μέρος
626 1169 884 1252 μακρὸν
929 1165 1015 1232 ἂν
1049 1172 1152 1250 εἴη
1193 1166 1499 1252 γράφειν.
1583 1166 1774 1232 δοκεῖ
1810 1165 1940 1250 γὰρ
1984 1165 2028 1248 ἡ
2076 1181 2317 1248 συνεγ-

381 1277 656 1357 γίζουσα
701 1273 884 1358 χώρα
928 1282 1009 1358 τῇ
1055 1275 1430 1359 μεσημβρίᾳ
1463 1272 1589 1355 τὴν
1624 1269 1739 1356 ἀφ’
1784 1272 1983 1354 ἡλίου
2019 1271 2315 1355 δύναμιν

386 1379 834 1463 ζωτικωτάτην
899 1374 1112 1446 οὖσαν
1181 1380 1440 1463 πολλὴν
1512 1378 1939 1463 ἐμπνεῖσθαι,
2011 1376 2124 1444 καὶ
2198 1378 2313 1443 διὰ
2344 1398 2400 1439 ιο

383 1493 581 1550 τοῦτο
634 1490 905 1552 πολλῶν
964 1484 1078 1552 καὶ
1139 1488 1494 1569 ποικίλων,
1558 1487 1655 1550 ἔτι
1715 1480 1792 1552 δὲ
1843 1489 2069 1550 καλῶν
2125 1480 2313 1573 ζῴων

313 1613 348 1661 4
387 1592 626 1678 φύσεις
668 1601 933 1674 γεννᾶν.
1026 1593 1138 1658 διὰ
1184 1588 1260 1658 δὲ
1303 1594 1423 1669 τὰς
1468 1591 1675 1668 αὐτὰς
1719 1593 1933 1667 αἰτίας
1977 1592 2143 1655 κατὰ
2187 1587 2314 1674 μὲν

381 1700 505 1783 τὴν
558 1705 907 1784 Αἴγυπτον
961 1700 1119 1775 τούς
1179 1721 1250 1764 τε
1313 1698 1786 1783 κροκοδείλους
1848 1697 2148 1781 φύεσθαι
2198 1696 2314 1766 καὶ

380 1799 539 1884 τοὺς
582 1808 949 1890 ποταμίους
985 1805 1249 1888 ἵππους,
1296 1805 1463 1869 κατὰ
1509 1800 1584 1869 δὲ
1628 1805 1752 1887 τὴν
1787 1804 2165 1872 Αἰθιοπίαν
2200 1802 2315 1869 καὶ

380 1914 505 1997 τὴν
548 1921 666 1997 τῆς
709 1913 971 1996 Λιβύης
1024 1913 1274 1995 ἔρημον
1332 1909 1718 1997 ἐλεφάντων
1761 1933 1832 1975 τε
1885 1915 2147 1994 πλῆθος
2198 1909 2312 1976 καὶ
2344 1929 2396 1972 15

379 2021 827 2087 παντοδαπῶν
872 2019 1099 2104 ὄφεών
1144 2041 1215 2085 τε
1275 2015 1387 2085 καὶ
1442 2028 1579 2084 τῶν
1624 2019 1846 2085 ἄλλων
1889 2020 2157 2105 θηρίων
2200 2016 2316 2085 καὶ

383 2129 773 2214 δρακόντων
809 2125 1313 2213 ἐξηλλαγμένων
1348 2136 1490 2203 τοῖς
1532 2150 1605 2191 τε
1650 2123 1968 2210 μεγέθεσι
2009 2122 2124 2192 καὶ
2169 2137 2315 2202 ταῖς

382 2234 644 2318 ἀλκαῖς,
701 2235 946 2319 ὁμοίως
991 2230 1066 2299 δὲ
1120 2233 1234 2299 καὶ
1276 2236 1438 2310 τοὺς
1482 2230 1634 2318 περὶ
1677 2233 1802 2317 τὴν
1839 2229 2130 2315 Ἰνδικὴν
2176 2232 2315 2298 ἐλέ-

382 2365 659 2426 φαντας,
697 2342 1237 2428 ὑπερβάλλοντας
1271 2351 1414 2417 τοῖς
1449 2362 1520 2406 τε
1558 2342 1784 2423 ὄγκοις
1809 2336 1922 2406 καὶ
1956 2341 2312 2423 πλήθεσιν,

381 2452 480 2513 ἔτι
525 2446 601 2515 δὲ
644 2459 790 2525 ταῖς
835 2447 1082 2523 ἀλκαῖς.
2342 2465 2401 2505 20

278 2552 365 2617 52
570 2553 671 2618 Οὐ
716 2556 929 2638 μόνον
976 2549 1037 2617 δ’
1082 2546 1158 2616 ἐν
1192 2551 1465 2627 ταύταις
1508 2561 1655 2628 ταῖς
1698 2551 1945 2637 χώραις
1992 2555 2120 2641 ζῷα
2163 2576 2314 2635 γεν-

383 2668 580 2724 νᾶται
633 2668 778 2736 ταῖς
833 2656 1041 2734 ἰδέαις
1093 2655 1547 2742 ἐξηλλαγμένα
1606 2659 1720 2724 διὰ
1772 2659 1894 2741 τὴν
1949 2656 2064 2742 ἀφ’
2116 2657 2315 2741 ἡλίου

387 2766 751 2849 συνεργίαν
794 2761 906 2830 καὶ
953 2764 1274 2848 δύναμιν,
1333 2763 1503 2829 ἀλλὰ
1554 2761 1666 2830 καὶ
1712 2767 1933 2830 λίθων
1975 2768 2315 2831 παντοίων

384 2870 699 2957 ἐκφύσεις
744 2871 1061 2957 διάφοροι
1095 2882 1241 2949 ταῖς
1284 2873 1517 2956 χρόαις
1548 2868 1662 2959 καὶ
1706 2881 1852 2948 ταῖς
1896 2873 2314 2956 λαμπρότησι

313 2997 344 3046 2
384 2979 753 3065 διαφανεῖς.
835 2981 993 3056 τοὺς
1035 2980 1167 3066 γὰρ
1211 2978 1666 3065 κρυστάλλους
1703 2980 1943 3055 λίθους
1978 2981 2155 3064 ἔχειν
2189 2979 2314 3062 τὴν
2341 2995 2400 3039 25

384 3088 709 3153 σύστασιν
747 3085 814 3166 ἐξ
851 3085 1097 3163 ὕδατος
1129 3090 1441 3170 καθαροῦ
1484 3081 1811 3166 παγέντος
1856 3084 1980 3169 οὐχ
2016 3084 2148 3151 ὑπὸ
2183 3086 2311 3163 ψύ-

382 3217 565 3277 χους,
614 3191 758 3259 ἀλλ’
802 3192 933 3257 ὑπὸ
970 3193 1170 3256 θείου
1215 3191 1429 3276 πυρὸς
1468 3190 1833 3275 δυνάμεως,
1881 3190 1976 3287 δι’
2019 3191 2105 3276 ἣν
2152 3191 2316 3276 ἀσή-

382 3319 590 3375 πτους
617 3294 739 3383 μὲν
766 3298 1012 3374 αὐτοὺς
1041 3296 1404 3381 διαμένειν,
1431 3298 1731 3379 βαφῆναι
1760 3294 1837 3363 δὲ
1863 3301 2315 3384 πολυμόρφως

529 3526 560 3571 ’1
598 3522 667 3591 τῇ
708 3518 882 3589 φύσει
917 3521 970 3573 Π
1116 3528 1185 3577 28
1221 3517 1568 3592 πολυμόρφῳ
1601 3522 1826 3578 Reiske.
