2569 4061
468 310 603 376 514
1137 306 1443 365 DIODORI
1482 306 1716 363 SICULI

471 471 676 536 αὐτὸν
719 467 871 556 περὶ
909 478 1031 536 τοῦ
1074 472 1298 555 γάμου
1341 479 1458 554 τῆς
1493 471 1832 555 θυγατρὸς
1876 480 2099 556 κρῖναι
2149 470 2466 553 ταύτην

468 573 815 662 παρθένον
836 578 1333 662 διαφυλάττειν,
1352 576 1914 661 ὑπολαμβάνοντα
1941 579 2173 662 μόνως
2195 576 2462 654 οὕτως

398 700 431 750 ³
470 682 912 769 ἐκφεύξεσθαι
975 686 1094 750 τὸν
1156 683 1497 749 κίνδυνον.
1602 685 1834 769 διόπερ
1896 687 2175 748 πολλῶν
2249 708 2452 768 μνη-

469 789 892 875 στευομένων
934 791 1058 875 τὴν
1104 793 1342 877 κόρην,
1397 784 1615 855 ἆθλον
1659 793 2003 876 προετίθει
2048 799 2201 866 τοϊς
2254 794 2446 873 βου-

470 897 777 983 λομένοις
822 897 1031 981 αὐτὴν
1075 906 1278 983 γῆμαι
1314 906 1648 963 τοιοῦτον·
1696 898 1831 962 ἔδει
1868 898 1987 962 τὸν
2032 891 2159 980 μὲν
2213 894 2444 982 ἡττη-
2468 913 2490 953 5

467 1003 679 1071 θέντα
740 1009 1155 1088 τελευτῆσαι,
1219 1006 1339 1069 τὸν
1399 1004 1457 1068 δ’
1518 1004 1910 1089 ἐπιτυχόντα
1972 1013 2225 1086 γαμεῖν
2293 1006 2440 1088 τὴν

469 1113 699 1198 κόρην.
769 1110 1182 1194 ὑπεστήσατο
1230 1104 1293 1175 δ’
1343 1110 1791 1194 ἱπποδρομίαν
1837 1109 1964 1175 ἀπὸ
2010 1117 2128 1192 τῆς
2178 1111 2435 1195 Πίσης

473 1217 663 1303 μέχρι
707 1225 828 1282 τοῦ
873 1218 1038 1282 κατὰ
1074 1220 1428 1304 Κόρινθον
1467 1216 1743 1300 Ἰσθμοῦ
1787 1218 1953 1302 πρὸς
1995 1217 2118 1281 τὸν
2163 1218 2430 1301 βωμὸν

467 1332 590 1388 τοῦ
627 1322 1075 1405 Ποσειδῶνος,
1120 1324 1245 1406 τὴν
1294 1321 1356 1388 δ’
1392 1324 1634 1408 ἄφεσιν
1677 1333 1814 1388 τῶν
1855 1323 2077 1389 ἵππων
2125 1322 2425 1408 ἐποίησε

401 1445 434 1492 4
468 1429 800 1512 τοιαύτην.
895 1428 930 1494 6
986 1425 1109 1514 μὲν
1160 1432 1495 1515 Οἰνόμαος
1549 1432 1710 1495 ἔθυε
1764 1431 1956 1516 κριὸν
2010 1437 2103 1517 τῷ
2156 1433 2321 1513 Διί,
2376 1431 2416 1496 6
2441 1445 2486 1485 1⁰

470 1530 545 1599 δὲ
581 1538 1112 1621 μνηστευόμενος
1148 1535 1407 1622 ἐξώρμα
1439 1534 1811 1622 τέθριππον
1848 1535 2153 1602 ἐλαύνων
2192 1538 2411 1623 ἅρμα·

469 1640 890 1725 ἁγισθέντων
938 1639 1013 1708 δὲ
1056 1653 1192 1707 τῶν
1239 1644 1460 1734 ἱερῶν,
1505 1645 1653 1708 τότε
1700 1645 2025 1730 ἄρχεσθαι
2068 1652 2193 1709 τοῦ
2246 1645 2408 1732 δρό-

469 1772 601 1833 μου
636 1750 756 1814 τὸν
788 1751 1126 1833 Οἰνόμαον
1160 1746 1270 1814 καὶ
1300 1749 1569 1814 διώκειν
1604 1750 1724 1814 τὸν
1753 1757 2117 1835 μνηστῆρα,
2155 1752 2405 1834 ἔχοντα

472 1856 640 1941 δόρυ
701 1851 813 1921 καὶ
876 1854 1153 1938 ἡνίοχον
1215 1855 1335 1919 τὸν
1398 1858 1778 1941 Μυρτίλον·
1843 1857 1908 1919 εἰ
1973 1850 2034 1919 δ’
2088 1854 2401 1937 ἐφίκοιτο

467 1964 865 2046 καταλαβεῖν
901 1961 977 2025 τὸ
1016 1962 1430 2046 διωκόμενον
1468 1961 1665 2048 ἅρμα,
1711 1962 1984 2027 τύπτειν
2024 1965 2107 2048 τῷ
2145 1959 2395 2045 δόρατι
2427 1976 2472 2017 1⁵

468 2068 580 2135 καὶ
617 2070 1043 2155 διαφθείρειν
1079 2069 1200 2133 τὸν
1236 2070 1596 2154 μνηστῆρα.
1653 2070 1876 2156 τούτῳ
1918 2066 1995 2134 δὲ
2036 2075 2124 2157 τῷ
2159 2070 2393 2158 τρόπῳ

467 2180 625 2253 τοὺς
687 2174 790 2241 ἀεὶ
854 2174 1432 2260 μνηστευομένους
1501 2176 2027 2260 καταλαμβάνων
2093 2175 2199 2239 διὰ
2264 2175 2391 2258 τὴν

396 2293 432 2373 β
469 2282 750 2367 ὀξύτητα
803 2292 938 2347 τῶν
993 2282 1214 2347 ἵππων
1268 2285 1560 2359 πολλοὺς
1610 2279 1859 2368 ἀνῄρει.
1954 2280 2186 2359 Πέλοψ
2232 2280 2295 2347 δ’
2349 2283 2387 2348 6

478 2389 822 2457 Ταντάλου
874 2389 1286 2471 καταντήσας
1339 2391 1434 2466 εἰς
1489 2394 1716 2453 Πῖσαν
1726 2437 1746 2471 ,
1807 2387 1920 2454 καὶ
1973 2390 2385 2473 θεασάμενος

467 2499 591 2582 τὴν
636 2494 1134 2581 Ἱπποδάμειαν,
1192 2494 1570 2579 ἐπεθύμησε
1625 2503 1746 2561 τοῦ
1798 2495 2041 2579 γάμού
2099 2499 2381 2583 φθείρας
2406 2509 2450 2549 2⁰

469 2600 545 2667 δὲ
589 2604 708 2667 τὸν
741 2603 1018 2688 ἡνίοχον
1053 2610 1176 2666 τοῦ
1220 2603 1564 2687 Οἰνομάου
1599 2604 1978 2688 Μυρτίλον,
2014 2600 2128 2667 καὶ
2164 2603 2380 2685 λαβὼν

467 2711 798 2793 συνεργὸν
852 2710 1018 2793 πρὸς
1070 2709 1194 2791 τὴν
1248 2710 1478 2793 νίκην,
1541 2710 1798 2793 ἔφθασε
1853 2710 2379 2795 παραγενόμενος

467 2813 573 2881 ἐπὶ
618 2816 738 2879 τὸν
778 2811 1050 2898 Ἰσθμὸν
1105 2815 1271 2900 πρὸς
1315 2816 1436 2879 τὸν
1491 2823 1614 2879 τοῦ
1660 2816 2090 2889 Ποσειδῶνος
2142 2816 2375 2897 βωμόν.

398 2932 430 2982 6
469 2923 505 2988 6
554 2920 614 2988 δ’
661 2923 993 3006 Οἰνόμαος
1047 2923 1121 2987 τὸ
1179 2923 1413 3004 λόγιον
1467 2919 1847 2987 τετελέσθαι
1901 2922 2219 3005 νομίζων,
2268 2919 2374 2985 καὶ

471 3034 582 3098 διὰ
627 3033 749 3115 τὴν
799 3029 1017 3115 λύπην
1063 3029 1446 3114 ἀθυμήσας,
1494 3028 1701 3094 αὑτὸν
1749 3029 1820 3119 ἐκ
1875 3037 1995 3093 τοῦ
2046 3031 2159 3112 ζῆν
2202 3027 2369 3112 μετέ-
2395 3041 2441 3084 2⁵

471 3156 684 3225 στησε.
777 3139 987 3227 τούτῳ
1064 3134 1137 3202 δὲ
1207 3143 1300 3224 τῷ
1373 3138 1597 3224 τρόπω
1674 3132 1907 3211 Πέλοψ
1980 3137 2191 3219 γήμας
2255 3137 2370 3219 την

458 3245 927 3330 Ἱπποδάμειαν
972 3241 1304 3331 παρέλαβε
1349 3243 1472 3325 τὴν
1516 3240 1592 3307 ἐν
1636 3244 1814 3327 Πίσῃ
1863 3244 2222 3325 βασιλείαν,
2262 3240 2366 3307 καὶ

448 3352 581 3418 ’διὰ
615 3352 739 3435 τὴν
777 3351 1092 3437 ἀνδρείαν
1126 3347 1239 3414 καὶ
1283 3348 1556 3413 σύνεσιν
1593 3345 1695 3413 ἀεὶ
1733 3352 1986 3430 μᾶλλον
2026 3337 2378 3431 αὐξόμενος

645 3512 677 3558 2
723 3503 1089 3576 ὑπολαβόντα
1126 3504 1179 3558 II
1359 3511 1427 3560 23
1469 3499 1585 3576 ἐπὶ]
1624 3501 1767 3573 πρὸς
1804 3505 1853 3558 D
1997 3500 2161 3575 πρὸς]
2197 3499 2280 3558 ἐπὶ
2313 3503 2357 3558 D

466 3580 533 3628 27
574 3575 669 3628 καὶ
707 3571 804 3628 διὰ
844 3573 948 3643 τὴν
985 3569 1259 3642 ἀνδρείαν
1300 3590 1408 3629 om.
1449 3576 1498 3629 D
1608 3580 1677 3629 28
1716 3575 1940 3630 συνέσει
1978 3574 2046 3629 D.
