2569 4061
371 223 497 290 138
1029 221 1337 278 DIODORI
1375 220 1608 278 SICULI

368 385 430 451 δ’
475 381 574 451 ἐπ’
617 385 846 465 ὀλίγον
885 374 1320 449 διδάσκουσιν
1357 384 1479 469 οὐχ
1517 385 1818 466 ἅπαντες,
1867 383 2011 450 ἀλλ’
2059 387 2129 451 οἱ
2170 389 2288 463 τὰς

366 490 595 575 τέχνας
632 492 1222 574 μεταχειριζόμενοι
1260 490 1556 573 μάλιστα.
1612 494 2025 576 παλαίστραν
2064 488 2136 557 δὲ
2173 491 2284 556 καὶ

365 596 692 679 μουσικὴν
748 595 830 660 οὐ
875 598 1161 679 νόμιμόν
1208 595 1346 660 ἐστι
1391 590 1547 680 παρ’
1600 595 1827 672 αὐτοῖς
1881 598 2282 679 μανθάνειν·

362 701 910 786 ὑπολαμβάνουσι
957 703 1083 787 γὰρ
1131 700 1203 766 ἐκ
1247 696 1371 784 μὲν
1414 710 1549 765 τῶν
1594 699 1749 767 καθ’
1794 701 2048 790 ἡμέραν
2095 703 2168 768 ἐν
2204 713 2284 789 τῇ

365 811 734 895 παλαίστρα
770 811 1159 892 γυμνασίων
1199 810 1357 883 τοὺς
1392 806 1588 884 νέους
1634 808 1757 892 οὐχ
1794 807 2055 891 ὑγίειαν
2092 808 2282 892 ἕξειν,
2311 827 2338 866 5

367 914 533 979 ἀλλά
560 915 790 1000 ῥώμην
826 913 1289 998 ὀλιγοχρόνιον
1325 911 1436 978 καὶ
1469 918 1807 991 παντελῶς
1835 913 2281 999 ἐπικίνδυνον,

364 1022 488 1105 τὴν
553 1018 626 1087 δὲ
686 1020 1014 1105 μουσικὴν
1077 1022 1465 1103 νομίζουσιν
1530 1019 1612 1085 οὐ
1677 1022 1889 1104 μόνον
1953 1023 2286 1106 ἄχρηστον

363 1127 707 1213 ὑπάρχειν,
737 1126 903 1190 ἀλλὰ
937 1124 1048 1190 καὶ
1085 1126 1439 1212 βλαβεράν,
1477 1125 1566 1203 ὡς
1597 1124 1736 1209 [ἂν]
1776 1125 2284 1211 ἐκθηλύνουσαν

364 1233 480 1309 τὰς
522 1243 658 1297 τῶν
704 1231 1087 1297 ἀκουόντων
1132 1233 1361 1316 ψυχάς.

262 1341 346 1404 82
552 1340 682 1415 Τάς
729 1334 802 1402 δὲ
837 1340 1082 1415 νόσους
1126 1342 1913 1423 προκαταλαμβανόμενοι
1954 1342 2284 1425 θεραπεύ-
2314 1359 2366 1398 10

366 1460 518 1509 ουσι
561 1445 643 1508 τὰ
681 1445 950 1532 σώματα
993 1449 1314 1529 κλυσμοῖς
1349 1443 1459 1509 καὶ
1495 1448 1828 1529 νηστείαις
1863 1444 1973 1512 καὶ
2011 1445 2283 1530 ἐμέτοις,

367 1549 577 1615 ἐνίοτε
622 1547 745 1634 μὲν
789 1548 945 1616 καθ’
991 1549 1270 1634 ἑκάστην
1315 1549 1598 1635 ἡμέραν,
1645 1551 1857 1616 ἐνίοτε
1906 1548 1979 1617 δὲ
2023 1563 2198 1641 τρεῖς
2242 1551 2282 1635 ἢ

296 1681 327 1727 2
364 1655 674 1744 τέτταρας
745 1657 992 1745 ἡμέρας
1065 1660 1530 1734 διαλείποντες.
1641 1657 1808 1741 φασὶ
1870 1661 1998 1742 γὰρ
2072 1660 2287 1741 πάσης

364 1772 616 1848 τροφῆς
672 1763 1118 1846 ἀναδοθείσης
1171 1766 1245 1828 τὸ
1293 1763 1499 1828 πλέον
1553 1758 1725 1829 εἶναι
1768 1766 2104 1851 περιττόν,
2152 1754 2278 1844 ἀφ’

367 1864 450 1934 οὗ
495 1875 864 1951 γεννᾶσθαι
912 1871 1028 1946 τὰς
1080 1872 1352 1946 νόσους·
1408 1870 1576 1935 ὥστε
1621 1871 1744 1952 τὴν
1795 1869 2282 1955 προειρημένην
2314 1888 2365 1928 15

365 1978 733 2060 θεραπείαν
772 1975 1183 2061 ἀναιροῦσαν
1221 1977 1336 2054 τὰς
1384 1975 1587 2063 ἀρχὰς
1622 1985 1737 2061 τῆς
1780 1978 1988 2042 νόσου
2025 1973 2279 2062 μάλιστ’

297 2107 329 2155 3
368 2082 452 2148 ἂν
505 2084 1000 2169 παρασκευάσαι
1043 2083 1167 2166 τὴν
1221 2082 1500 2166 ὑγίειαν.
1591 2085 1756 2148 κατὰ
1803 2080 1876 2149 δὲ
1929 2085 2046 2162 τάς
2090 2102 2285 2170 στρα-

365 2194 543 2268 τείας
577 2189 688 2256 καὶ
732 2191 848 2267 τὰς
893 2188 999 2255 ἐπὶ
1034 2197 1150 2273 τῆς
1185 2190 1405 2275 χώρας
1450 2188 1764 2274 ἐκδημίας
1796 2192 2286 2277 θεραπεύονται

365 2299 604 2373 πάντες
652 2296 895 2363 οὐδένα
940 2298 1192 2380 μισθὸν
1240 2298 1380 2382 ἰδίᾳ
1420 2297 1744 2372 διδόντες·
1793 2296 1865 2362 οἱ
1903 2299 2032 2385 γὰρ
2071 2297 2287 2386 ἰατροὶ

249 2420 253 2429 ’
365 2404 481 2478 τὰς
528 2399 649 2485 μὲν
693 2404 945 2486 τροφὰς
990 2401 1062 2466 ἐκ
1105 2410 1228 2465 τοῦ
1272 2409 1509 2465 κοινοῦ
1554 2402 2002 2486 λαμβάνουσι,
2049 2407 2166 2482 τὰς
2211 2400 2285 2470 δὲ
2313 2421 2366 2461 20

365 2509 724 2591 θεραπείας
776 2508 1190 2593 προσάγουσι
1244 2507 1409 2569 κατὰ
1461 2507 1673 2587 νόμον
1725 2508 2099 2591 ἔγγραφον,
2153 2510 2283 2573 ὑπὸ
2324 2530 2392 2578 93

365 2616 633 2678 πολλῶν
687 2611 798 2677 καὶ
855 2609 1357 2694 δεδοξασμένων
1412 2612 1658 2695 ἰατρῶν
1704 2608 1998 2694 ἀρχαίων
2053 2629 2282 2694 συγγε-

366 2715 764 2805 γραμμένον.
855 2716 980 2782 κᾶν
1032 2727 1172 2792 τοῖς
1228 2714 1301 2780 ἐκ
1352 2722 1468 2799 τῆς
1528 2714 1707 2797 ἱερᾶς
1761 2718 1999 2799 βίβλου
2052 2719 2285 2800 νόμοις

368 2821 1013 2907 ἀναγινωσκομένοις
1050 2822 1628 2905 ἀκολουθήσαντες
1663 2821 2128 2905 ἀδυνατήσωσι
2157 2834 2284 2888 σῶ-

369 2950 480 3000 σαι
533 2935 650 2997 τὸν
696 2932 1062 3015 κάμνοντα,
1109 2929 1329 3019 ἀθῷοι
1381 2931 1626 3006 παντὸς
1672 2928 2074 3014 ἐγκλήματος
2125 2929 2283 2995 ἀπο-
2312 2949 2366 2989 25

368 3043 669 3124 λύονται,
718 3038 834 3104 ἐὰν
880 3037 960 3103 δέ
1000 3061 1063 3103 τι
1108 3039 1287 3123 παρὰ
1342 3037 1423 3101 τὰ
1469 3034 1889 3122 γεγραμμένα
1933 3039 2284 3120 ποιήσωσι,

513 3277 541 3322 1
601 3264 966 3322 διδάσκονται
1012 3264 1217 3321 Reiske
1269 3264 1793 3349 (cf.p.136,19)n
1900 3269 1931 3318 7
1985 3263 2077 3338 δὲ]
2124 3285 2182 3320 τε
2237 3266 2284 3320 D

367 3343 399 3391 8
448 3359 519 3393 αν
570 3338 678 3395 del.
716 3337 975 3393 ΗΒΑ-,19111
1119 3343 1150 3391 9
1213 3307 1750 3458 ἀκουόντων]Βάνδρ
1719 3336 1832 3404 ρῶν
1871 3335 1922 3389 ΙΙ
2070 3343 2134 3392 17
2182 3334 2286 3405 τὴν

369 3423 477 3463 om.
514 3408 564 3461 D
694 3415 760 3464 18
800 3405 893 3463 ἐπὶ
929 3426 1039 3465 om.
1076 3409 1137 3476 F,
1176 3402 1239 3461 ἐκ
1277 3406 1369 3462 vel
1407 3424 1521 3460 απο
1611 3403 1763 3462 eiske
1890 3412 1959 3462 21
1998 3403 2112 3463 υπὸ
2151 3407 2283 3462 Din-

370 3474 511 3539 doff,
549 3472 666 3531 ἀπὸ
701 3477 844 3533 libri
979 3484 1047 3534 26
1084 3500 1137 3533 τι
1176 3496 1282 3535 om.
1320 3477 1472 3547 vulg.
