2569 4061
0 85 2569 133 —

1094 379 1175 434 ΠΙ
1213 386 1299 434 31.
1339 385 1424 436 32.
2069 381 2206 446 309

282 544 415 627 ἔχει
441 538 776 627 θηριώδη·
816 543 1110 608 λείπεται
1149 538 1224 607 δὲ
1260 542 1560 607 διελθεῖν
1595 540 1761 629 ὑπὲρ
1796 545 1921 609 δύο
1961 542 2207 627 ἐθνῶν,

280 658 418 714 τῶν
452 671 522 714 τε
556 650 917 713 Αὐθιόπων
952 646 1066 713 καὶ
1099 659 1236 713 τῶν
1283 649 1799 734 Τρωγλοδυτῶν.
1858 650 2024 714 ἀλλὰ
2061 647 2213 735 περὶ

281 751 405 839 μὲν
457 756 818 820 Αἰθιόπων
873 754 1430 841 ἀναγεγράφαμεν
1486 753 1561 820 έν
1616 755 1873 837 ἄλλοις,
1934 754 2085 841 περὶ
2142 751 2215 821 δὲ

280 871 417 927 τῶν
471 862 968 947 Τρωγλοδυτῶν
1013 871 1145 927 νῦν
1191 861 1492 947 ἐροῦμεν.

234 987 260 1027 5
471 967 560 1032 oc
607 969 840 1033 τοίνυν
902 968 1375 1051 Τρωγλοδύται
1428 967 2041 1052 προσαγορεύονται
2096 963 2218 1051 μὲν
2238 968 2325 1032 32
2413 1040 2417 1045 .

281 1074 411 1139 ὑπὸ
467 1083 602 1139 τῶν
659 1072 992 1156 Ἑλλήνων
1037 1072 1390 1156 Νομάδες,
1446 1075 1598 1154 βίον
1653 1070 1714 1136 δ’
1771 1073 2032 1158 ἔχοντες
2090 1072 2217 1139 ἀπὸ

285 1181 691 1267 θρεμμάτων
744 1180 1113 1264 νομαδικὸν
1168 1179 1335 1243 κατὰ
1382 1180 1762 1264 συστήματα
1808 1188 2221 1265 τυραννοῦν-

282 1311 422 1370 ται,
496 1284 611 1352 καὶ
683 1286 844 1371 μετὰ
919 1294 1055 1350 τῶν
1120 1281 1372 1349 τέκνων
1433 1287 1549 1364 τὰς
1610 1298 1931 1369 γυναῖκας
1995 1288 2223 1372 ἔχουσι

283 1395 515 1470 κοινὰς
558 1392 735 1474 πλὴν
780 1401 933 1476 μιᾶς
977 1399 1095 1474 τῆς
1139 1399 1262 1455 τοῦ
1308 1393 1679 1477 τυράννου·
1724 1395 1843 1459 τὸν
1894 1390 1968 1458 δὲ
2012 1394 2220 1478 ταύτῃ

210 1517 262 1558 ιο
289 1499 748 1581 πλησιάσαντα
783 1497 1154 1582 πρόστιμον
1192 1496 1229 1561 ὁ
1268 1498 1600 1580 δυνάστης
1644 1499 1995 1584 πράττεται
2040 1522 2219 1564 τετα-

284 1600 534 1689 γμένον
564 1602 857 1688 ἀριθμὸν
884 1603 1259 1688 προβάτων.
1306 1606 1472 1668 κατὰ
1501 1601 1576 1668 δὲ
1610 1606 1730 1669 τὸν
1766 1615 1900 1670 τῶν
1938 1605 2219 1690 ἐτησίων
2257 1625 2290 1672 2

286 1711 524 1795 καιρὸν
560 1710 933 1792 γινομένων
972 1707 1126 1794 παρ’
1156 1708 1384 1786 αὐτοῖς
1421 1710 1692 1794 ὄμβρων
1730 1710 2056 1793 μεγάλων,
2097 1711 2212 1795 ἀφ’

289 1817 565 1900 αἵματος
598 1812 713 1880 καὶ
746 1815 1072 1897 γάλακτος
1110 1812 1601 1900 διατρέφονται,
1641 1815 1991 1897 μίσγοντες
2015 1824 2223 1881 ταῦτα

285 1920 397 1989 καὶ
451 1925 709 2008 βραχὺν
762 1924 1011 2007 χρόνον
1045 1919 1440 2005 ἑψήσαντες.
1531 1921 1693 2004 μετὰ
1740 1919 1814 1985 δὲ
1859 1930 2064 1986 ταῦτα
2110 1924 2224 1987 διὰ

210 2047 261 2088 15
288 2032 412 2114 τὴν
465 2040 600 2095 τῶν
654 2027 1009 2113 καυμάτων
1070 2027 1453 2114 ὑπερβολὴν
1497 2036 1614 2111 τῆς
1656 2036 1865 2112 νομῆς
1920 2027 2223 2114 ξηραινο-

290 2134 492 2221 μένης
535 2136 1077 2220 καταφεύγουσιν
1126 2136 1221 2212 εἰς
1264 2137 1425 2211 τοὺς
1469 2132 1737 2211 ἑλώδεις
1782 2135 2058 2218 τόπους,
2114 2134 2224 2201 καὶ

288 2241 441 2328 περὶ
484 2251 599 2327 τῆς
643 2250 761 2325 τῆς
794 2243 1014 2328 χώρας
1050 2250 1260 2325 νομῆς
1297 2243 1462 2326 πρὸς
1501 2240 1831 2324 ἀλλήλους
1869 2242 2224 2325 διαμάχον-

288 2372 412 2414 ται.
485 2360 621 2414 τῶν
668 2345 742 2414 δὲ
790 2349 1229 2432 βοσκημάτων
1275 2349 1357 2412 τὰ
1400 2348 1813 2433 πρεσβύτερα
1850 2345 1960 2412 καὶ
1997 2359 2225 2413 νοσεῖν
2263 2370 2294 2417 3

296 2453 629 2541 ἀρχόμενα
682 2457 1279 2530 καταναλίσκοντες
1326 2452 1453 2518 ἀπὸ
1500 2453 1758 2518 τούτων
1802 2455 1923 2518 τὸν
1967 2454 2225 2519 ἅπαντα

215 2578 271 2620 20
299 2562 548 2647 χρόνον
576 2559 1068 2647 διατρέφονται.
1145 2560 1378 2644 διόπερ
1406 2559 1530 2642 τὴν
1557 2570 1691 2625 τῶν
1727 2557 1985 2641 γονέων
2020 2578 2226 2646 προσ-

295 2668 580 2752 ηγορίαν
618 2667 1002 2753 ἀνθρώπων
1045 2662 1169 2751 μὲν
1209 2664 1441 2732 οὐδενὶ
1481 2667 1963 2752 προσάπτουσι,
2000 2668 2225 2756 ταύρῳ

187 2786 289 2836 198
316 2771 391 2840 δὲ
443 2771 557 2839 καὶ
610 2776 725 2857 βοῒ
772 2771 883 2839 καὶ
936 2775 1141 2839 πάλιν
1186 2781 1351 2861 κριῷ
1398 2771 1510 2838 καὶ
1567 2773 1905 2861 προβάτῳ·
1966 2775 2225 2839 τούτων

294 2878 370 2947 δὲ
416 2883 574 2958 τοὺς
620 2877 741 2964 μὲν
785 2879 1101 2966 πατέρας,
1159 2881 1275 2957 τὰς
1332 2876 1407 2944 δὲ
1461 2877 1743 2965 μητέρας
1786 2883 2068 2946 καλοῦσι
2115 2881 2227 2944 διὰ

289 2990 365 3054 τὸ
411 2990 805 3073 πορίζεσθαι
849 2988 964 3062 τὰς
1010 2985 1386 3072 ἐφημέρους
1429 2987 1682 3072 τροφὰς
1720 2983 1823 3050 ἀεὶ
1860 2988 2039 3072 παρὰ
2075 2986 2227 3050 τού-

212 3110 264 3151 25
293 3116 458 3177 των,
515 3092 683 3158 ἀλλὰ
737 3094 826 3177 μὴ
881 3093 1060 3178 παρὰ
1114 3102 1249 3157 τῶν
1303 3094 1818 3175 γεγεννηκότων.
1912 3097 2089 3177 ποτῷ
2151 3089 2224 3152 δ’

294 3201 365 3265 οἰ
423 3197 546 3285 μὲν
624 3200 880 3265 ἰδιῶται
959 3210 1377 3284 συγχρῶνται
1439 3198 1825 3282 παλιούρων
1886 3192 2225 3278 βρέγματι,

294 3315 435 3383 τοῖς
482 3303 556 3371 δὲ
605 3307 965 3381 δυνάσταις
1002 3304 1131 3369 ἀπό
1168 3327 1352 3380 τινος
1390 3305 1647 3379 ἄνθους
1680 3299 2227 3376 κατασκευάζεται

476 3505 508 3553 2
563 3500 661 3553 καὶ
706 3499 846 3570 τῶν]
898 3496 998 3553 καὶ
1047 3496 1096 3550 D
1283 3503 1350 3551 13
1410 3493 1724 3566 μίσγοντες]
1782 3490 1883 3545 καὶ
1938 3490 2229 3559 μίσγοντες

205 3601 213 3608 ·
296 3568 495 3710 §gaece
531 3575 615 3693 57
674 3570 774 3638 τῆς
829 3589 874 3625 τ.
932 3591 981 3640 χ.
1037 3568 1240 3640 νομῆς]
1297 3568 1396 3636 τῆς
1445 3586 1495 3636 χ.
1552 3560 1728 3635 μόνης
1782 3561 1860 3632 D,
1915 3561 2015 3629 τῆς
2067 3580 2115 3629 χ.
2175 3556 2234 3613 οἱ
