2569 4061
940 386 968 440 Ι
1010 392 1091 441 16.
1135 391 1215 439 16.
1258 392 1342 443 17.
2014 386 2099 451 27

184 548 342 611 ὄντα
393 544 504 612 καὶ
568 548 962 631 φιλόδοξον,
1026 549 1480 633 στρατόπεδον
1543 548 1707 633 μέγα
1773 555 2101 631 συστησα-

184 658 373 736 σθαι,
435 654 923 739 διανοούμενον
969 654 1278 720 ἐπελθεῖν
1325 655 1588 720 ἅπασαν
1631 657 1753 739 τὴν
1799 658 2032 739 οἰκουμ
2045 657 2101 719 έ-

182 783 306 843 νην
358 758 470 825 καὶ
526 759 791 839 διδάξαι
845 762 919 826 τὸ
982 759 1177 844 γένος
1230 773 1367 826 τῶν
1421 760 1802 846 ἀνθρώπων
1854 767 1973 845 τήν
2035 789 2099 825 τε

181 874 294 948 τῆς
342 865 635 949 ἀμπέλου
682 871 965 951 φυτείαν
1009 866 1117 934 καὶ
1164 870 1286 933 τὸν
1330 869 1586 952 σπόρον
1631 877 1752 933 τοῦ
1796 891 1865 933 τε
1909 875 2097 950 πυρί-

131 988 156 1030 5
182 994 307 1036 νου
361 972 469 1038 καὶ
523 977 842 1060 κριθίνου
893 984 1177 1059 καρποῦ·
1243 974 1747 1058 ὑπολαμβάνειν
1806 975 1931 1058 γὰρ
1989 977 2099 1037 αὐ-
2141 1001 2169 1045 -2

178 1080 295 1143 τὸν
330 1080 432 1145 ὅτι
468 1082 729 1157 παύσας
763 1091 879 1165 τῆς
915 1080 1307 1167 ἀγριότητος
1348 1084 1507 1158 τοὺς
1554 1079 1957 1165 ἀνθρώπους
1995 1081 2095 1143 καὶ

178 1186 433 1270 διαίτης
484 1186 739 1273 ἡμέρου
795 1191 1187 1273 μεταλαβεῖν
1242 1191 1525 1272 ποιήσας
1582 1198 1794 1271 τιμῶν
1849 1185 2101 1251 ἀθανά-

176 1314 310 1356 των
355 1290 649 1370 τεύξεται
696 1295 807 1359 διὰ
852 1295 926 1358 τὸ
975 1293 1260 1378 μέγεθος
1305 1303 1422 1378 τῆς
1458 1294 1855 1379 εὐεργεσίας.
1941 1293 2099 1373 ὅπερ

177 1397 259 1480 δὴ
307 1396 421 1464 καὶ
464 1397 806 1481 γενέσθαι·
858 1400 940 1465 οὐ
987 1403 1197 1484 μόνον
1241 1402 1369 1485 γὰρ
1416 1403 1574 1477 τοὺς
1618 1396 1760 1465 κατ’
1806 1398 2101 1473 ἐκείνους

101 1522 152 1561 1⁰
176 1508 333 1581 τοὺς
386 1508 675 1591 χρόνους
737 1509 1058 1590 τυχόντας
1110 1515 1227 1591 τῆς
1291 1510 1543 1593 δωρεᾶς
1596 1507 1868 1590 ταύτης,
1935 1507 2099 1569 ἀλλὰ

174 1611 287 1676 καὶ
323 1613 576 1688 πάντας
610 1616 767 1689 τοὺς
813 1614 973 1697 μετὰ
1016 1622 1221 1679 ταῦτα
1266 1612 1777 1698 ἐπιγενομένους
1822 1614 1931 1677 διά
1979 1617 2051 1693 τί,
2067 1639 2099 1675 v

176 1716 253 1782 ἐν
299 1728 444 1793 ταῖς
490 1718 906 1802 εὑρεθείσαις
949 1731 1227 1804 τροφαῖς
1271 1721 1503 1805 χάριτα
1550 1724 1706 1796 τοὺς
1753 1720 2099 1802 εἰσηγησα-

180 1820 428 1906 μένους
474 1822 564 1899 <bg
608 1822 1167 1908 ἐπιφανεστάτους
1224 1830 1430 1903 θεοὺς
1473 1824 1902 1911 τετιμηκέναι.
1987 1829 2099 1887 τοι·
2143 1839 2169 1879 :5

180 1923 244 1993 δ’
297 1924 424 1994 οὖν
461 1928 723 2018 Ὄσιρίν
778 1949 944 2016 φασι
998 1934 1079 1997 τά
1136 1935 1302 2000 κατὰ
1346 1935 1470 2016 τὴν
1514 1938 1863 2017 Αἴγυπτον
1907 1955 2099 1995 καταὗ

96 2053 148 2094 15
178 2039 511 2120 στήσαντα
572 2035 683 2104 καὶ
744 2040 869 2123 τὴν
932 2051 1067 2105 τῶν
1129 2042 1308 2106 ὅλων
1363 2040 1725 2125 ἡγεμονίαν
1767 2039 1965 2104 Ἴσιδι
2025 2049 2097 2119 τῇ·

175 2142 443 2225 γυναικὶ
470 2147 874 2230 παραδόντα,
914 2147 1119 2232 ταύτῃ
1157 2143 1280 2231 μὲν
1317 2154 1899 2232 παρακαταστῆσαι
1939 2147 2099 2225 σύμ-

176 2251 428 2331 βουλον
473 2252 592 2317 τὸν
628 2248 876 2336 Ἑρμῆν
924 2253 1036 2316 διὰ
1089 2254 1164 2315 τὸ
1212 2255 1540 2336 φρονήσει
1584 2261 1827 2316 τοῦτον
1873 2251 2099 2332 διαφέ-

178 2379 321 2441 ρειν
365 2368 499 2422 τῶν
545 2358 771 2422 ἄλλων
818 2359 1065 2440 φίλων,
1121 2355 1232 2422 καὶ
1279 2357 1653 2440 στρατηγὸν
1708 2352 1831 2438 μὲν
1877 2355 2099 2419 ἀπολι-

174 2473 325 2528 πεῖν
372 2463 628 2547 ἀπάσης
682 2471 800 2546 τῆς
852 2461 969 2547 ὑφ’
1026 2463 1231 2528 αὑτὸν
1279 2452 1509 2547 ’χώρας
1545 2458 1872 2547 ε,Ηρακλέα
1925 2462 2099 2544 γένει

92 2587 149 2627 20
175 2592 246 2634 τε
302 2573 723 2656 προσήκοντα
777 2569 888 2636 καὶ
951 2572 1466 2654 θαυμαζόμενον
1530 2566 1629 2634 ἐπ’
1693 2568 1965 2656 ἀνδρείᾳ
2033 2596 2097 2634 τε

173 2674 287 2741 καὶ
346 2678 647 2761 σώματος
702 2677 920 2763 ῥώμῃ,
973 2676 1364 2760 ἐπιμελητὰς
1422 2671 1496 2740 δὲ
1547 2676 1735 2756 τάξαι
1789 2686 1923 2741 τῶν
1979 2678 2097 2760 μὲν

173 2784 342 2868 πρὸς
393 2785 718 2867 Φοινίκην
760 2782 1166 2867 κεκλιμένων
1219 2792 1442 2867 μερῶν
1486 2780 1596 2848 καὶ
1641 2793 1775 2847 τῶν
1822 2782 1927 2849 ἐπὶ
1975 2792 2097 2846 θα-

173 2890 377 2975 λάττῃ
422 2892 645 2956 τόπων
681 2891 1028 2975 Βούσιριν,
1073 2901 1208 2955 τῶν
1255 2886 1333 2954 δὲ
1366 2891 1532 2955 κατὰ
1566 2891 1689 2972 τὴν
1726 2892 2095 2956 Αὐθιοπίαν

172 2995 287 3062 καὶ
340 2998 610 3080 Λιβύην
657 2994 990 3079 Ἀνταῖον,
1056 2995 1261 3062 αὐτὸν
1326 2990 1386 3060 δ’
1452 2995 1524 3061 ἐκ
1581 3005 1697 3079 τῆς
1751 3000 2097 3081 Αἰγύπτου

90 3117 145 3158 25
174 3105 339 3188 μετὰ
382 3112 500 3186 τῆς
548 3105 892 3188 δυνάμεως
937 3101 1283 3182 ἀναζεῦξαι
1338 3104 1505 3188 πρὸς
1559 3104 1681 3187 τὴν
1728 3110 2095 3190 στρατείαν,

59 3228 133 3279 21
174 3211 413 3294 ἔχοντα
450 3203 605 3293 μεθ’
650 3209 858 3275 αὑτοῦ
901 3208 1013 3274 καὶ
1049 3210 1168 3275 τὸν
1206 3208 1525 3293 ἀδελφόν,
1571 3207 1651 3273 ὃν
1689 3210 1760 3273 οἰ
1784 3207 2098 3290 Ἕλληνες

166 3312 554 3381 Ἀπόλλωνα
598 3321 936 3382 καλοῦσιν.
1020 3315 1298 3401 εὑρετὴν
1345 3312 1420 3380 δὲ
1472 3313 1585 3380 καὶ
1638 3315 1878 3379 τοῦτόν
1933 3330 2091 3396 φασι
2139 3336 2169 3378 4

171 3420 496 3505 γενέσθαι
531 3431 652 3488 τοῦ
691 3431 909 3507 φυτοῦ
945 3430 1060 3506 τῆς
1098 3421 1382 3504 δάφνης,
1417 3419 1504 3501 ἣν
1539 3416 1651 3483 καὶ
1686 3416 2099 3501 περιτιθέασι

321 3655 387 3703 21
427 3645 582 3721 ἆῶμῃ
620 3645 876 3719 σώματος
913 3649 963 3702 D
1110 3651 1179 3698 26
1219 3641 1427 3697 ἑαυτοῦ
1466 3640 1622 3705 vulg.
1749 3638 1848 3690 καὶ
1886 3654 1993 3691 om.
2035 3642 2097 3688 D.
