2569 4061
1077 339 1156 393 IV
1196 345 1243 394 1.
1282 344 1333 393 2.
2054 334 2184 400 395

252 505 633 590 εὐεργεσίας
677 508 1195 568 κατατεθεῖσθαι
1239 510 1330 590 τῷ
1378 499 1555 584 γένει
1600 512 1735 565 τῶν
1782 499 2185 584 ἀνθρώπων.

206 616 508 696 εἴρηται
553 604 677 693 μὲν
723 604 850 674 οὖν
895 608 1056 693 ἡμῖν
1095 608 1168 674 ἐν
1203 617 1349 685 ταῖς
1383 603 1891 693 προειρημέναις
1927 603 2185 689 βίβλοις

251 716 354 780 ὅτι
391 712 568 793 τινὲς
602 726 738 781 τῶν
776 718 1138 803 βαρβάρων
1177 715 1677 781 ἀντιποιοῦνται
1712 721 1827 796 τῆς
1862 711 2185 842 γενέσεως

247 831 371 887 τοῦ
435 828 607 888 θεοῦ
667 824 928 889 τούτου.
1036 824 1396 905 Αἰγύπτιοι
1461 817 1583 905 μὲν
1646 821 1774 904 γὰρ
1836 821 1957 884 τὸν
2019 795 2175 900 παρ

196 947 223 988 5
251 928 478 1007 αὐτοῖς
521 933 689 996 θεὸν
740 929 1000 1016 Ὄσιριν
1046 928 1540 1013 ὀνομαζόμενόν
1588 942 1798 1011 φασιν
1844 920 2017 990 εἶναι
2062 925 2184 989 τὸν

249 1032 404 1121 παρ’
469 1034 746 1119 ’Ἕλλησι
818 1039 1167 1101 Διόνυσον
1237 1035 1675 1119 καλούμενον.
1787 1040 2030 1097 τοῦτον
2108 1026 2181 1095 δὲ
2222 1067 2253 1114 7

249 1146 755 1226 μυθολογοῦσιν
827 1141 1139 1208 ἐπελθεῖν
1219 1143 1484 1207 ἅπασαν
1554 1141 1680 1224 τὴν
1752 1137 2178 1223 οἰκουμένην,

248 1248 527 1332 εὑρετὴν
596 1252 963 1335 γενόμενον
1026 1257 1148 1314 τοῦ
1212 1255 1438 1333 οἴνου,
1511 1245 1624 1314 καὶ
1695 1249 1818 1331 τὴν
1894 1247 2180 1331 φυτείαν

250 1354 513 1433 διδάξαι
539 1365 656 1440 τῆς
683 1355 980 1440 ἀμπέλου
1006 1358 1164 1431 τοὺς
1191 1354 1620 1440 ἀνθρώπους,
1647 1352 1760 1420 καὶ
1790 1355 1901 1420 διὰ
1927 1353 2181 1435 ταύτην

166 1483 219 1522 10
247 1462 372 1544 τὴν
426 1461 811 1547 εὐεργεσίαν
864 1474 1091 1547 τυχεῖν
1151 1460 1729 1547 συμφωνουμένης
1784 1460 2177 1536 ἀθανασίας.

247 1567 491 1649 ὁμοίως
536 1563 611 1632 δὲ
656 1570 813 1644 τοὺς
852 1563 1107 1646 Ἰνδοὺς
1149 1571 1269 1634 τὸν
1314 1569 1482 1633 θεὸν
1526 1575 1771 1631 τοῦτον
1814 1564 1979 1651 παρ’
2028 1564 2178 1631 ἑαυ-

245 1684 385 1748 τοῖς
458 1672 956 1758 ἀποφαίνεσθαι
1027 1673 1412 1759 γεγονέναι,
1485 1671 1597 1738 καὶ
1668 1673 1750 1736 τὰ
1820 1670 1973 1757 περὶ
2044 1672 2170 1754 τὴν

247 1781 529 1863 φυτείαν
590 1789 705 1864 τῆς
771 1779 1068 1865 ἀμπέλου
1133 1780 1705 1865 φιλοτεχνήσαντα
1768 1777 2173 1862 μεταδοῦναι

243 1893 361 1969 τῆς
414 1894 535 1950 τοῦ
591 1892 784 1952 οἴνου
837 1890 1133 1973 χρήσεως
1185 1898 1327 1964 τοῖς
1371 1886 1551 1974 {uam
1605 1887 1729 1969 τὴν
1777 1883 2178 1968 οἰκουμένην

165 2012 218 2054 15
246 1991 650 2079 ἀνθρώποις.
740 1993 929 2080 ἡμεῖς
985 1990 1060 2060 δὲ
1112 1994 1194 2059 τὰ
1248 1994 1416 2060 κατὰ
1471 1991 1671 2080 μέρος
1723 1989 1875 2079 περὶ
1918 1990 2177 2056 τούτων

245 2102 579 2185 εἰρηκότες
622 2110 754 2167 νῦν
797 2102 879 2166 τά
923 2102 1102 2187 παρὰ
1146 2111 1288 2178 τοῖς
1330 2099 1610 2184 ’Ἕλλησι
1655 2102 1980 2183 λεγόμενα
2025 2095 2177 2183 περὶ

244 2216 365 2272 τοῦ
407 2214 579 2274 θεοῦ
625 2208 871 2273 τούτου
919 2200 1225 2292 διέξιμεν.

422 2314 704 2398 Κάδμον
741 2310 864 2399 μὲν
893 2312 1027 2400 ’γάρ
1067 2329 1235 2398 φασι
1270 2315 1391 2378 τὸν
1429 2310 1792 2397 Ἀγήνορος
1828 2310 1901 2376 ἐκ
1944 2313 2174 2375 Φοινί-
2201 2324 2244 2387 2

242 2443 362 2501 κης
420 2419 548 2485 ὑπὸ
603 2429 727 2486 τοῦ
783 2419 1108 2505 βασιλέως
1162 2420 1617 2503 ἀποσταλῆναι
1676 2419 1841 2504 πρὸς
1904 2419 2172 2500 ζήτησιν

161 2544 217 2586 20
243 2532 360 2605 τῆς
414 2525 772 2611 Εὐρώπης,
836 2525 1107 2603 ἐντολὰς
1169 2529 1462 2609 λαβόντα
1525 2524 1567 2609 ἢ
1631 2526 1755 2609 τὴν
1817 2522 2167 2610 παρθένον

243 2629 518 2713 ἀγαγεῖν
561 2632 602 2715 ἢ
648 2635 736 2717 μὴ
784 2633 1235 2718 ἀνακάμπτειν
1270 2635 1367 2709 εἰς
1402 2634 1525 2716 τὴν
1568 2634 1910 2716 Φοινίκην.
1984 2630 2167 2697 ἐπελ-

239 2740 456 2803 θόντα
487 2735 560 2804 δὲ
587 2739 844 2822 πολλὴν
869 2740 1116 2826 χώραν,
1152 2737 1265 2805 καὶ
1301 2739 1389 2824 μὴ
1429 2738 1809 2823 δυνάμενον
1838 2737 2172 2824 ἀνευρεῖν,

241 2844 627 2927 ἀπογνῶναι
663 2846 787 2929 τὴν
823 2848 918 2923 εἰς
954 2841 1143 2912 οἶκον
1180 2845 1620 2929 ἀνακομιδήν·
1666 2847 2166 2929 καταντήσαντα

240 2947 302 3016 δ’
329 2952 424 3027 εἰς
450 2952 575 3035 τὴν
593 2954 924 3017 Βοιωτίαν
950 2953 1115 3017 κατὰ
1141 2953 1262 3016 τὸν
1289 2950 1836 3037 παραδεδομένον
1862 2952 2166 3037 χρησμὸν

159 3092 211 3133 25
239 3062 457 3123 κτίσαι
502 3057 619 3134 τὰς
657 3059 894 3142 Θήβας.
969 3056 1265 3123 ἐνταῦθα
1313 3054 1388 3122 δὲ
1432 3061 1916 3142 κατοικήσαντα
1961 3065 2172 3139 γῆμαι

242 3161 365 3249 μὲν
402 3159 765 3251 Ἁρμονίαν
799 3164 924 3249 τὴν
955 3158 1372 3251 Ἀφροδίτης,
1411 3173 1729 3247 γεννῆσαι
1767 3160 1827 3229 δ’
1865 3163 1931 3243 ἐξ
1971 3164 2173 3251 αὐτῆς

237 3269 545 3356 Σεμέλην
589 3267 714 3359 {acal
770 3268 915 3336 Ἰνὼ
970 3267 1082 3337 καὶ
1137 3270 1494 3354 Αὐτονόην
1546 3268 1658 3336 καὶ
1705 3268 2019 3355 Ἀγαύην,
2076 3274 2172 3336 ἔτι

526 3461 828 3553 ενόμενον]
868 3459 1008 3518 ὄντα
1047 3463 1094 3516 D
1245 3469 1309 3517 11
1349 3458 1505 3533 τούς]
1544 3457 1766 3525 τούτοις
1801 3461 1850 3516 D
1992 3466 2058 3518 16
2094 3459 2167 3519 τά

235 3554 288 3589 κ.
327 3470 521 3607 fige}
566 3555 616 3591 κ.
657 3531 824 3623 μέρος
868 3533 937 3590 τὰ
982 3534 1135 3605 vulg.
1323 3538 1410 3588 16*
1438 3529 1719 3603 λεγόμενα
1769 3537 1900 3604 post
1948 3531 2151 3591 τούτου

235 3605 390 3676 vulg.
535 3611 604 3661 21
645 3601 883 3676 ἀνάγειν
919 3606 1052 3661 fort.
