<?xml version="1.0" encoding="UTF-8"?>
<!DOCTYPE html PUBLIC "-//W3C//DTD XHTML 1.0 Transitional//EN"
    "http://www.w3.org/TR/xhtml1/DTD/xhtml1-transitional.dtd">
<html xmlns="http://www.w3.org/1999/xhtml" xml:lang="en" lang="en">
 <head>
  <title>
</title>
<meta http-equiv="Content-Type" content="text/html;charset=utf-8" />
  <meta name='ocr-system' content='tesseract 3.04.00' />
  <meta name='ocr-capabilities' content='ocr_page ocr_carea ocr_par ocr_line ocrx_word'/>
</head>
<body>
  <div class='ocr_page' id='page_1' title='image "./diodoribiblioth02dindgoog/diodoribiblioth02dindgoog_0145.png"; bbox 0 0 2569 4061; ppageno 0'>
   <div class='ocr_carea' id='block_1_1' title="bbox 0 0 2569 182">
    <p class='ocr_par' dir='ltr' id='par_1_1' title="bbox 0 0 2569 182">
     <span class='ocr_line' id='line_1_1' title="bbox 0 0 2569 182; baseline 0 3879"><span class='ocrx_word' id='word_1_1' title='bbox 0 0 2569 182; x_wconf 95' lang='lat' dir='ltr'><strong><em> </em></strong></span> 
     </span>
    </p>
   </div>
   <div class='ocr_carea' id='block_1_2' title="bbox 1018 345 2134 449">
    <p class='ocr_par' dir='ltr' id='par_1_2' title="bbox 1018 345 2134 449">
     <span class='ocr_line' id='line_1_2' title="bbox 1018 345 2134 449; baseline 0.013 -15"><span class='ocrx_word' id='word_1_2' title='bbox 1018 381 1045 434; x_wconf 90' lang='lat'>1</span> <span class='ocrx_word' id='word_1_3' title='bbox 1084 387 1167 439; x_wconf 82' lang='lat'><strong><em>27.</em></strong></span> <span class='ocrx_word' id='word_1_4' title='bbox 1208 388 1294 438; x_wconf 83' lang='lat'><strong><em>28.</em></strong></span> <span class='ocrx_word' id='word_1_5' title='bbox 1896 345 1903 348; x_wconf 81' lang='lat'><em>.</em></span> <span class='ocrx_word' id='word_1_6' title='bbox 2043 383 2134 449; x_wconf 84' lang='lat'><strong><em>45</em></strong></span> 
     </span>
    </p>
   </div>
   <div class='ocr_carea' id='block_1_3' title="bbox 108 545 2215 3291">
    <p class='ocr_par' dir='ltr' id='par_1_3' title="bbox 108 545 2215 3291">
     <span class='ocr_line' id='line_1_3' title="bbox 208 545 2136 630; baseline 0 -20"><span class='ocrx_word' id='word_1_7' title='bbox 208 546 714 630; x_wconf 71' lang='grc' dir='ltr'><em>καθιδρυθέντα</em></span> <span class='ocrx_word' id='word_1_8' title='bbox 759 545 916 621; x_wconf 89' lang='grc' dir='ltr'><strong><em>τούς</em></strong></span> <span class='ocrx_word' id='word_1_9' title='bbox 960 567 1030 610; x_wconf 89' lang='grc' dir='ltr'><strong><em>τε</em></strong></span> <span class='ocrx_word' id='word_1_10' title='bbox 1089 545 1287 630; x_wconf 76' lang='grc' dir='ltr'><strong><em>ἱερεῖς</em></strong></span> <span class='ocrx_word' id='word_1_11' title='bbox 1339 548 1880 629; x_wconf 78' lang='grc' dir='ltr'><strong><em>καταστήσασθαι</em></strong></span> <span class='ocrx_word' id='word_1_12' title='bbox 1925 565 2136 630; x_wconf 91' lang='grc' dir='ltr'><strong><em>παρα-</em></strong></span> 
     </span>
     <span class='ocr_line' id='line_1_4' title="bbox 208 649 2136 735; baseline -0.001 -17"><span class='ocrx_word' id='word_1_13' title='bbox 208 654 502 734; x_wconf 79' lang='grc' dir='ltr'><strong><em>πλησίως</em></strong></span> <span class='ocrx_word' id='word_1_14' title='bbox 540 662 680 729; x_wconf 75' lang='grc' dir='ltr'><strong><em>τοῖς</em></strong></span> <span class='ocrx_word' id='word_1_15' title='bbox 715 649 855 716; x_wconf 87' lang='grc' dir='ltr'><strong><em>κατ’</em></strong></span> <span class='ocrx_word' id='word_1_16' title='bbox 901 656 1251 734; x_wconf 82' lang='grc' dir='ltr'><strong><em>Αἴγυπτον</em></strong></span> <span class='ocrx_word' id='word_1_17' title='bbox 1288 651 1538 728; x_wconf 76' lang='grc' dir='ltr'><strong><em>ἀτελεῖς</em></strong></span> <span class='ocrx_word' id='word_1_18' title='bbox 1570 651 1681 717; x_wconf 83' lang='grc' dir='ltr'><strong><em>καὶ</em></strong></span> <span class='ocrx_word' id='word_1_19' title='bbox 1716 652 1931 735; x_wconf 90' lang='grc' dir='ltr'><strong><em>πάσης</em></strong></span> <span class='ocrx_word' id='word_1_20' title='bbox 1968 657 2136 717; x_wconf 86' lang='grc' dir='ltr'><strong><em>λειτ-</em></strong></span> 
     </span>
     <span class='ocr_line' id='line_1_5' title="bbox 137 756 2136 843; baseline 0 -20"><span class='ocrx_word' id='word_1_21' title='bbox 137 794 152 798; x_wconf 90' lang='grc'>-</span> <span class='ocrx_word' id='word_1_22' title='bbox 210 762 486 843; x_wconf 89' lang='grc' dir='ltr'><strong><em>ουργίας</em></strong></span> <span class='ocrx_word' id='word_1_23' title='bbox 552 756 1115 843; x_wconf 76' lang='grc' dir='ltr'><strong><em>ἀπολελυμένους,</em></strong></span> <span class='ocrx_word' id='word_1_24' title='bbox 1190 757 1310 835; x_wconf 84' lang='grc' dir='ltr'><strong><em>οὓς</em></strong></span> <span class='ocrx_word' id='word_1_25' title='bbox 1373 759 1794 841; x_wconf 82' lang='grc' dir='ltr'><strong><em>Βαβυλώνιοι</em></strong></span> <span class='ocrx_word' id='word_1_26' title='bbox 1856 764 2136 825; x_wconf 83' lang='grc' dir='ltr'><strong><em>καλοῦσι</em></strong></span> 
     </span>
     <span class='ocr_line' id='line_1_6' title="bbox 213 865 2135 952; baseline 0.002 -24"><span class='ocrx_word' id='word_1_27' title='bbox 213 866 609 947; x_wconf 80' lang='grc' dir='ltr'><strong><em>Χαλδαίους,</em></strong></span> <span class='ocrx_word' id='word_1_28' title='bbox 658 866 774 942; x_wconf 93' lang='grc' dir='ltr'><strong><em>τάς</em></strong></span> <span class='ocrx_word' id='word_1_29' title='bbox 826 887 895 930; x_wconf 85' lang='grc' dir='ltr'><strong><em>τε</em></strong></span> <span class='ocrx_word' id='word_1_30' title='bbox 940 867 1428 952; x_wconf 74' lang='grc' dir='ltr'><strong><em>παρατηρήσεις</em></strong></span> <span class='ocrx_word' id='word_1_31' title='bbox 1480 875 1616 928; x_wconf 82' lang='grc' dir='ltr'><strong><em>τῶν</em></strong></span> <span class='ocrx_word' id='word_1_32' title='bbox 1670 865 1931 947; x_wconf 75' lang='grc' dir='ltr'><strong><em>ἄστρων</em></strong></span> <span class='ocrx_word' id='word_1_33' title='bbox 1985 865 2135 931; x_wconf 86' lang='grc' dir='ltr'><strong><em>τού-</em></strong></span> 
     </span>
     <span class='ocr_line' id='line_1_7' title="bbox 159 966 2138 1055; baseline 0.003 -26"><span class='ocrx_word' id='word_1_34' title='bbox 159 987 186 1029; x_wconf 79' lang='lat'><strong>5</strong></span> <span class='ocrx_word' id='word_1_35' title='bbox 212 992 371 1046; x_wconf 90' lang='grc' dir='ltr'><strong><em>τους</em></strong></span> <span class='ocrx_word' id='word_1_36' title='bbox 413 976 787 1053; x_wconf 81' lang='grc' dir='ltr'><strong><em>ποιεῖσθαι,</em></strong></span> <span class='ocrx_word' id='word_1_37' title='bbox 837 968 1290 1055; x_wconf 80' lang='grc' dir='ltr'><strong><em>μιμουμένους</em></strong></span> <span class='ocrx_word' id='word_1_38' title='bbox 1335 971 1494 1046; x_wconf 85' lang='grc' dir='ltr'><strong><em>τοὺς</em></strong></span> <span class='ocrx_word' id='word_1_39' title='bbox 1537 966 1691 1054; x_wconf 85' lang='grc' dir='ltr'><strong><em>παρ’</em></strong></span> <span class='ocrx_word' id='word_1_40' title='bbox 1747 971 2138 1052; x_wconf 78' lang='grc' dir='ltr'><strong><em>Αἰγυπτίοις</em></strong></span> 
     </span>
     <span class='ocr_line' id='line_1_8' title="bbox 214 1072 2208 1162; baseline -0.001 -21"><span class='ocrx_word' id='word_1_41' title='bbox 214 1076 409 1162; x_wconf 81' lang='grc' dir='ltr'><strong><em>ίερεῖς</em></strong></span> <span class='ocrx_word' id='word_1_42' title='bbox 453 1075 566 1143; x_wconf 86' lang='grc' dir='ltr'><strong><em>καὶ</em></strong></span> <span class='ocrx_word' id='word_1_43' title='bbox 613 1077 971 1161; x_wconf 83' lang='grc' dir='ltr'><strong><em>φυσικούς,</em></strong></span> <span class='ocrx_word' id='word_1_44' title='bbox 1034 1078 1130 1141; x_wconf 77' lang='grc' dir='ltr'><strong><em>ἔτι</em></strong></span> <span class='ocrx_word' id='word_1_45' title='bbox 1187 1072 1261 1141; x_wconf 70' lang='grc' dir='ltr'><strong><em>δὲ</em></strong></span> <span class='ocrx_word' id='word_1_46' title='bbox 1308 1074 1777 1160; x_wconf 80' lang='grc' dir='ltr'><strong><em>ἀστρολόγους.</em></strong></span> <span class='ocrx_word' id='word_1_47' title='bbox 1869 1073 2138 1158; x_wconf 89' lang='grc' dir='ltr'><strong><em>λέγουσι</em></strong></span> <span class='ocrx_word' id='word_1_48' title='bbox 2177 1078 2208 1127; x_wconf 81' lang='lat'>2</span> 
     </span>
     <span class='ocr_line' id='line_1_9' title="bbox 210 1179 2140 1270; baseline 0 -22"><span class='ocrx_word' id='word_1_49' title='bbox 210 1179 285 1248; x_wconf 74' lang='grc' dir='ltr'><strong><em>δὲ</em></strong></span> <span class='ocrx_word' id='word_1_50' title='bbox 338 1182 451 1249; x_wconf 87' lang='grc' dir='ltr'><strong><em>καὶ</em></strong></span> <span class='ocrx_word' id='word_1_51' title='bbox 508 1187 666 1261; x_wconf 87' lang='grc' dir='ltr'><strong><em>τοὺς</em></strong></span> <span class='ocrx_word' id='word_1_52' title='bbox 718 1182 872 1270; x_wconf 84' lang='grc' dir='ltr'><strong><em>περὶ</em></strong></span> <span class='ocrx_word' id='word_1_53' title='bbox 925 1184 1044 1248; x_wconf 93' lang='grc' dir='ltr'><strong><em>τὸν</em></strong></span> <span class='ocrx_word' id='word_1_54' title='bbox 1089 1186 1369 1249; x_wconf 90' lang='grc' dir='ltr'><strong><em>Δαναὸν</em></strong></span> <span class='ocrx_word' id='word_1_55' title='bbox 1424 1183 1843 1269; x_wconf 79' lang='grc' dir='ltr'><strong><em>ὁρμηθέντας</em></strong></span> <span class='ocrx_word' id='word_1_56' title='bbox 1896 1183 2140 1268; x_wconf 84' lang='grc' dir='ltr'><strong><em>ὁμοίως</em></strong></span> 
     </span>
     <span class='ocr_line' id='line_1_10' title="bbox 108 1288 2133 1376; baseline -0.001 -17"><span class='ocrx_word' id='word_1_57' title='bbox 108 1290 475 1359; x_wconf 81' lang='grc' dir='ltr'><strong><em>33’έκεῑ’θεν</em></strong></span> <span class='ocrx_word' id='word_1_58' title='bbox 513 1292 890 1356; x_wconf 80' lang='grc' dir='ltr'><strong><em>συνοικίσαι</em></strong></span> <span class='ocrx_word' id='word_1_59' title='bbox 926 1291 1050 1373; x_wconf 86' lang='grc' dir='ltr'><strong><em>τὴν</em></strong></span> <span class='ocrx_word' id='word_1_60' title='bbox 1078 1289 1516 1375; x_wconf 76' lang='grc' dir='ltr'><strong><em>ἀρχαιοτάτην</em></strong></span> <span class='ocrx_word' id='word_1_61' title='bbox 1544 1292 1787 1376; x_wconf 89' lang='grc' dir='ltr'><strong><em>σχεδὸν</em></strong></span> <span class='ocrx_word' id='word_1_62' title='bbox 1813 1302 1949 1357; x_wconf 75' lang='grc' dir='ltr'><strong><em>τῶν</em></strong></span> <span class='ocrx_word' id='word_1_63' title='bbox 1976 1288 2133 1376; x_wconf 86' lang='grc' dir='ltr'><strong><em>παρ’</em></strong></span> 
     </span>
     <span class='ocr_line' id='line_1_11' title="bbox 196 1395 2140 1483; baseline 0 -20"><span class='ocrx_word' id='word_1_64' title='bbox 196 1396 474 1482; x_wconf 65' lang='grc' dir='ltr'><strong><em>’Ἑλλησι</em></strong></span> <span class='ocrx_word' id='word_1_65' title='bbox 511 1400 772 1463; x_wconf 87' lang='grc' dir='ltr'><strong><em>πόλεων</em></strong></span> <span class='ocrx_word' id='word_1_66' title='bbox 799 1395 1065 1482; x_wconf 72' lang='grc' dir='ltr'><strong><em>Ἄργος,</em></strong></span> <span class='ocrx_word' id='word_1_67' title='bbox 1109 1399 1185 1461; x_wconf 90' lang='grc' dir='ltr'><strong><em>τό</em></strong></span> <span class='ocrx_word' id='word_1_68' title='bbox 1222 1419 1293 1463; x_wconf 87' lang='grc' dir='ltr'><strong><em>τε</em></strong></span> <span class='ocrx_word' id='word_1_69' title='bbox 1333 1408 1468 1462; x_wconf 79' lang='grc' dir='ltr'><strong><em>τῶν</em></strong></span> <span class='ocrx_word' id='word_1_70' title='bbox 1505 1400 1788 1483; x_wconf 83' lang='grc' dir='ltr'><strong><em>Κόλχων</em></strong></span> <span class='ocrx_word' id='word_1_71' title='bbox 1825 1401 2029 1475; x_wconf 81' lang='grc' dir='ltr'><strong><em>ἔθνος</em></strong></span> <span class='ocrx_word' id='word_1_72' title='bbox 2065 1397 2140 1464; x_wconf 83' lang='grc' dir='ltr'><strong><em>έν</em></strong></span> 
     </span>
     <span class='ocr_line' id='line_1_12' title="bbox 132 1498 2141 1592; baseline -0 -22"><span class='ocrx_word' id='word_1_73' title='bbox 132 1538 187 1578; x_wconf 79' lang='lat'><strong><em>10</em></strong></span> <span class='ocrx_word' id='word_1_74' title='bbox 211 1512 302 1592; x_wconf 76' lang='grc' dir='ltr'><strong><em>τῷ</em></strong></span> <span class='ocrx_word' id='word_1_75' title='bbox 342 1507 586 1591; x_wconf 78' lang='grc' dir='ltr'><strong><em>Πόντῳ</em></strong></span> <span class='ocrx_word' id='word_1_76' title='bbox 623 1501 736 1568; x_wconf 86' lang='grc' dir='ltr'><strong><em>καὶ</em></strong></span> <span class='ocrx_word' id='word_1_77' title='bbox 771 1505 847 1568; x_wconf 89' lang='grc' dir='ltr'><strong><em>τὸ</em></strong></span> <span class='ocrx_word' id='word_1_78' title='bbox 883 1514 1019 1568; x_wconf 81' lang='grc' dir='ltr'><strong><em>τῶν</em></strong></span> <span class='ocrx_word' id='word_1_79' title='bbox 1052 1500 1400 1567; x_wconf 75' lang='grc' dir='ltr'><strong><em>Ἰουδαίων</em></strong></span> <span class='ocrx_word' id='word_1_80' title='bbox 1437 1502 1563 1568; x_wconf 82' lang='grc' dir='ltr'><strong><em>ἀνὰ</em></strong></span> <span class='ocrx_word' id='word_1_81' title='bbox 1598 1502 1803 1590; x_wconf 87' lang='grc' dir='ltr'><strong><em>μέσον</em></strong></span> <span class='ocrx_word' id='word_1_82' title='bbox 1833 1498 2141 1590; x_wconf 83' lang='grc' dir='ltr'><strong><em>Ἀραβίας</em></strong></span> 
     </span>
     <span class='ocr_line' id='line_1_13' title="bbox 211 1591 2139 1696; baseline 0.001 -20"><span class='ocrx_word' id='word_1_83' title='bbox 211 1608 323 1676; x_wconf 89' lang='grc' dir='ltr'><strong><em>καὶ</em></strong></span> <span class='ocrx_word' id='word_1_84' title='bbox 361 1613 622 1696; x_wconf 79' lang='grc' dir='ltr'><strong><em>Συρίας</em></strong></span> <span class='ocrx_word' id='word_1_85' title='bbox 668 1591 915 1674; x_wconf 88' lang='grc' dir='ltr'><strong><em>οἰκισαι</em></strong></span> <span class='ocrx_word' id='word_1_86' title='bbox 959 1610 1144 1685; x_wconf 77' lang='grc' dir='ltr'><strong><em>τινὰς</em></strong></span> <span class='ocrx_word' id='word_1_87' title='bbox 1189 1607 1604 1692; x_wconf 85' lang='grc' dir='ltr'><strong><em>ὁρμηθέντας</em></strong></span> <span class='ocrx_word' id='word_1_88' title='bbox 1648 1609 1802 1696; x_wconf 86' lang='grc' dir='ltr'><strong><em>παρ’</em></strong></span> <span class='ocrx_word' id='word_1_89' title='bbox 1857 1610 2139 1677; x_wconf 80' lang='grc' dir='ltr'><strong><em>ἑαυτῶν·</em></strong></span> 
     </span>
     <span class='ocr_line' id='line_1_14' title="bbox 218 1711 2212 1802; baseline 0.002 -22"><span class='ocrx_word' id='word_1_90' title='bbox 218 1718 327 1781; x_wconf 89' lang='grc' dir='ltr'><strong><em>διὸ</em></strong></span> <span class='ocrx_word' id='word_1_91' title='bbox 364 1712 478 1779; x_wconf 86' lang='grc' dir='ltr'><strong><em>καὶ</em></strong></span> <span class='ocrx_word' id='word_1_92' title='bbox 512 1715 691 1797; x_wconf 79' lang='grc' dir='ltr'><strong><em>παρὰ</em></strong></span> <span class='ocrx_word' id='word_1_93' title='bbox 734 1723 876 1790; x_wconf 75' lang='grc' dir='ltr'><strong><em>τοῖς</em></strong></span> <span class='ocrx_word' id='word_1_94' title='bbox 914 1711 1135 1796; x_wconf 78' lang='grc' dir='ltr'><strong><em>γένεσι</em></strong></span> <span class='ocrx_word' id='word_1_95' title='bbox 1180 1715 1442 1790; x_wconf 86' lang='grc' dir='ltr'><strong><em>τούτοις</em></strong></span> <span class='ocrx_word' id='word_1_96' title='bbox 1488 1714 1560 1779; x_wconf 83' lang='grc' dir='ltr'><strong><em>ἐκ</em></strong></span> <span class='ocrx_word' id='word_1_97' title='bbox 1604 1719 1891 1780; x_wconf 84' lang='grc' dir='ltr'><strong><em>παλαιοῦ</em></strong></span> <span class='ocrx_word' id='word_1_98' title='bbox 1934 1738 2138 1802; x_wconf 83' lang='grc' dir='ltr'><strong><em>παρα·</em></strong></span> <span class='ocrx_word' id='word_1_99' title='bbox 2179 1735 2212 1784; x_wconf 84' lang='grc'><strong>3</strong></span> 
     </span>
     <span class='ocr_line' id='line_1_15' title="bbox 221 1818 2142 1908; baseline 0.001 -23"><span class='ocrx_word' id='word_1_100' title='bbox 221 1821 548 1908; x_wconf 80' lang='grc' dir='ltr'><strong><em>δεδόσθαι</em></strong></span> <span class='ocrx_word' id='word_1_101' title='bbox 592 1821 667 1884; x_wconf 91' lang='grc' dir='ltr'><strong><em>τὸ</em></strong></span> <span class='ocrx_word' id='word_1_102' title='bbox 712 1818 1127 1906; x_wconf 87' lang='grc' dir='ltr'><strong><em>περιτέμνειν</em></strong></span> <span class='ocrx_word' id='word_1_103' title='bbox 1171 1824 1330 1897; x_wconf 87' lang='grc' dir='ltr'><strong><em>τοὺς</em></strong></span> <span class='ocrx_word' id='word_1_104' title='bbox 1374 1818 1836 1904; x_wconf 82' lang='grc' dir='ltr'><strong><em>γεννωμένους</em></strong></span> <span class='ocrx_word' id='word_1_105' title='bbox 1878 1824 2142 1906; x_wconf 82' lang='grc' dir='ltr'><strong><em>παῖδας,</em></strong></span> 
     </span>
     <span class='ocr_line' id='line_1_16' title="bbox 220 1924 2215 2012; baseline 0.001 -19"><span class='ocrx_word' id='word_1_106' title='bbox 220 1925 287 2005; x_wconf 77' lang='grc' dir='ltr'><strong><em>ἐξ</em></strong></span> <span class='ocrx_word' id='word_1_107' title='bbox 318 1926 667 2009; x_wconf 83' lang='grc' dir='ltr'><strong><em>Αἰγύπτου</em></strong></span> <span class='ocrx_word' id='word_1_108' title='bbox 702 1924 1267 2012; x_wconf 83' lang='grc' dir='ltr'><strong><em>μετενηνεγμένου</em></strong></span> <span class='ocrx_word' id='word_1_109' title='bbox 1305 1936 1427 1992; x_wconf 84' lang='grc' dir='ltr'><strong><em>τοῦ</em></strong></span> <span class='ocrx_word' id='word_1_110' title='bbox 1462 1929 1769 2012; x_wconf 88' lang='grc' dir='ltr'><strong><em>νομίμου.</em></strong></span> <span class='ocrx_word' id='word_1_111' title='bbox 1841 1926 1954 1992; x_wconf 84' lang='grc' dir='ltr'><strong><em>καὶ</em></strong></span> <span class='ocrx_word' id='word_1_112' title='bbox 1989 1931 2146 2006; x_wconf 84' lang='grc' dir='ltr'><strong><em>τοὺς</em></strong></span> <span class='ocrx_word' id='word_1_113' title='bbox 2180 1948 2215 1995; x_wconf 80' lang='lat'>4</span> 
     </span>
     <span class='ocr_line' id='line_1_17' title="bbox 136 2028 2143 2118; baseline 0 -17"><span class='ocrx_word' id='word_1_114' title='bbox 136 2068 189 2109; x_wconf 80' lang='lat'><strong><em>15</em></strong></span> <span class='ocrx_word' id='word_1_115' title='bbox 212 2028 615 2118; x_wconf 80' lang='grc' dir='ltr'><strong><em>Ἀθηναίους</em></strong></span> <span class='ocrx_word' id='word_1_116' title='bbox 662 2032 742 2099; x_wconf 84' lang='grc' dir='ltr'><strong><em>δέ</em></strong></span> <span class='ocrx_word' id='word_1_117' title='bbox 780 2030 991 2118; x_wconf 84' lang='grc' dir='ltr'><strong><em>φασιν</em></strong></span> <span class='ocrx_word' id='word_1_118' title='bbox 1029 2032 1349 2113; x_wconf 85' lang='grc' dir='ltr'><strong><em>ἀποίκους</em></strong></span> <span class='ocrx_word' id='word_1_119' title='bbox 1386 2028 1560 2102; x_wconf 84' lang='grc' dir='ltr'><strong><em>εἶναι</em></strong></span> <span class='ocrx_word' id='word_1_120' title='bbox 1594 2038 1864 2102; x_wconf 76' lang='grc' dir='ltr'><strong><em>Σαϊτῶν</em></strong></span> <span class='ocrx_word' id='word_1_121' title='bbox 1904 2047 2040 2101; x_wconf 81' lang='grc' dir='ltr'><strong><em>τῶν</em></strong></span> <span class='ocrx_word' id='word_1_122' title='bbox 2076 2034 2143 2116; x_wconf 77' lang='grc' dir='ltr'><strong><em>ἐξ</em></strong></span> 
     </span>
     <span class='ocr_line' id='line_1_18' title="bbox 216 2138 2143 2226; baseline -0.001 -19"><span class='ocrx_word' id='word_1_123' title='bbox 216 2141 594 2224; x_wconf 88' lang='grc' dir='ltr'><strong><em>Αἰγύπτου,</em></strong></span> <span class='ocrx_word' id='word_1_124' title='bbox 659 2138 771 2205; x_wconf 88' lang='grc' dir='ltr'><strong><em>καὶ</em></strong></span> <span class='ocrx_word' id='word_1_125' title='bbox 834 2151 1190 2226; x_wconf 82' lang='grc' dir='ltr'><strong><em>πειρῶνται</em></strong></span> <span class='ocrx_word' id='word_1_126' title='bbox 1251 2149 1370 2225; x_wconf 77' lang='grc' dir='ltr'><strong><em>τῆς</em></strong></span> <span class='ocrx_word' id='word_1_127' title='bbox 1439 2143 1840 2224; x_wconf 85' lang='grc' dir='ltr'><strong><em>οἰκειότητος</em></strong></span> <span class='ocrx_word' id='word_1_128' title='bbox 1902 2142 2143 2225; x_wconf 90' lang='grc' dir='ltr'><strong><em>ταύτης</em></strong></span> 
     </span>
     <span class='ocr_line' id='line_1_19' title="bbox 222 2238 2144 2333; baseline 0 -20"><span class='ocrx_word' id='word_1_129' title='bbox 222 2246 453 2333; x_wconf 83' lang='grc' dir='ltr'><strong><em>φέρειν</em></strong></span> <span class='ocrx_word' id='word_1_130' title='bbox 501 2246 892 2326; x_wconf 82' lang='grc' dir='ltr'><strong><em>ἀποδείξεις·</em></strong></span> <span class='ocrx_word' id='word_1_131' title='bbox 952 2249 1132 2333; x_wconf 77' lang='grc' dir='ltr'><strong><em>παρὰ</em></strong></span> <span class='ocrx_word' id='word_1_132' title='bbox 1178 2250 1410 2332; x_wconf 89' lang='grc' dir='ltr'><strong><em>μόνοις</em></strong></span> <span class='ocrx_word' id='word_1_133' title='bbox 1454 2249 1582 2331; x_wconf 82' lang='grc' dir='ltr'><strong><em>γὰρ</em></strong></span> <span class='ocrx_word' id='word_1_134' title='bbox 1630 2258 1763 2313; x_wconf 81' lang='grc' dir='ltr'><strong><em>τῶν</em></strong></span> <span class='ocrx_word' id='word_1_135' title='bbox 1804 2238 2144 2330; x_wconf 79' lang='grc' dir='ltr'><strong><em>Ἑλλήνων</em></strong></span> 
     </span>
     <span class='ocr_line' id='line_1_20' title="bbox 219 2336 2145 2438; baseline 0 -20"><span class='ocrx_word' id='word_1_136' title='bbox 219 2355 342 2436; x_wconf 90' lang='grc' dir='ltr'><strong><em>τὴν</em></strong></span> <span class='ocrx_word' id='word_1_137' title='bbox 368 2336 567 2419; x_wconf 88' lang='grc' dir='ltr'><strong><em>πόλιν</em></strong></span> <span class='ocrx_word' id='word_1_138' title='bbox 594 2356 762 2418; x_wconf 76' lang='grc' dir='ltr'><strong><em>ἄστυ</em></strong></span> <span class='ocrx_word' id='word_1_139' title='bbox 789 2357 1165 2436; x_wconf 79' lang='grc' dir='ltr'><strong><em>καλεῖσθαι,</em></strong></span> <span class='ocrx_word' id='word_1_140' title='bbox 1203 2353 1766 2438; x_wconf 87' lang='grc' dir='ltr'><strong><em>μετενηνεγμένης</em></strong></span> <span class='ocrx_word' id='word_1_141' title='bbox 1799 2361 1916 2435; x_wconf 81' lang='grc' dir='ltr'><strong><em>τῆς</em></strong></span> <span class='ocrx_word' id='word_1_142' title='bbox 1942 2369 2145 2436; x_wconf 88' lang='grc' dir='ltr'><strong><em>προσ-</em></strong></span> 
     </span>
     <span class='ocr_line' id='line_1_21' title="bbox 221 2454 2145 2546; baseline 0.001 -21"><span class='ocrx_word' id='word_1_143' title='bbox 221 2483 261 2543; x_wconf 90' lang='grc' dir='ltr'><strong><em>η</em></strong></span> <span class='ocrx_word' id='word_1_144' title='bbox 268 2463 496 2544; x_wconf 78' lang='grc' dir='ltr'><strong><em>γορίας</em></strong></span> <span class='ocrx_word' id='word_1_145' title='bbox 542 2460 669 2526; x_wconf 89' lang='grc' dir='ltr'><strong><em>ἀπὸ</em></strong></span> <span class='ocrx_word' id='word_1_146' title='bbox 723 2469 845 2526; x_wconf 86' lang='grc' dir='ltr'><strong><em>τοῦ</em></strong></span> <span class='ocrx_word' id='word_1_147' title='bbox 889 2454 1044 2546; x_wconf 88' lang='grc' dir='ltr'><strong><em>παρ’</em></strong></span> <span class='ocrx_word' id='word_1_148' title='bbox 1098 2460 1327 2536; x_wconf 76' lang='grc' dir='ltr'><strong><em>αὐτοῖς</em></strong></span> <span class='ocrx_word' id='word_1_149' title='bbox 1362 2459 1650 2536; x_wconf 75' lang='grc' dir='ltr'><strong><em>Ἄστεος.</em></strong></span> <span class='ocrx_word' id='word_1_150' title='bbox 1740 2462 1835 2525; x_wconf 81' lang='grc' dir='ltr'><strong><em>ἔτι</em></strong></span> <span class='ocrx_word' id='word_1_151' title='bbox 1896 2455 1968 2525; x_wconf 77' lang='grc' dir='ltr'><strong><em>δὲ</em></strong></span> <span class='ocrx_word' id='word_1_152' title='bbox 2022 2462 2145 2545; x_wconf 88' lang='grc' dir='ltr'><strong><em>τὴν</em></strong></span> 
     </span>
     <span class='ocr_line' id='line_1_22' title="bbox 117 2564 2144 2654; baseline 0.001 -23"><span class='ocrx_word' id='word_1_153' title='bbox 117 2598 196 2640; x_wconf 49' lang='lat' dir='ltr'><strong><em>r20</em></strong></span> <span class='ocrx_word' id='word_1_154' title='bbox 222 2569 561 2632; x_wconf 87' lang='grc' dir='ltr'><strong><em>πολιτείαν</em></strong></span> <span class='ocrx_word' id='word_1_155' title='bbox 607 2568 729 2650; x_wconf 83' lang='grc' dir='ltr'><strong><em>τὴν</em></strong></span> <span class='ocrx_word' id='word_1_156' title='bbox 774 2567 985 2650; x_wconf 85' lang='grc' dir='ltr'><strong><em>αὐτὴν</em></strong></span> <span class='ocrx_word' id='word_1_157' title='bbox 1031 2564 1379 2651; x_wconf 81' lang='grc' dir='ltr'><strong><em>ἐσχηκέναι</em></strong></span> <span class='ocrx_word' id='word_1_158' title='bbox 1424 2565 1609 2644; x_wconf 80' lang='grc' dir='ltr'><strong><em>τάξιν</em></strong></span> <span class='ocrx_word' id='word_1_159' title='bbox 1660 2564 1771 2631; x_wconf 88' lang='grc' dir='ltr'><strong><em>καὶ</em></strong></span> <span class='ocrx_word' id='word_1_160' title='bbox 1818 2569 2144 2654; x_wconf 91' lang='grc' dir='ltr'><strong><em>διαίρεσιν</em></strong></span> 
     </span>
     <span class='ocr_line' id='line_1_23' title="bbox 218 2671 2142 2761; baseline 0.001 -23"><span class='ocrx_word' id='word_1_161' title='bbox 218 2681 297 2758; x_wconf 78' lang='grc' dir='ltr'><strong><em>τῇ</em></strong></span> <span class='ocrx_word' id='word_1_162' title='bbox 354 2671 508 2758; x_wconf 86' lang='grc' dir='ltr'><strong><em>παρ’</em></strong></span> <span class='ocrx_word' id='word_1_163' title='bbox 571 2675 994 2757; x_wconf 86' lang='grc' dir='ltr'><strong><em>Αἰγυπτίοις,</em></strong></span> <span class='ocrx_word' id='word_1_164' title='bbox 1059 2675 1154 2750; x_wconf 89' lang='grc' dir='ltr'><strong><em>εἰς</em></strong></span> <span class='ocrx_word' id='word_1_165' title='bbox 1207 2676 1360 2760; x_wconf 93' lang='grc' dir='ltr'><strong><em>τρία</em></strong></span> <span class='ocrx_word' id='word_1_166' title='bbox 1413 2671 1579 2760; x_wconf 88' lang='grc' dir='ltr'><strong><em>μέρη</em></strong></span> <span class='ocrx_word' id='word_1_167' title='bbox 1638 2675 2142 2761; x_wconf 77' lang='grc' dir='ltr'><strong><em>διανεμηθείσῃ’</em></strong></span> 
     </span>
     <span class='ocr_line' id='line_1_24' title="bbox 217 2776 2214 2867; baseline 0.003 -24"><span class='ocrx_word' id='word_1_168' title='bbox 217 2777 330 2844; x_wconf 89' lang='grc' dir='ltr'><strong><em>καὶ</em></strong></span> <span class='ocrx_word' id='word_1_169' title='bbox 389 2781 659 2866; x_wconf 82' lang='grc' dir='ltr'><strong><em>πρώτην</em></strong></span> <span class='ocrx_word' id='word_1_170' title='bbox 713 2776 836 2865; x_wconf 74' lang='grc' dir='ltr'><strong><em>μὲν</em></strong></span> <span class='ocrx_word' id='word_1_171' title='bbox 888 2779 1176 2866; x_wconf 80' lang='grc' dir='ltr'><strong><em>ὑπάρξαι</em></strong></span> <span class='ocrx_word' id='word_1_172' title='bbox 1231 2781 1470 2865; x_wconf 86' lang='grc' dir='ltr'><strong><em>μερίδα</em></strong></span> <span class='ocrx_word' id='word_1_173' title='bbox 1531 2784 1689 2858; x_wconf 86' lang='grc' dir='ltr'><strong><em>τοὺς</em></strong></span> <span class='ocrx_word' id='word_1_174' title='bbox 1746 2782 2145 2867; x_wconf 83' lang='grc' dir='ltr'><strong><em>εὐπατρίδας</em></strong></span> <span class='ocrx_word' id='word_1_175' title='bbox 2183 2804 2214 2852; x_wconf 84' lang='lat'><strong>5</strong></span> 
     </span>
     <span class='ocr_line' id='line_1_25' title="bbox 224 2884 2145 2973; baseline 0.002 -23"><span class='ocrx_word' id='word_1_176' title='bbox 224 2885 708 2971; x_wconf 87' lang='grc' dir='ltr'><strong><em>καλουμένους,</em></strong></span> <span class='ocrx_word' id='word_1_177' title='bbox 774 2887 1016 2964; x_wconf 79' lang='grc' dir='ltr'><strong><em>οἵτινες</em></strong></span> <span class='ocrx_word' id='word_1_178' title='bbox 1076 2884 1455 2971; x_wconf 74' lang='grc' dir='ltr'><strong><em>[ἱεροποιοὶ]</em></strong></span> <span class='ocrx_word' id='word_1_179' title='bbox 1511 2886 1813 2973; x_wconf 82' lang='grc' dir='ltr'><strong><em>ὑπῆρχον</em></strong></span> <span class='ocrx_word' id='word_1_180' title='bbox 1868 2887 1942 2954; x_wconf 81' lang='grc' dir='ltr'><strong><em>ἐν</em></strong></span> <span class='ocrx_word' id='word_1_181' title='bbox 1996 2908 2145 2953; x_wconf 90' lang='grc' dir='ltr'><strong><em>παι-</em></strong></span> 
     </span>
     <span class='ocr_line' id='line_1_26' title="bbox 227 2992 2145 3080; baseline 0.002 -25"><span class='ocrx_word' id='word_1_182' title='bbox 227 2993 375 3080; x_wconf 76' lang='grc' dir='ltr'><strong><em>δείᾳ</em></strong></span> <span class='ocrx_word' id='word_1_183' title='bbox 419 2992 700 3076; x_wconf 89' lang='grc' dir='ltr'><strong><em>μάλιστα</em></strong></span> <span class='ocrx_word' id='word_1_184' title='bbox 749 2995 1239 3080; x_wconf 84' lang='grc' dir='ltr'><strong><em>διατετριφότες</em></strong></span> <span class='ocrx_word' id='word_1_185' title='bbox 1282 2992 1396 3059; x_wconf 88' lang='grc' dir='ltr'><strong><em>καὶ</em></strong></span> <span class='ocrx_word' id='word_1_186' title='bbox 1439 3002 1555 3076; x_wconf 80' lang='grc' dir='ltr'><strong><em>τῆς</em></strong></span> <span class='ocrx_word' id='word_1_187' title='bbox 1599 2999 1909 3078; x_wconf 87' lang='grc' dir='ltr'><strong><em>μεγίστης</em></strong></span> <span class='ocrx_word' id='word_1_188' title='bbox 1953 2993 2145 3077; x_wconf 83' lang='grc' dir='ltr'><strong><em>ἠξιω-</em></strong></span> 
     </span>
     <span class='ocr_line' id='line_1_27' title="bbox 140 3096 2146 3186; baseline -0 -23"><span class='ocrx_word' id='word_1_189' title='bbox 140 3130 195 3172; x_wconf 74' lang='lat'><strong><em>25</em></strong></span> <span class='ocrx_word' id='word_1_190' title='bbox 223 3096 418 3182; x_wconf 88' lang='grc' dir='ltr'><strong><em>μένοι</em></strong></span> <span class='ocrx_word' id='word_1_191' title='bbox 477 3107 668 3183; x_wconf 86' lang='grc' dir='ltr'><strong><em>τιμῆς</em></strong></span> <span class='ocrx_word' id='word_1_192' title='bbox 719 3103 1193 3186; x_wconf 88' lang='grc' dir='ltr'><strong><em>παραπλησίως</em></strong></span> <span class='ocrx_word' id='word_1_193' title='bbox 1254 3110 1394 3177; x_wconf 79' lang='grc' dir='ltr'><strong><em>τοῖς</em></strong></span> <span class='ocrx_word' id='word_1_194' title='bbox 1452 3098 1593 3165; x_wconf 85' lang='grc' dir='ltr'><strong><em>κατ’</em></strong></span> <span class='ocrx_word' id='word_1_195' title='bbox 1656 3106 2002 3185; x_wconf 77' lang='grc' dir='ltr'><strong><em>Αἴγυπτον</em></strong></span> <span class='ocrx_word' id='word_1_196' title='bbox 2059 3100 2146 3162; x_wconf 79' lang='grc' dir='ltr'><strong><em>ἰε-</em></strong></span> 
     </span>
     <span class='ocr_line' id='line_1_28' title="bbox 223 3202 2145 3291; baseline -0.002 -23"><span class='ocrx_word' id='word_1_197' title='bbox 223 3212 435 3290; x_wconf 82' lang='grc' dir='ltr'><strong><em>ρεῢσι·</em></strong></span> <span class='ocrx_word' id='word_1_198' title='bbox 487 3202 806 3291; x_wconf 84' lang='grc' dir='ltr'><strong><em>δευτέραν</em></strong></span> <span class='ocrx_word' id='word_1_199' title='bbox 844 3202 919 3271; x_wconf 74' lang='grc' dir='ltr'><strong><em>δὲ</em></strong></span> <span class='ocrx_word' id='word_1_200' title='bbox 964 3207 1152 3286; x_wconf 83' lang='grc' dir='ltr'><strong><em>τάξιν</em></strong></span> <span class='ocrx_word' id='word_1_201' title='bbox 1185 3205 1507 3290; x_wconf 86' lang='grc' dir='ltr'><strong><em>γενέσθαι</em></strong></span> <span class='ocrx_word' id='word_1_202' title='bbox 1551 3207 1673 3290; x_wconf 87' lang='grc' dir='ltr'><strong><em>τὴν</em></strong></span> <span class='ocrx_word' id='word_1_203' title='bbox 1696 3218 1853 3273; x_wconf 79' lang='grc' dir='ltr'><strong><em>τῶν</em></strong></span> <span class='ocrx_word' id='word_1_204' title='bbox 1898 3205 2145 3286; x_wconf 86' lang='grc' dir='ltr'><strong><em>γεωμό-</em></strong></span> 
     </span>
    </p>
   </div>
   <div class='ocr_carea' id='block_1_4' title="bbox 226 3424 2148 3718">
    <p class='ocr_par' dir='ltr' id='par_1_4' title="bbox 226 3424 2148 3718">
     <span class='ocr_line' id='line_1_29' title="bbox 355 3424 2147 3549; baseline -0.001 -62.991"><span class='ocrx_word' id='word_1_205' title='bbox 355 3438 403 3517; x_wconf 64' lang='lat'><strong><em>‚⁵</em></strong></span> <span class='ocrx_word' id='word_1_206' title='bbox 440 3433 680 3503; x_wconf 81' lang='grc' dir='ltr'><strong><em>ποιῆσαι</em></strong></span> <span class='ocrx_word' id='word_1_207' title='bbox 718 3434 824 3490; x_wconf 83' lang='lat' dir='ltr'><strong><em>C&#39;F</em></strong></span> <span class='ocrx_word' id='word_1_208' title='bbox 965 3441 995 3489; x_wconf 74' lang='lat'><strong><em>‘1</em></strong></span> <span class='ocrx_word' id='word_1_209' title='bbox 1034 3432 1136 3490; x_wconf 85' lang='grc' dir='ltr'><strong><em>τὸν</em></strong></span> <span class='ocrx_word' id='word_1_210' title='bbox 1173 3451 1280 3489; x_wconf 88' lang='lat' dir='ltr'><strong><em>om.</em></strong></span> <span class='ocrx_word' id='word_1_211' title='bbox 1320 3433 1373 3488; x_wconf 94' lang='grc' dir='ltr'>Π</span> <span class='ocrx_word' id='word_1_212' title='bbox 1547 3438 1614 3487; x_wconf 86' lang='grc'><strong><em>10</em></strong></span> <span class='ocrx_word' id='word_1_213' title='bbox 1647 3426 1961 3548; x_wconf 54' lang='grc' dir='ltr'><strong><em>Ἰουδαίωιὲ</em></strong></span> <span class='ocrx_word' id='word_1_214' title='bbox 2002 3424 2147 3549; x_wconf 42' lang='lat'><em>2⁶⁰0&amp;-</em></span> 
     </span>
     <span class='ocr_line' id='line_1_30' title="bbox 228 3453 1869 3589; baseline -0.001 -33"><span class='ocrx_word' id='word_1_215' title='bbox 228 3503 418 3589; x_wconf 79' lang='grc' dir='ltr'><strong><em>ρεπῶν</em></strong></span> <span class='ocrx_word' id='word_1_216' title='bbox 456 3503 516 3572; x_wconf 85' lang='lat' dir='ltr'><strong><em>C,</em></strong></span> <span class='ocrx_word' id='word_1_217' title='bbox 540 3453 854 3574; x_wconf 80' lang='grc' dir='ltr'><strong><em>ἰσορραιων</em></strong></span> <span class='ocrx_word' id='word_1_218' title='bbox 890 3506 933 3560; x_wconf 81' lang='lat' dir='ltr'><strong>F</strong></span> <span class='ocrx_word' id='word_1_219' title='bbox 974 3507 1044 3575; x_wconf 81' lang='grc' dir='ltr'><strong><em>(ο.</em></strong></span> <span class='ocrx_word' id='word_1_220' title='bbox 1084 3511 1170 3573; x_wconf 87' lang='lat'><strong><em>55,</em></strong></span> <span class='ocrx_word' id='word_1_221' title='bbox 1209 3509 1264 3573; x_wconf 85' lang='lat'><strong><em>5)</em></strong></span> <span class='ocrx_word' id='word_1_222' title='bbox 1365 3499 1507 3584; x_wconf 60' lang='lat' dir='ltr'><em>drea]</em></span> <span class='ocrx_word' id='word_1_223' title='bbox 1548 3499 1719 3563; x_wconf 83' lang='grc' dir='ltr'><strong><em>οντας</em></strong></span> <span class='ocrx_word' id='word_1_224' title='bbox 1755 3516 1869 3553; x_wconf 77' lang='lat' dir='ltr'><strong><em>avoc</em></strong></span> 
     </span>
     <span class='ocr_line' id='line_1_31' title="bbox 227 3561 2148 3644; baseline 0.002 -16"><span class='ocrx_word' id='word_1_225' title='bbox 227 3569 415 3628; x_wconf 83' lang='grc' dir='ltr'><strong><em>σάτων</em></strong></span> <span class='ocrx_word' id='word_1_226' title='bbox 459 3573 509 3628; x_wconf 93' lang='lat' dir='ltr'>D</span> <span class='ocrx_word' id='word_1_227' title='bbox 702 3582 766 3631; x_wconf 85' lang='lat'><strong><em>19</em></strong></span> <span class='ocrx_word' id='word_1_228' title='bbox 824 3574 889 3632; x_wconf 74' lang='grc' dir='ltr'><strong><em>δὲ</em></strong></span> <span class='ocrx_word' id='word_1_229' title='bbox 945 3574 1209 3644; x_wconf 81' lang='lat' dir='ltr'><strong>Dindorf‚</strong></span> <span class='ocrx_word' id='word_1_230' title='bbox 1263 3572 1324 3628; x_wconf 74' lang='grc' dir='ltr'><strong><em>τὲ</em></strong></span> <span class='ocrx_word' id='word_1_231' title='bbox 1365 3572 1584 3629; x_wconf 76' lang='lat' dir='ltr'>codices</span> <span class='ocrx_word' id='word_1_232' title='bbox 1766 3573 1834 3620; x_wconf 81' lang='lat'><strong><em>23</em></strong></span> <span class='ocrx_word' id='word_1_233' title='bbox 1873 3561 2148 3630; x_wconf 62' lang='grc' dir='ltr'><strong><em>ἱεροποιοὶ</em></strong></span> 
     </span>
     <span class='ocr_line' id='line_1_32' title="bbox 226 3618 1975 3718; baseline -0.002 -20"><span class='ocrx_word' id='word_1_234' title='bbox 226 3644 564 3716; x_wconf 80' lang='lat' dir='ltr'>wesseling,</span> <span class='ocrx_word' id='word_1_235' title='bbox 601 3644 907 3718; x_wconf 82' lang='grc' dir='ltr'><strong><em>ἰσορραπιω</em></strong></span> <span class='ocrx_word' id='word_1_236' title='bbox 945 3644 1170 3715; x_wconf 77' lang='lat' dir='ltr'>ABEN,</span> <span class='ocrx_word' id='word_1_237' title='bbox 1193 3618 1502 3712; x_wconf 80' lang='grc' dir='ltr'><strong><em>ἰσόρροποι</em></strong></span> <span class='ocrx_word' id='word_1_238' title='bbox 1539 3643 1601 3705; x_wconf 92' lang='grc' dir='ltr'><strong><em>Β,</em></strong></span> <span class='ocrx_word' id='word_1_239' title='bbox 1639 3656 1748 3693; x_wconf 87' lang='lat' dir='ltr'><strong><em>om.</em></strong></span> <span class='ocrx_word' id='word_1_240' title='bbox 1788 3633 1975 3688; x_wconf 64' lang='lat' dir='ltr'><strong><em>cefeflri·</em></strong></span> 
     </span>
    </p>
   </div>
  </div>
 </body>
</html>
