2569 4061
1121 354 1175 407 11
1214 359 1263 408 8.
1304 360 1352 408 9.
2071 356 2201 419 185

283 516 389 584 ἐπὶ
434 518 555 601 τὴν
598 518 1165 603 προϋπάρχουσαν
1213 515 1440 601 ῥύσιν,
1500 517 1665 582 ὥστε
1710 526 1831 583 τοῦ
1879 516 2203 603 ῥεύματος

176 647 281 696 123
302 623 520 690 ἐπάνω
565 633 680 707 τῆς
727 624 1053 709 διώρυχος
1100 620 1477 708 φερομένου
1526 622 1859 688 δύνασθαι
1904 624 2029 708 τὴν
2075 626 2203 688 Σε-
2247 635 2258 640 “

287 732 561 815 μίραμιν
614 729 686 795 ἐκ
739 740 874 795 τῶν
928 728 1139 814 πέραν
1191 729 1548 811 βασιλείων
1603 727 1709 793 ἐπὶ
1762 730 2013 815 θάτερα
2060 732 2202 810 δια-

288 837 693 922 πορεύεσθαι
771 835 858 919 μὴ
926 836 1412 918 διαβαίνουσαν
1474 835 1594 899 τὸν
1656 837 1970 918 ποταμόν.
2063 835 2204 902 ἐπέ-

234 959 260 1001 5
289 958 484 1025 στησε
530 939 604 1007 δὲ
648 940 761 1007 καὶ
805 941 1018 1017 πύλας
1070 949 1149 1025 τῆ
1207 941 1488 1027 διώρυχι
1539 945 1789 1024 χαλκᾶς
1834 938 1939 1024 ἐφ’
1994 938 2206 1005 ἑκάτε-

286 1072 408 1135 ρον
460 1047 690 1134 μέρος,
752 1050 826 1112 αἳ
875 1046 1214 1131 διέμειναν
1267 1044 1460 1132 μέχρι
1512 1054 1628 1129 τῆς
1686 1049 1873 1129 [τῶν]
1924 1049 2207 1132 Περσῶν

284 1157 635 1237 βασιλείας.
727 1155 889 1238 μετὰ
945 1149 1020 1217 δὲ
1062 1161 1270 1217 ταῦτα
1325 1151 1399 1216 ἐν
1443 1151 1609 1239 μέσῃ
1653 1161 1733 1239 τῆ
1789 1154 1978 1217 πόλει
2023 1175 2207 1218 κατε·
2244 1174 2279 1222 4

285 1262 608 1326 σκεύασεν
656 1261 840 1345 ἱερὸν
885 1262 1087 1342 Διός,
1133 1258 1225 1341 ζὸν
1277 1263 1599 1324 καλοῦσιν
1646 1261 1718 1325 οἱ
1761 1260 2209 1343 Βαβυλώνιοι,

283 1367 588 1452 καθάπερ
652 1369 1006 1452 εἰρήκαμεν
1016 1414 1036 1449 ,
1096 1368 1336 1448 Βῆλον.
1428 1365 1579 1453 περὶ
1636 1367 1882 1432 τούτου
1936 1363 2012 1431 δὲ
2073 1377 2210 1432 τῶν

203 1490 258 1530 10
287 1470 732 1557 συγγραφέων
803 1472 1362 1555 διαφωνούντων,
1433 1470 1547 1537 καὶ
1616 1481 1739 1537 τοῦ
1810 1471 2212 1538 κατασκευά-

288 1594 536 1660 σματος
582 1579 693 1641 διὰ
737 1578 856 1641 τὸν
901 1580 1148 1661 χρόνον
1192 1581 1800 1661 καταπεπτωκότος,
1862 1579 1984 1644 οὐκ
2029 1582 2210 1645 ἔστιν

291 1682 776 1766 ἀποφήνασθαι
819 1680 1139 1768 τάκριβές.
1225 1680 1642 1766 ὁμολογεῖται
1690 1680 1748 1746 δ’
1798 1683 2060 1765 ὑψηλὸν
2104 1709 2210 1767 γε-

290 1773 618 1871 γενῆσθαι
670 1786 826 1853 καθ’
879 1788 1289 1874 ὑπερβολήν,
1350 1786 1462 1852 καὶ
1514 1791 1672 1864 τοὺς
1716 1789 2094 1865 Χαλδαίους
2140 1789 2213 1853 ἐν

293 1894 472 1981 αὐτῷ
536 1895 652 1971 τὰς
713 1905 848 1960 τῶν
911 1896 1175 1980 ἄστρων
1238 1900 1645 1977 πεποιῆσθαι
1707 1897 2213 1979 παρατηρήσεις,

208 2019 261 2060 15
290 1999 579 2086 ἀκριβῶς
622 2003 1114 2089 θεωρουμένων
1151 2012 1287 2067 τῶν
1321 1999 1379 2066 τ’
1425 2000 1769 2067 ἀνατολῶν
1806 1997 1916 2066 καὶ
1955 2001 2214 2067 δύσεων

293 2108 405 2171 διὰ
467 2109 541 2173 τὸ
606 2117 728 2173 τοῦ
789 2108 1407 2193 κατασκευάσματος
1470 2108 1659 2185 ὕψος.
1749 2116 1866 2191 τῆς
1931 2103 1998 2172 δ’
2060 2108 2215 2191 ὅλης
2253 2129 2286 2176 5

295 2215 678 2298 οἰκοδομίας
732 2214 798 2293 ἐξ
847 2214 1193 2299 ἀσφάλτου
1227 2212 1360 2301 [καὶ
1403 2216 1701 2280 πλίνθου
1744 2219 2215 2298 πεφιλοτεχνη-

274 2312 493 2404 ’μένης
545 2324 954 2404 πολυτελῶς,
1019 2318 1120 2386 ἐπ’
1183 2321 1389 2405 ἄκρας
1451 2328 1566 2404 τῆς
1622 2319 2003 2403 ἀναβάσεως
2064 2324 2215 2408 τρία

291 2425 772 2490 κατεσκεύασεν
844 2424 1183 2508 ἀγάλματα
1245 2434 1462 2510 χρυσᾶ
1531 2428 1951 2512 σφυρήλατα,
2026 2430 2215 2510 Διός,

214 2527 512 2614 20“Ήρας,
547 2528 742 2608 Ῥέας.
834 2531 1092 2595 τούτων
1149 2527 1222 2596 δὲ
1275 2532 1351 2596 τὸ
1400 2527 1522 2614 μὲν
1563 2540 1686 2596 τοῦ
1731 2533 1900 2608 Διὸς
1939 2530 2215 2616 ἑστηκὸς

296 2629 382 2717 ἦν
416 2635 526 2700 καὶ
564 2638 976 2720 διαβεβηκός,
1020 2636 1325 2723 ὑπάρχον
1364 2633 1438 2702 δὲ
1474 2639 1703 2702 ποδῶν
1737 2640 2215 2723 τετταράκοντα

294 2742 369 2806 τὸ
425 2750 632 2826 μῆκος
687 2744 991 2826 σταθμὸν
1037 2737 1168 2826 εἶχε
1223 2744 1459 2826 χιλίων
1510 2745 1855 2810 ταλάντων
1897 2750 2215 2830 Βαβυλω-

293 2849 489 2913 νίων·
534 2850 609 2913 τὸ
658 2845 733 2912 δὲ
778 2855 893 2931 τῆς
937 2844 1116 2925 Ῥέας
1170 2846 1276 2913 ἐπὶ
1326 2850 1574 2936 δίφρου
1625 2853 2013 2935 καθήμενον
2058 2876 2216 2937 χρυ-

296 2963 421 3020 σοῦ
466 2955 586 3018 τὸν
634 2960 784 3019 ἴσον
822 2953 1124 3037 σταθμὸν
1160 2948 1293 3037 εἶχε
1338 2961 1428 3042 τῷ
1466 2954 1948 3044 προειρημένῳ·
1996 2955 2103 3023 ἐπὶ
2142 2953 2216 3021 δὲ

214 3077 268 3120 25
294 3069 429 3124 τῶν
482 3059 789 3141 γονάτων
851 3058 1053 3141 αὐτῆς
1117 3059 1503 3142 εἱστήκεσαν
1562 3045 1823 3136 λέοντες
1886 3060 2040 3143 δύο,
2105 3058 2217 3124 καὶ

293 3167 582 3249 πλησίον
620 3166 809 3248 ὄφεις
844 3163 1319 3249 ὑπερμεγέθεις
1361 3163 1662 3250 ἀργυροῖ,
1708 3165 2061 3250 τριάκοντα
2106 3185 2217 3226 τα-

297 3273 559 3337 λάντων
613 3269 886 3350 ἕκαστος
941 3272 1110 3353 ἔχων
1163 3271 1238 3335 τὸ
1294 3270 1515 3355 βάρος.
1607 3272 1682 3336 τὸ
1731 3266 1805 3334 δὲ
1848 3278 1964 3352 τῆς
2006 3265 2218 3351 ’Ἠρας
2255 3289 2287 3335 6

298 3375 567 3462 ἑστηκὸς
611 3371 698 3460 ἦν
745 3378 1034 3461 ἄγαλμα,
1093 3378 1399 3459 σταθμὸν
1445 3378 1599 3461 ἔχον
1643 3375 1985 3440 ταλάντων
2031 3370 2218 3435 ὀκτα-

477 3541 508 3589 6
546 3535 660 3588 τῶν
706 3551 814 3590 om.
855 3532 947 3587 OD
1129 3538 1162 3587 9
1201 3530 1264 3586 δὲ
1304 3526 1507 3585 τούτου
1555 3532 1705 3654 vulf.
1885 3531 1951 3580 21
2004 3523 2070 3580 δὲ
2110 3542 2217 3581 om.

297 3603 450 3675 vulg.
596 3610 664 3660 22
704 3601 960 3675 σταθμὸν
998 3599 1055 3658 δ’
1099 3600 1213 3671 εἶχε
1251 3599 1385 3655 libri
1526 3605 1597 3653 28
1666 3598 1942 3665 ξακοσίων
1978 3595 2169 3651 ABD1.
