2569 4061
990 333 1070 387 111
1108 336 1194 387 55.
1236 338 1323 387 56.
2017 335 2149 401 355

221 494 763 578 συνεκπεσούσης
808 493 1012 583 αὐτῷ·
1060 502 1546 581 συστρατεῦσαι
1592 492 1667 560 δὲ
1702 494 1817 562 καὶ
1852 500 2161 563 Σίπυλον

219 609 313 690 τῷ
359 603 583 689 Μόψῳ
628 602 749 667 τὸν
793 601 1106 685 Σαιύθην,
1151 599 1750 685 πεφυγαδευμένον
1797 603 2044 688 ὁμοίως
2089 603 2163 672 ἐκ

223 715 341 790 τῆς
378 707 631 793 ὁμόρου
665 715 745 792 τῇ
778 704 1010 795 Θράκῃ
1038 708 1364 784 Σκυθίας.
1440 705 1803 792 γενομένης
1840 706 1914 774 δὲ
1949 732 2159 797 παρα·
2202 732 2265 780 11

223 812 500 897 τάξεως,
574 811 688 878 καὶ
760 824 896 878 τῶν
959 811 1113 898 περὶ
1174 815 1296 878 τὸν
1361 815 1669 878 Σίπυλον
1731 811 1843 879 καὶ
1909 819 2161 893 Μόψον

171 941 198 981 5
225 920 803 1007 προτερησάντων,
859 921 984 1003 τήν
1028 940 1100 983 τε
1146 921 1548 1002 βασίλισσαν
1602 929 1736 985 τῶν
1786 917 2163 1006 Ἀμαζόνων

223 1027 547 1113 Μύριναν
601 1026 1047 1112 ἀναιρεθῆναι
1100 1023 1211 1090 καὶ
1265 1035 1402 1090 τῶν
1447 1027 1671 1092 ἄλλων
1714 1027 1832 1104 τὰς
1876 1029 2159 1105 πλείους.

221 1145 343 1201 τοῦ
399 1132 476 1200 δὲ
529 1135 783 1219 χρόνου
835 1134 1357 1217 προβαίνοντος,
1412 1130 1525 1197 καὶ
1579 1135 1747 1198 κατὰ
1791 1136 1906 1211 τὰς
1953 1134 2163 1219 μάχας

224 1239 328 1306 ἀεὶ
372 1250 508 1305 τῶν
548 1243 830 1325 Θρᾳκῶν
878 1236 1448 1323 ἐπικρατούντων,
1495 1239 1571 1302 τὸ
1617 1243 1998 1306 τελευταῖον
2046 1242 2165 1318 τὰς

224 1347 771 1433 περιλειφθείσας
817 1355 954 1409 τῶν
990 1340 1372 1428 Ἀμαζόνων
1409 1343 1793 1430 ἀνακάμψαι
1828 1348 2032 1413 πάλιν
2069 1349 2163 1425 εἰς

142 1472 197 1512 10
223 1453 509 1536 Λιβύην.
601 1449 712 1516 καὶ
768 1451 892 1535 τὴν
947 1447 1071 1534 μὲν
1126 1453 1478 1536 στρατείαν
1531 1461 1667 1516 τῶν
1723 1452 1850 1518 ἀπὸ
1900 1455 2162 1538 Λιβύης

216 1556 597 1642 Ἀμαζόνων
643 1560 1108 1639 μυθολογοῦσι
1153 1565 1421 1622 τοιοῦτο
1467 1560 1698 1640 λαβεῖν
1742 1561 1818 1623 τὸ
1865 1558 2085 1646 πέρας.

396 1661 624 1747 Ἡμεῖς
662 1659 725 1728 δ’
762 1661 988 1747 ἐπειδὴ
1025 1660 1179 1749 περὶ
1213 1672 1351 1728 τῶν
1390 1660 1788 1729 Ἀτλαντίων
1826 1663 2162 1750 ἐμνήσθη·
2180 1664 2268 1730 56

229 1793 375 1856 μεν,
433 1769 558 1836 οὐκ
611 1768 953 1836 ἀνοίκειον
997 1768 1350 1854 ἡγούμεθα
1395 1769 1696 1835 διελθεῖν
1741 1771 1823 1835 τὰ
1868 1776 2164 1856 μυθολο-

225 1876 521 1960 γούμενα
565 1871 721 1960 παρ’
776 1874 1004 1952 αὐτοῖς
1048 1873 1202 1962 περὶ
1245 1883 1364 1957 τῆς
1410 1885 1545 1939 τῶν
1590 1879 1774 1940 θεῶν
1818 1874 2160 1961 γενέσεως,

147 2001 198 2044 15
228 1984 341 2050 διὰ
392 1983 468 2048 τὸ
515 1983 605 2067 μὴ
650 1985 824 2049 πολὺ
873 1982 1289 2049 διαλλάττειν
1345 1981 1514 2048 αὐτὰ
1558 1992 1693 2048 τῶν
1739 1987 2165 2068 μυθολογου-

227 2088 448 2174 μένων
509 2087 667 2176 παρ’
723 2087 1057 2174 ’Ἐλλησιν.
1153 2090 1225 2155 οἰ
1280 2090 1517 2155 τοίνυν
1574 2085 1943 2155 Ἀτλάντιοι
2006 2093 2164 2168 τοὺς
2200 2110 2231 2158 2

226 2198 406 2282 παρὰ
459 2198 577 2261 τὸν
624 2196 929 2262 ὠκεανὸν
977 2198 1224 2273 τόπους
1268 2203 1738 2272 κατοικοῦντες
1782 2194 1893 2260 καὶ
1936 2197 2162 2282 χώραν

226 2302 593 2387 εὐδαίμονα
621 2305 978 2387 νεμόμενοι
1018 2306 1242 2390 πολλῷ
1281 2297 1407 2386 μὲν
1445 2300 1748 2388 εὐσεβείᾳ
1782 2300 1894 2367 καὶ
1929 2307 2162 2382 φιλαν·

226 2412 497 2497 θρωπίᾳ
542 2418 623 2495 τῇ
659 2405 826 2495 πρὸς
863 2412 1022 2485 τοὺς
1059 2406 1292 2487 ξένους
1328 2408 1610 2473 δοκοῦσι
1647 2407 1995 2493 διαφέρειν
2027 2418 2164 2473 τῶν

148 2534 202 2574 20
229 2516 731 2601 πλησιοχώρων,
778 2516 903 2599 τὴν
941 2510 1016 2580 δὲ
1052 2514 1316 2596 γένεσιν
1353 2525 1490 2579 τῶν
1525 2519 1710 2579 θεῶν
1746 2512 1899 2600 παρ’
1937 2515 2165 2592 αὐτοῖς

228 2618 548 2703 γενέσθαι
594 2624 777 2706 φασί.
873 2631 1263 2706 συμφωνεῖν
1312 2617 1388 2686 δὲ
1430 2630 1573 2697 τοῖς
1618 2618 2000 2704 λεγομένοις
2044 2613 2158 2687 ὑπ’

227 2727 451 2793 αὐτῶν
523 2728 634 2794 καὶ
706 2730 827 2794 τὸν
892 2726 1419 2812 ἐπιφανέστατον
1482 2737 1617 2792 τῶν
1681 2720 1833 2813 παρ’
1890 2727 2165 2812 Ἕλλησι

226 2845 522 2918 ποιητῶν
568 2834 642 2901 ἐν
688 2827 790 2912 οἷς
834 2835 1223 2920 παρεισάγει
1265 2835 1392 2917 τὴν
1422 2831 1642 2920 Ἥραν
1688 2832 2022 2917 λέγουσαν

319 2935 455 3025 εἶμι
496 2942 627 3028 γὰρ
675 2939 971 3026 ὀψομένη
1018 2942 1461 3026 πολυφόρβου
1507 2942 1785 3027 πείρατα
1830 2943 2054 3024 γαίης,

148 3066 201 3108 25
312 3043 632 3112 Ὠκεανόν
676 3070 745 3112 τε
791 3053 978 3112 θεῶν
1021 3044 1287 3130 γένεσιν
1331 3044 1445 3111 καὶ
1490 3044 1739 3132 μητέρα
1791 3046 2045 3128 Τηθύν.

229 3157 696 3237 μυθολογοῦσι
750 3148 825 3218 δὲ
878 3163 1147 3239 πρῶτον
1198 3145 1354 3239 παρ’
1410 3151 1638 3229 αὑτοῖς
1687 3150 2000 3236 Οὐρανὸν
2045 3150 2161 3230 βα·-
2199 3169 2231 3216 3

377 3386 405 3434 1
447 3375 995 3448 συνεπεισπεσούσης
1013 3380 1080 3449 D,
1117 3374 1643 3446 συνεπιπευσούσης
1663 3376 1722 3443 Ο,
1760 3372 2161 3432 συνεισπεσού-

229 3470 330 3520 σης
367 3445 441 3517 F,
481 3468 621 3508 corr.
661 3451 841 3509 Wese,
921 3503 941 3518 „
993 3457 1056 3506 12
1099 3446 1224 3506 ἐπεὶ
1259 3450 1314 3504 Π
1461 3444 1811 3503 ἆτλαντίδων
1849 3447 1917 3516 D,
1957 3444 2161 3501 άτλαν·

229 3524 398 3577 τείων
420 3520 462 3577 C
540 3528 607 3578 16
626 3518 948 3578 άτλάντειοι
972 3522 1031 3593 C,
1071 3517 1364 3584 άτλαντεῖς
1384 3564 1396 3577 .
1419 3517 1540 3574 οἷΙ)
1628 3523 1694 3572 18
1722 3519 1907 3591 πολλῷ
1939 3516 2160 3587 scripsi,

229 3594 405 3666 πολλῇ
447 3593 695 3660 codices,
742 3589 884 3649 πολύ
924 3593 1088 3649 Dind.
1245 3598 1316 3647 23
1354 3589 1631 3660 ποιητῶν]
1670 3585 1887 3658 ὅμηρον
1925 3589 2053 3645 add.
2092 3587 2161 3642 D.

1728 3678 1842 3731 23*
