2569 4061
1085 313 1163 366 1V
1200 317 1248 365 4.
1281 318 1332 368 6.
2046 313 2174 377 401

250 477 380 542 ἀπὸ
417 483 539 541 τοῦ
576 475 742 541 κατὰ
776 475 900 558 τὴν
936 473 1202 557 γένεσιν
1240 473 1451 538 αὐτοῦ
1487 475 1855 560 γενομένου
1892 478 2176 562 βρόμου·

251 584 497 668 ὁμοίως
562 578 636 646 δὲ
700 578 810 645 καὶ
876 589 1200 666 πυριγενῆ
1268 580 1382 645 διὰ
1444 582 1568 664 τὴν
1644 581 1883 664 ὁμοίαν
1958 586 2178 649 αἰτίαν

253 691 665 775 ὠνομάσθαι.
742 690 1086 772 Θρίαμβον
1124 682 1187 751 δ’
1221 687 1430 752 αὐτὸν
1468 685 1938 770 ὀνομασθῆναί
1968 707 2178 775 φασιν
2214 709 2247 758 2

251 797 379 862 ἀπὸ
433 805 555 861 τοῦ
610 804 877 882 πρῶτον
932 804 1068 858 τῶν
1124 790 1733 878 μνημονευομένων
1777 808 2177 878 καταγαγεῖν

195 918 222 959 5
251 902 378 968 άπὸ
424 908 542 984 τῆς
587 901 930 985 στρατείας
972 902 1316 984 θρίαμβον
1364 901 1458 975 εἰς
1502 899 1627 982 τὴν
1681 901 1999 985 πατρίδα,
2054 904 2177 985 τὴν

252 1005 316 1084 ἐξ
337 1004 574 1071 Ἰνδῶν
600 1004 1054 1087 ποιησάμενον
1084 1002 1420 1069 ἐπάνοδον
1457 1005 1621 1089 μετὰ
1657 1008 1927 1070 πολλῶν
1963 1008 2177 1090 λαφύ-

138 1134 241 1184 251
269 1137 424 1199 ρων.
506 1112 980 1197 παραπλησίως
1020 1104 1094 1173 δὲ
1131 1107 1242 1174 καὶ
1286 1111 1402 1186 τὰς
1448 1112 1683 1188 λοιπὰς
1726 1116 2177 1198 προσηγορίας

251 1218 630 1294 ἐπιθετικὰς
688 1216 866 1304 αὐτῷ
922 1221 1362 1299 γεγενῆσθαι,
1418 1215 1572 1304 περὶ
1627 1213 1724 1283 ὧν
1780 1219 2037 1305 μακρὸν
2094 1217 2176 1284 ἂν

251 1332 351 1410 εἴη
401 1324 620 1407 λέγειν
666 1320 778 1389 καὶ
820 1332 936 1406 τῆς
981 1321 1422 1407 ὑποκειμένης
1469 1325 1764 1411 ἱστορίας
1822 1326 2175 1392 ἀνοίκειον.

166 1451 222 1490 ιο
252 1433 586 1515 δίμορφον
653 1424 715 1494 δ’
781 1428 987 1493 αὐτὸν
1053 1430 1278 1493 δοκεῖν
1342 1429 1666 1515 ὑπάρχειν
1733 1432 1844 1495 διὰ
1907 1434 1981 1497 τὸ
2050 1434 2174 1498 δύο

250 1536 638 1612 Διονύσους
673 1533 1043 1618 γεγονέναι,
1081 1536 1201 1599 τὸν
1238 1531 1362 1619 μὲν
1397 1538 1684 1600 παλαιὸν
1720 1539 2177 1621 καταπώγωνα

253 1643 365 1706 διὰ
410 1643 485 1705 τὸ
532 1642 690 1727 τοὺς
735 1639 1054 1727 ἀρχαίους
1108 1640 1362 1716 πάντας
1414 1654 2001 1726 πωγωνοτροφεῖν,
2055 1646 2175 1710 τὸν

148 1742 151 1745 ’
252 1743 326 1813 δὲ
371 1747 703 1832 νεώτερον
749 1747 1000 1832 ὠραῖον
1035 1744 1147 1811 καὶ
1184 1748 1525 1831 τρυφερὸν
1559 1744 1672 1812 καὶ
1707 1746 1888 1830 νέον,
1934 1752 2174 1814 καθότι

249 1857 655 1941 προείρηται.
748 1856 917 1919 ἔνιοι
965 1851 1037 1918 δὲ
1085 1851 1402 1937 λέγουσιν
1449 1853 1551 1918 ὅτι
1596 1864 1731 1918 τῶν
1777 1857 2174 1938 μεθυόντων
2213 1876 2244 1924 3

167 1979 221 2020 15
251 1962 474 2038 διττὰς
511 1960 850 2038 διαθέσεις
887 1960 1197 2046 ἐχόντων,
1237 1957 1348 2025 καὶ
1384 1970 1521 2026 τῶν
1557 1956 1679 2046 μὲν
1719 1961 1991 2046 ἱλαρῶν,
2038 1973 2174 2027 τῶν

251 2065 326 2134 δὲ
386 2067 674 2152 ὀργίλων
732 2066 1139 2152 γινομένων,
1203 2068 1542 2153 δίμορφον
1604 2067 2000 2152 ὠνομάσθαι
2056 2071 2175 2134 τὸν

247 2177 433 2240 θεόν.
516 2172 629 2240 καὶ
673 2173 1029 2261 Σατύρους
1075 2172 1154 2238 δέ
1196 2189 1408 2258 φασιν
1455 2174 1664 2248 αὐτὸν
1693 2175 2171 2261 περιάγεσθαι,

247 2280 359 2346 καὶ
414 2282 694 2358 τούτους
749 2280 822 2346 έν
876 2291 1021 2357 ταῖς
1076 2279 1389 2365 ὀρχήσεσι
1433 2278 1546 2345 καὶ
1588 2291 1732 2357 ταῖς
1775 2283 2175 2370 τραγῳδίαις

248 2386 482 2473 τέρψιν
544 2385 654 2453 καὶ
717 2387 974 2470 πολλὴν
1044 2387 1302 2470 ἡδονὴν
1373 2385 1783 2472 παρέχεσθαι
1854 2395 1946 2475 τῷ
2011 2393 2169 2477 θεῷ.

166 2513 221 2550 20
249 2495 550 2558 καθόλου
605 2489 679 2558 δὲ
702 2529 706 2533 -
732 2495 850 2570 τὰς
903 2488 1026 2577 μὲν
1071 2493 1357 2568 Μούσας
1408 2503 1548 2569 τοῖς
1594 2490 1666 2557 ἐκ
1711 2501 1825 2576 τῆς
1869 2495 2173 2572 παιδείας
2210 2517 2243 2563 4

250 2597 533 2681 ἀγαθοῖς
561 2599 952 2685 ὠφελούσας
977 2622 1048 2664 τε
1084 2596 1195 2664 καὶ
1229 2599 1623 2685 τερπούσας,
1658 2601 1816 2676 τοὺς
1853 2596 1927 2665 δὲ
1954 2602 2171 2666 Σατύ-

249 2728 412 2791 ρους
464 2716 604 2782 τοῖς
656 2708 823 2792 πρὸς
876 2704 1128 2788 γέλωτα
1190 2715 1637 2791 συνεργοῦσιν
1698 2706 2172 2793 ἐπιτηδεύμασι

246 2810 662 2896 χρωμένους,
715 2811 1236 2898 παρασκευάζειν
1281 2819 1373 2900 τῷ
1418 2812 1739 2901 Διονύσῳ
1786 2816 1906 2878 τὸν
1951 2815 2170 2880 εὐδαί-

246 2941 422 3002 μονα
475 2916 587 2983 καὶ
640 2916 1119 3005 κεχαρισμένον
1174 2920 1345 3001 βίον.
1435 2922 1739 2984 καθόλου
1795 2917 1870 2984 δὲ
1928 2929 2171 2985 τοῦτον

165 3042 218 3081 25
246 3034 381 3089 τῶν
440 3030 829 3109 θυμελικῶν
888 3024 1170 3107 ἄγώνων
1232 3022 1442 3108 φασὶν
1497 3025 1775 3110 εὑρετὴν
1828 3025 2168 3107 γενέσθαι,

245 3128 356 3194 καὶ
408 3128 664 3216 θέατρα
717 3130 1123 3213 καταδεῖξαι,
1179 3127 1293 3194 καὶ
1348 3140 1689 3213 μουσικῶν
1736 3128 2170 3212 ἀκροαμάτων

425 3364 458 3413 3
505 3354 874 3429 ὠνομάσθαι]
920 3354 1200 3427 ὀνομάσαι
1249 3358 1354 3412 OF
1531 3365 1596 3412 11
1649 3351 1921 3426 παλαιὸν]
1977 3351 2167 3410 αὐτῶν

245 3428 373 3483 add.
432 3429 480 3482 D
677 3435 743 3483 13
799 3426 1013 3498 ὡραῖον
1077 3446 1185 3484 om.
1246 3429 1295 3482 D
1492 3435 1556 3483 16
1612 3423 1877 3497 ὀργίλων,
1935 3427 2047 3479 τῶν
2103 3423 2166 3479 δὲ

247 3497 456 3569 ἱλαρῶν
508 3501 661 3570 vulg.
808 3506 874 3556 21
928 3520 988 3555 τε
1047 3518 1155 3555 om.
1205 3498 1252 3553 D
1400 3505 1468 3553 22
1524 3506 1649 3560 ταῖς
1679 3540 1691 3551 .
1724 3538 1736 3550 .
1767 3494 2168 3564 συνεργούσαις

248 3567 643 3640 ἔπιτηδεύσεσι
684 3572 731 3626 C'
870 3577 939 3626 24
976 3577 1177 3626 τοῦτον
1215 3571 1351 3642 τῶν]
1390 3570 1591 3624 τοῦτον
1629 3568 1696 3636 D,
1733 3573 1845 3622 τῶν
1883 3566 1950 3621 ῙΙ.

351 3669 608 3711 Βιουοιιυε
639 3671 678 3710 Ι.
1777 3662 1847 3710 26
