2569 4061
1027 326 1108 382 111
1144 333 1229 384 ετ.
1259 332 1347 384 68.
1380 334 1467 383 69.
1541 374 1544 379 2
2064 331 2146 395 37
2154 332 2194 394 9

261 504 404 573 σης,
444 489 572 554 ἀπὸ
607 490 853 573 ταύτης
889 490 1013 573 τὴν
1039 491 1265 576 χώραν
1294 489 1691 575 Ἀμαλθείας
1717 491 1910 578 κέρας
1948 492 2195 576 ὀνομα-

263 601 542 679 σθῆναι·
608 597 714 662 διὸ
768 594 879 662 καὶ
932 599 1089 674 τοὺς
1144 595 1735 682 μεταγενεστέρους
1789 598 2195 684 ἀνθρώπους

264 702 377 765 διὰ
421 702 545 784 τὴν
579 701 1072 788 προειρημένην
1109 704 1326 768 αἰτίαν
1362 703 1485 786 τὴν
1520 705 1879 787 κρατίστην
1916 713 2045 788 γῆν
2081 703 2194 771 καὶ

261 807 716 884 παντοδαποῖς
778 817 1060 893 καρποῖς
1121 810 1525 891 πλήθουσαν
1589 807 1903 884 ὡσαύτως
1959 805 2193 892 Ἀμαλ-

206 934 233 974 5
260 915 453 990 θείας
511 913 707 999 κέρας
765 913 1308 999 προσαγορεύειν.
1400 914 1520 978 τὸν
1585 910 1646 977 δ’
1702 908 1828 979 οὖν
1876 912 2192 998 ’Ἀμμωνα
2230 940 2263 987 4

261 1021 691 1104 φοβούμενον
749 1021 876 1104 τὴν
934 1029 1051 1103 τῆς
1105 1016 1283 1096 Ῥέας
1350 1023 1749 1103 ζηλοτυπίαν
1810 1021 2062 1106 κρύψαι
2117 1024 2191 1088 τὸ

258 1130 558 1210 γεγονός,
604 1125 716 1193 καὶ
760 1128 882 1192 τὸν
927 1126 1134 1191 παῖδα
1180 1127 1406 1213 λάθρα
1451 1137 1867 1212 μετενεγκεῖν
1913 1133 2007 1204 είς
2041 1150 2192 1192 τινα

258 1235 457 1299 πόλιν
529 1236 806 1315 Νῦσαν,
891 1233 1151 1317 μακρὰν
1224 1226 1336 1296 ἀπ’
1416 1232 1691 1297 ἐκείνων
1761 1244 1896 1299 τῶν
1968 1235 2192 1298 τόπων

260 1337 747 1424 ἀπηρτημένην.
839 1343 1109 1404 κεῖσθαι
1182 1334 1256 1403 δὲ
1328 1340 1580 1422 ταύτην
1652 1341 1727 1405 ἔν
1797 1363 1932 1405 τινι
2004 1342 2188 1428 νήσῳ
2229 1365 2260 1412 5

177 1467 232 1506 ιο
258 1444 691 1531 περιεχομένῃ
739 1441 862 1529 μὲν
907 1445 1037 1510 ὑπὸ
1083 1453 1205 1510 τοῦ
1259 1448 1593 1529 Τρίτωνος
1636 1455 1960 1530 ποταμοῦ,
2008 1467 2189 1531 περι-

257 1553 529 1638 κρήμνφ
569 1547 644 1616 δὲ
680 1550 792 1616 καὶ
828 1546 985 1616 καθ’
1019 1549 1138 1615 ἕνα
1173 1553 1383 1616 τόπον
1422 1550 1664 1636 ἐχούσῃ
1702 1554 1937 1628 στενὰς
1972 1554 2189 1635 εἰσβο-

260 1655 398 1738 λάς,
438 1655 515 1732 ἃς
554 1656 949 1740 ὠνομάσθαι
984 1658 1197 1733 πύλας
1233 1659 1516 1733 Νυσίας.
1590 1651 1763 1722 εἶναι
1802 1655 1863 1721 δ’
1910 1656 1983 1722 έν
2020 1658 2188 1744 αὐτῇ

256 1761 482 1848 χώραν
527 1763 894 1848 εὐδαίμονα
941 1766 1222 1848 λειμῶσί
1249 1787 1321 1828 τε
1360 1767 1679 1847 μαλακοῖς
1716 1762 2188 1847 διειλημμένην

256 1866 368 1932 καὶ
413 1871 722 1952 πηγαίοις
765 1868 1011 1934 ὕδασιν
1057 1867 1517 1954 ἀρδευομένην
1563 1866 1891 1951 δαψιλέσι,
1941 1867 2188 1954 δένδρα

175 1993 228 2036 15
255 1996 325 2040 τε
352 1978 751 2062 καρποφόρα
778 1987 1061 2042 παντοῖα
1088 1974 1198 2042 καὶ
1226 1977 1485 2061 πολλὴν
1524 1977 1819 2062 ἄμπελον
1856 1974 2184 2060 αὐτοφυῆ,

254 2079 366 2147 καὶ
422 2082 666 2166 ταύτης
722 2083 847 2166 τὴν
907 2085 1224 2168 πλείστην
1289 2083 1774 2169 ἀναδενδράδα.
1864 2082 2187 2168 ὑπάρχειν
2225 2106 2257 2153 6

149 2185 332 2260 233δὲ
375 2186 487 2255 καὶ
532 2190 748 2255 πάντα
793 2192 895 2255 τὸν
931 2192 1138 2255 τόπον
1175 2191 1494 2271 εὔπνουν,
1542 2192 1637 2254 ἔτι
1675 2185 1750 2255 δὲ
1785 2187 1941 2254 καθ’
1986 2189 2184 2275 ὑπερ-

255 2296 465 2379 βολὴν
508 2295 836 2379 ὑγιεινόν·
880 2282 992 2361 καὶ
1039 2296 1150 2360 διὰ
1193 2303 1394 2360 τοῦτο
1439 2298 1597 2372 τοὺς
1642 2295 1715 2361 ἐν
1752 2295 1930 2383 αὐτῷ
1967 2319 2185 2360 κατοι-

254 2409 537 2478 κοῦντας
566 2402 1149 2489 μακροβιωτάτους
1168 2401 1493 2486 ὑπάρχειν
1519 2411 1655 2467 τῶν
1681 2403 2183 2487 πλησιοχώρων.

175 2542 230 2582 20
257 2501 430 2570 εἶναι
487 2505 559 2573 δὲ
614 2518 729 2593 τῆς
783 2510 999 2591 νήσου
1052 2509 1176 2592 τὴν
1221 2504 1346 2592 μὲν
1389 2508 1660 2594 πρώτην
1706 2508 2020 2591 εἰσβολὴν
2066 2508 2183 2574 αὑ-

256 2614 607 2698 λωνοειδῆ,
667 2616 949 2680 σύσκιον
994 2615 1278 2698 ὑψηλοῖς
1324 2612 1435 2679 καὶ
1481 2625 1761 2691 πυκνοῖς
1807 2614 2181 2701 δένδρεσιν,

254 2719 421 2784 ὥστε
476 2721 595 2785 τὸν
648 2721 842 2804 ἥλιον
896 2722 983 2806 μὴ
1031 2721 1411 2786 παντάπασι
1458 2721 1854 2805 διαλάμπειν
1900 2721 2013 2786 διὰ
2057 2723 2183 2806 τὴν

253 2825 679 2908 συνάγκειαν,
717 2826 935 2910 αὐγὴν
973 2823 1048 2892 δὲ
1083 2830 1302 2912 μόνην
1339 2826 1631 2913 ὁρᾶσθαι
1669 2829 1907 2911 φωτός.
1966 2829 2181 2913 πάντῃ
2203 2829 2287 2892 69

254 2926 329 2995 δὲ
387 2932 553 2996 κατὰ
610 2932 729 3008 τάς
788 2934 1128 3017 παρόδους
1185 2938 1585 3018 προχεῖσθαι
1642 2933 1857 3016 πηγὰς
1913 2932 2182 2997 ὑδάτων

172 3072 226 3114 25
251 3045 331 3123 τῇ
371 3038 729 3122 γλυκύτητι
775 3040 1144 3126 διαφόρων,
1193 3040 1360 3105 ὥστε
1407 3040 1526 3105 τὸν
1570 3041 1779 3104 τόπον
1824 3033 1997 3102 εἶναι
2040 3050 2181 3116 τοῖς

250 3141 688 3229 βουλομένοις
750 3143 1169 3230 ἐνδιατρῖψαι
1231 3141 1788 3231 προσηνέστατον.
1890 3140 2036 3225 ἑξῆς
2110 3137 2171 3207 δ’

249 3251 572 3336 ὑπάρχειν
627 3252 876 3337 ἄντρον
933 3259 1025 3340 τῷ
1084 3248 1209 3337 μὲν
1266 3255 1549 3337 σχήματι
1607 3247 2025 3334 κυκλοτερές,
2085 3259 2176 3339 τῷ

430 3450 463 3497 6
502 3445 601 3514 τῆς
637 3461 746 3499 om.
782 3444 936 3515 vulg.
1121 3449 1187 3498 12
1225 3444 1482 3507 Νυσείας
1521 3441 1629 3497 OF
1809 3446 1877 3495 14
1913 3441 2180 3510 πηγαίοις

250 3513 414 3569 Dind.
453 3516 524 3584 (c.
566 3520 652 3582 10,
688 3519 770 3584 4);
816 3516 1042 3584 κηπίοις
1087 3515 1157 3587 D,
1203 3516 1459 3584 κηπείοις
1496 3514 1555 3580 C,
1602 3513 1865 3581 κηπείαις
1906 3512 1989 3580 F;
2047 3532 2179 3582 κρη·

249 3586 436 3648 ναίοις
469 3585 602 3642 fort.
640 3585 732 3657 (of.
770 3585 849 3640 XI
884 3592 972 3655 25,
1008 3589 1065 3658 4)
1214 3593 1278 3642 17
1318 3582 1420 3641 τὸν
1457 3585 1585 3640 add.
1624 3582 1789 3639 Dian
