2569 4061
257 183 260 188 ’
377 199 506 264 148
1046 194 1353 251 monem
1391 194 1625 250 summ

374 371 453 446 τῇ
508 370 629 427 τοῦ
684 359 936 444 τράγου
1001 358 1201 440 φύσει
1256 360 1741 442 παραπλησίας·
1805 357 1880 420 τὸ
1937 357 2063 440 γὰρ
2133 358 2302 442 ζῷον

375 477 573 532 τοῦτο
620 465 1126 551 παραδεδόσθαι
1181 466 1348 549 πρὸς
1392 464 1507 540 τὰς
1563 465 1926 539 συνουσίας
1978 462 2303 547 ὑπάρχειν

377 569 871 656 ἐνεργέστατον
921 569 1198 647 ἐκείνοις
1238 564 1364 634 οὖν
1401 571 1512 634 διὰ
1539 569 1780 653 ταύτης
1815 577 1930 652 τῆς
1958 567 2304 653 ἐμφάσεως

380 680 575 763 χάριν
612 678 1009 743 ἀποδιδόναι
1054 675 1207 761 περὶ
1243 683 1360 759 τῆς
1404 679 1839 751 πολυτεκνίας
1878 683 1993 758 τῆς
2030 673 2302 739 ἑαυτῶν.

304 808 341 857 4
376 788 534 863 τοὺς
580 780 654 849 δὲ
699 784 987 868 ταύρους
1031 786 1190 859 τοὺς
1228 782 1470 867 ἱερούς,
1517 780 1688 865 λέγω
1735 779 1808 847 δὲ
1853 784 1972 847 τόν
2016 804 2086 845 τε
2114 772 2305 845 ’Ἆπιν
2333 796 2358 835 5

376 890 488 957 καὶ
531 893 653 956 τὸν
700 894 987 972 Μνεῦιν,
1025 894 1347 973 τιμᾶσθαι
1392 890 1867 973 παραπλησίως
1909 898 2049 964 τοῖς
2093 893 2302 970 θεοῖς,

369 995 700 1083 Ὀσίριδος
735 995 1260 1079 καταδείξαντος,
1309 995 1442 1080 ἅμα
1484 990 1606 1078 μὲν
1643 994 1755 1058 διὰ
1791 995 1914 1078 τὴν
1949 1002 2065 1077 τῆς
2100 1017 2304 1077 γεωρ-

378 1106 527 1187 γίας
572 1105 821 1188 χρείαν,
845 1102 1003 1191 ,ἅμα
1049 1098 1123 1168 δὲ
1159 1100 1271 1167 καὶ
1317 1102 1430 1166 διὰ
1475 1091 1549 1166 τὸ
1594 1111 1730 1166 τῶν
1777 1101 2113 1187 εὑρόντων
2147 1102 2305 1175 τοὺς

378 1212 678 1294 καρποὺς
722 1209 844 1291 τὴν
891 1207 1094 1287 δόξαν
1140 1218 1284 1284 ταῖς
1329 1207 1587 1272 τούτων
1635 1206 1972 1291 ἐργασίαις
2013 1207 2304 1292 παραδό-

382 1330 582 1398 σιμον
645 1312 992 1398 γεγονέναι
1055 1324 1194 1392 τοῖς
1259 1312 1830 1399 μεταγενεστέροις
1893 1315 1987 1392 εἰς
2049 1314 2303 1377 ἅπαντα
2335 1327 2387 1365 10

381 1422 500 1484 τὸν
557 1422 785 1486 αἰῶνα.
876 1421 1033 1497 τοὺς
1088 1416 1163 1484 δὲ
1218 1423 1518 1505 πυρροὺς
1571 1423 1735 1503 βοῦς
1787 1424 2305 1504 συγχωρηθῆναι
2344 1436 2414 1484 99

380 1528 581 1592 θύειν
638 1528 750 1591 διὰ
793 1528 869 1591 τὸ
925 1528 1154 1593 δοκεῖν
1198 1535 1509 1593 τοιοῦτον
1561 1536 1653 1613 τῷ
1699 1527 1993 1612 χρώματι
2041 1523 2305 1608 γεγονέ-

382 1658 496 1698 ναι
550 1637 841 1717 Τυφῶνα
895 1634 1013 1698 τὸν
1059 1632 1625 1716 ἐπιβουλεύσαντα
1682 1629 1803 1717 μὲν
1842 1630 2150 1716 Ὀσίριδι,
2195 1655 2306 1695 τυ-

384 1743 588 1824 χόντα
636 1736 710 1803 δὲ
746 1742 1062 1824 τιμωρίας
1107 1739 1236 1804 ὑπὸ
1283 1748 1400 1823 τῆς
1428 1738 1675 1816 Ἴσιδος
1713 1739 1825 1803 διὰ
1869 1740 1987 1802 τὸν
2022 1738 2306 1823 τάνδρὸς

315 1869 348 1918 5
385 1848 619 1930 φόνον.
707 1843 818 1910 καὶ
862 1856 997 1910 τῶν
1044 1845 1428 1931 ἀνθρώπων
1476 1842 1549 1910 δὲ
1593 1846 1751 1921 τοὺς
1797 1843 2309 1927 ὁμοχρωμάτους
2339 1858 2389 1898 15

384 1960 476 2041 τῷ
541 1956 816 2037 Τυφῶνι
877 1953 952 2016 τὸ
1017 1953 1303 2017 παλαιὸν
1366 1952 1496 2017 ὑπὸ
1552 1961 1686 2016 τῶν
1750 1947 2077 2035 βασιλέων
2142 1946 2307 2033 φασὶ

384 2059 682 2124 θύεσθαι
726 2060 893 2144 πρὸς
934 2066 1025 2148 τῷ
1072 2059 1263 2148 τάφῳ
1310 2061 1402 2149 τῷ
1439 2055 1789 2145 Ὀσίριδος·
1837 2068 1971 2124 τῶν
2015 2054 2138 2142 μὲν
2184 2052 2310 2123 οὖν

386 2167 776 2249 Αἰγυπτίων
814 2164 1083 2248 ὀλίγους
1116 2167 1302 2242 τινὰς
1344 2165 1774 2252 εὑρίσκεσθαι
1810 2164 2129 2250 πυρρούς,
2176 2173 2309 2228 τῶν

390 2271 463 2338 δὲ
501 2270 709 2351 ξένων
744 2275 903 2348 τοὺς
937 2275 1230 2349 πλείους·
1281 2274 1386 2337 διὸ
1425 2269 1535 2336 καὶ
1571 2271 1724 2357 περὶ
1760 2282 1875 2356 τῆς
1910 2271 2311 2356 Βουσίριδος

390 2379 807 2456 ξενοκτονίας
859 2379 1038 2463 παρὰ
1090 2388 1231 2453 τοῖς
1261 2375 1577 2459 Ἕλλησιν
1635 2377 1977 2462 ἐνισχῦσαι
2026 2380 2146 2443 τὸν
2191 2385 2310 2462 μῦ-
2339 2393 2392 2432 20

387 2490 552 2565 θον,
619 2483 700 2547 οὐ
763 2493 884 2547 τοῦ
942 2481 1267 2566 βασιλέως
1332 2481 1823 2565 ὀνομαζομένου
1887 2486 2308 2567 Βουσίριδος,

390 2588 556 2653 ἀλλὰ
592 2596 715 2652 τοῦ
744 2586 1070 2673 Ὀσίριδος
1104 2587 1325 2671 τάφου
1361 2587 1611 2671 ταύτην
1648 2590 1915 2670 ἔχοντος
1949 2589 2072 2671 τὴν
2108 2606 2311 2673 προσ-

323 2720 355 2768 6
388 2697 673 2779 ηγορίαν
726 2695 890 2758 κατὰ
943 2694 1067 2776 τὴν
1120 2704 1256 2757 τῶν
1308 2692 1646 2779 ἐγχωρίων
1703 2694 2064 2759 διάλεκτον.
2155 2698 2312 2772 τοὺς

392 2797 468 2867 δὲ
511 2800 756 2877 λύκους
800 2805 1122 2884 τιμᾶσθαι
1159 2798 1430 2882 λέγουσι
1478 2802 1590 2866 διὰ
1633 2803 1756 2885 τὴν
1799 2801 1966 2887 πρὸς
2000 2803 2157 2877 τοὺς
2196 2802 2313 2866 κύ-

392 2932 513 2985 νας
564 2914 681 2991 τῆς
727 2907 990 2990 φύσεως
1046 2906 1423 2992 ὁμοιότητα·
1480 2911 1694 2994 βραχὺ
1747 2909 1873 2993 γὰρ
1930 2900 2314 2973 διαλάττόν-
2343 2927 2397 2967 25

392 3039 510 3092 τας
545 3013 789 3091 αὐτοὺς
824 3023 967 3091 ταῖς
1006 3015 1249 3098 φύσεσι
1283 3026 1429 3092 ταῖς
1466 3014 1816 3099 ἐπιμιξίαις
1854 3018 2207 3097 ζωογονεῖν
2247 3013 2313 3093 ἐξ

395 3121 716 3206 ἀλλήλων.
810 3119 1094 3207 φέρουσι
1149 3119 1210 3186 δ’
1253 3123 1612 3204 Αἰγύπτιοι
1666 3119 1776 3186 καὶ
1832 3123 2041 3206 ἄλλην
2097 3123 2315 3186 αἰτίαν

538 3321 571 3368 3
610 3309 865 3376 ἐκείνους
900 3314 1053 3384 vulg.
1198 3319 1229 3369 ὅ
1268 3311 1402 3378 τοὺς
1438 3310 1645 3386 ἷερούς]
1688 3312 1877 3383 ἱερούς
1913 3314 1960 3369 D
1988 3362 2001 3367 -
2086 3321 2116 3369 9
2156 3308 2314 3382 εὐερ-

394 3385 618 3450 γασίαις
659 3385 765 3440 OF
905 3390 973 3439 17
1020 3385 1097 3459 τῷ
1131 3381 1269 3457 Ὀσ.]
1307 3386 1408 3441 τοῦ
1440 3381 1554 3444 Ὀσ.
1589 3387 1635 3440 Β
1781 3391 1850 3441 27
1902 3384 1967 3442 δὲ
2006 3384 2104 3440 καὶ
2141 3381 2315 3452 ἄλλην

396 3451 585 3507 αἰτίαν
620 3454 918 3524 Αἰγύπτιοι
950 3459 1104 3528 vulg.
