2569 4061
1015 316 1093 370 IV
1132 320 1218 371 81.
1257 321 1345 371 82.
2018 316 2147 381 527

200 502 425 564 τερον
463 478 669 544 αὑτὸν
715 462 884 544 εἶναι
921 481 1216 562 κυνηγόν
1261 469 1306 564 ᾖ
1343 475 1453 543 καὶ
1494 477 1649 545 θεοὶ
1683 482 2154 566 παρακεχωρή-

70 607 201 657 325
224 602 400 652 κασι
453 594 571 669 τῆς
617 584 692 650 ἐν
749 586 1011 662 τούτοις
1066 584 1373 669 ἁμίλλης,
1440 584 1984 670 ὁμολογουμένην
2039 584 2150 651 καὶ

207 695 493 759 δικαίαν
549 692 759 778 ὀργὴν
814 693 962 776 ἔσχε
1019 694 1185 778 πρὸς
1239 692 1445 757 αὐτὸν
1490 692 1531 774 ἡ
1578 694 1753 768 θεός.
1845 695 2149 759 καθόλου

210 796 293 864 δὲ
342 805 652 876 πιθανῶς
688 801 783 875 εἰς
826 798 949 881 τὴν
984 810 1120 865 τῶν
1165 797 1621 883 ἁλισκομένων
1657 800 1921 884 θηρίων
1960 822 2151 883 μετα-

150 923 179 963 5
210 904 616 992 μορφωθεὶς
661 904 849 970 ἰδέαν
892 905 1023 970 ὑπὸ
1061 916 1197 970 τῶν
1240 904 1354 971 καὶ
1389 906 1596 971 τᾶλλα
1639 908 1849 991 θηρία
1890 929 2149 991 χειρου-

212 1011 447 1096 μένων
510 1022 735 1078 κυνῶν
800 1012 1157 1098 διεφθάρη.
1256 1014 1378 1077 τὸν
1443 1006 1504 1077 δ’
1541 1007 1914 1099 Ἀρισταῖόν
1975 1029 2145 1096 φασι
2168 1018 2255 1084 82

214 1122 385 1204 μετὰ
430 1120 554 1203 τὴν
585 1117 941 1195 Ἀκτέωνος
986 1120 1301 1202 τελευτὴν
1338 1118 1568 1184 ἐλθεῖν
1614 1120 1722 1196 εἰς,
1744 1120 1818 1184 τὸ
1865 1122 2145 1205 χρηστή-

217 1249 377 1312 ριον
422 1234 544 1291 τοῦ
589 1228 866 1312 πατρός,
911 1223 1024 1290 καὶ
1067 1226 1187 1290 τὸν
1226 1224 1518 1290 Ἀπόλλω
1575 1235 1919 1311 προειπεῖν
1967 1226 2146 1314 αὐτῷ

216 1333 346 1415 τὴν
394 1334 489 1409 εἰς
525 1330 719 1396 Κέων
764 1340 976 1414 νῆσον
1018 1333 1380 1417 μετάβασιν
1429 1330 1754 1417 ἐσομένην
1790 1332 1999 1399 αὐτοῦ
2033 1331 2146 1398 καὶ

132 1454 189 1494 10
216 1440 339 1515 τὰς
386 1437 704 1523 ἐσομένας
737 1440 916 1524 παρὰ
960 1448 1101 1516 τοῖς
1136 1441 1365 1516 Κείοις
1399 1440 1608 1524 τιμάς.
1674 1440 1794 1506 τὸν
1834 1435 1908 1504 δὲ
1949 1445 2146 1505 πλεῦ-
2185 1462 2217 1511 2

219 1561 336 1610 σαι
383 1542 505 1630 μὲν
551 1551 645 1622 εἰς
689 1546 812 1629 τὴν
855 1554 1067 1629 νῆσον
1113 1545 1384 1630 ταύτην,
1437 1550 1677 1629 λοιμοῦ
1725 1543 1798 1610 δὲ
1843 1548 1966 1630 τὴν
2002 1543 2145 1612 Ἑλ-

221 1654 395 1717 λάδα
466 1655 909 1737 κατασχόντος
978 1654 1392 1735 ποιήσασθαι
1464 1652 1587 1735 τὴν
1658 1655 1912 1717 θυσίαν
1975 1650 2145 1739 ὑπὲρ

222 1758 535 1823 ἁπάντων
578 1770 715 1824 τῶν
751 1755 1106 1842 Ἑλλήνων.
1197 1757 1563 1843 γενομένης
1618 1754 1693 1823 δὲ
1736 1767 1852 1842 τῆς
1897 1762 2145 1836 θυσίας

221 1866 387 1930 κατὰ
449 1866 572 1949 τὴν
633 1874 755 1931 τοῦ
819 1868 1076 1952 σειρίου
1140 1866 1391 1951 ἄστρου
1452 1866 1794 1949 ἐπιτολήν,
1858 1862 2015 1931 καθ’
2056 1865 2146 1949 ἣν

145 1985 195 2026 15
226 1969 575 2057 συνέβαινε
629 1983 822 2039 πνεῖν
875 1974 1033 2051 τοὺς
1089 1971 1381 2058 ἐτησίας,
1440 1972 1628 2058 λῆξαι
1673 1974 1790 2051 τὰς
1846 1975 2146 2059 λοιμικὰς

222 2081 483 2156 νόσους.
572 2088 772 2144 τοῦτο
838 2078 899 2144 δ’
954 2081 1039 2144 ἄν
1101 2103 1198 2156 τις
1263 2084 1813 2165 συλλογιζόμενος
1876 2082 2142 2158 εἰκότως
2180 2100 2212 2149 3

222 2186 567 2270 θαυμάσαι
611 2187 687 2249 τὸ
729 2178 846 2268 τ’ῆς
889 2188 1301 2270 περιπετείας
1339 2187 1544 2251 ἴδιον·
1593 2186 1628 2251 ὁ
1666 2188 1793 2271 γὰρ
1839 2186 1970 2251 ὑπὸ
2008 2197 2146 2252 τῶν

223 2302 445 2357 κυνῶν
513 2286 679 2354 ἰδὼν
740 2291 860 2355 τὸν
922 2290 1077 2355 υἱὸν
1140 2294 1675 2375 τετελευτηκότα,
1750 2286 1943 2369 οὗτος
2006 2303 2143 2357 τῶν

227 2398 386 2463 κατὰ
422 2397 541 2460 τὸν
580 2396 872 2482 οὐρανὸν
911 2397 1175 2483 ἄστρων
1210 2398 1284 2461 τὸ
1331 2396 1455 2478 τὴν
1493 2396 1703 2480 αὐτὴν
1749 2400 1903 2481 ἔχον
1939 2414 2145 2484 προσ-

151 2517 203 2557 2⁰
227 2505 503 2588 ηγορίαν
547 2501 658 2568 καὶ
701 2505 1016 2588 φθείρειν
1051 2505 1489 2586 νομιζόμενον
1533 2505 1691 2580 τοὺς
1736 2502 2143 2589 ἀνθρώπους

228 2611 485 2692 ἔπαυσε,
515 2607 628 2675 καὶ
660 2619 801 2687 τοῖς
838 2611 1065 2685 ἄλλοις
1101 2614 1312 2686 αἴτιος
1350 2607 1611 2692 ἐγένετο
1640 2620 1757 2696 τῆς
1793 2615 2142 2697 σωτηρίας.

230 2716 489 2800 λέγουσι
524 2713 597 2781 δὲ
634 2718 751 2782 τὸν
773 2711 1146 2802 Ἀρισταῖον
1183 2716 1503 2800 ἐκγόνους
1540 2715 1614 2782 ἐν
1649 2727 1729 2803 τῇ
1762 2716 1907 2807 Κέω
1946 2743 2139 2785 κατα-
2178 2737 2214 2786 4

231 2827 526 2908 λιπόντα,
580 2821 691 2889 καὶ
746 2825 907 2908 μετὰ
966 2831 1172 2888 ταῦτα
1227 2826 1323 2901 εἰς
1376 2824 1499 2907 τὴν
1548 2826 1816 2909 Λιβύην
1871 2824 2140 2892 ἐπανελ-

231 2932 466 3013 θόντα,
541 2930 669 2995 ἀπὸ
733 2939 850 3014 τῆς
920 2932 1167 3016 μητρὸς
1229 2932 1526 3015 Νύμφης
1597 2933 1719 3016 τὴν
1783 2931 2141 3014 ἀναγωγὴν

161 3046 210 3088 ²⁶
231 3037 667 3122 ποιησάμενον
732 3039 826 3113 εἰς
893 3036 1016 3119 τὴν
1079 3038 1328 3123 Σαρδὼ
1392 3046 1602 3122 νῆσον
1674 3041 2138 3102 καταπλεῦσαι.

235 3143 300 3209 ἐν
342 3140 412 3208 δὲ
466 3143 672 3228 ταύτῃ
726 3145 1240 3227 κατοικήσαντα,
1297 3142 1409 3209 καὶ
1462 3144 1586 3227 τὴν
1639 3151 1850 3226 νῆσον
1906 3143 2018 3208 διὰ
2063 3144 2139 3207 τὸ

235 3249 459 3327 κάλλος
503 3247 893 3335 στέρξαντα,
940 3252 1275 3335 φυτεῦσαί
1312 3272 1381 3315 τε
1438 3249 1648 3333 αὐτὴν
1692 3246 1803 3315 καὶ
1858 3250 1933 3314 τὸ
1979 3252 2140 3335 πρό-

364 3447 393 3497 ‘1
427 3437 740 3503 Ἀκταίονος
779 3441 885 3497 OF
1023 3447 1056 3495 9
1094 3443 1245 3496 Κείω
1284 3439 1326 3495 C
1464 3446 1531 3496 10
1568 3443 1758 3504 Κείοις
1820 3438 2052 3501 οἰκείοις
2088 3440 2139 3493 D

239 3518 296 3566 12
330 3513 663 3582 κατέχοντος
699 3511 754 3566 II
876 3517 940 3565 14
978 3513 1157 3578 σιρίου
1187 3511 1237 3565 D
1358 3518 1424 3567 19
1463 3509 1608 3567 κατὰ
1646 3441 1781 3583 vind]
1811 3506 1941 3566 κατ’
1983 3509 2136 3580 vulg.

239 3588 298 3638 22
331 3585 477 3654 Κειῷ
518 3584 558 3639 C
687 3589 756 3639 23
797 3578 1132 3638 ἐπανελθὼν
1171 3583 1218 3637 D
1365 3589 1434 3638 24
1473 3578 1588 3638 ἀπὸ
1627 3585 1824 3650 We88.‚
1862 3577 1978 3636 ὑπὸ
2016 3583 2138 3638 cod.
