2569 4061
1060 370 1176 425 12.
1215 378 1263 425 3.
2093 375 2128 437 7

213 557 355 598 νων
400 532 621 609 οὐδεὶς
657 536 1056 619 προεβίβασε
1104 535 1226 616 τὴν
1266 535 1566 619 ἱστορίαν
1606 535 1953 620 κατωτέρω
2000 547 2135 600 τῶν

214 641 701 706 Μακεδονικῶν
737 632 1013 726 καιρῶν)
1063 641 1133 706 οἱ
1174 637 1297 724 μὲν
1341 642 1469 726 γάρ
1511 643 1605 717 εἰς
1639 644 1755 719 τὰς
1796 645 2136 708 Φιλίππου

217 747 501 833 πράξεις,
551 749 622 812 οἱ
654 742 714 812 δ’
759 750 852 824 εἰς
889 750 1003 825 τάς
1032 745 1494 832 Ἀλεξάνδρου,
1532 744 1706 824 τινὲς
1743 746 1802 812 δ’
1849 752 1942 826 εἰς
1975 753 2134 826 τοὺς

220 855 573 937 διαδόχους
619 852 659 936 ἢ
695 857 865 930 ,τοὺς
910 852 1262 935 ἐπιγόνους
1308 851 1757 937 κατέστρεψαν
1811 856 1927 931 τὰς
1977 872 2133 921 συν-

161 980 188 1020 5
216 960 450 1039 τάξεις·
513 965 780 1025 πολλῶν
836 957 911 1025 δὲ
973 959 1084 1025 καὶ
1148 961 1456 1043 μεγάλων
1516 969 1651 1024 τῶν
1709 962 1870 1043 μετὰ
1930 970 2135 1026 ταῦτα

213 1064 513 1151 πράξεων
559 1066 1135 1151 ἀπολελειμμένων
1181 1063 1371 1152 μέχρι
1417 1075 1538 1131 τοῦ
1576 1064 1731 1130 καθ’
1777 1066 1946 1150 ἡμᾶς
1980 1070 2136 1149 βίου

210 1183 344 1238 τῶν
409 1174 947 1259 ἱστοριογράφων
1013 1170 1235 1249 οὐδεὶς
1300 1172 1651 1257 ἐπεβάλετο
1718 1173 1924 1249 αὐτὰς
1985 1183 2137 1257 μιᾶς

212 1279 584 1358 συντάξεως
628 1288 1004 1366 περιγραφῇ
1061 1280 1699 1365 πραγματεύσασθαι
1747 1281 1859 1344 διὰ
1903 1281 1978 1344 τὸ
2027 1278 2137 1364 μέ-

211 1392 415 1467 γεθος
460 1395 576 1470 τῆς
620 1385 1024 1462 ὑποθέσεως.
1116 1386 1222 1449 διὸ
1269 1384 1381 1449 καὶ
1427 1385 1839 1472 ἐρριμμένων
1884 1397 2019 1452 τῶν
2065 1409 2137 1451 τε
2174 1389 2208 1435 4

135 1509 189 1550 ιο
219 1495 482 1578 χρόνων
537 1491 647 1557 καὶ
701 1503 835 1560 τῶν
880 1492 1182 1578 πράξεων
1237 1492 1311 1556 ἐν
1355 1495 1614 1557 πλείοσι
1663 1495 2136 1579 πραγματείαις

144 1620 175 1668 ¹7
213 1596 323 1663 καὶ
380 1600 735 1682 διαφόροις
790 1606 1250 1682 συγγραφεῦσι
1308 1599 1833 1684 δυσπερίληπτος
1885 1600 1927 1681 ἡ
1982 1601 2135 1664 τού-

216 1726 353 1769 των
400 1703 728 1785 ἀνάληψις
773 1706 1026 1786 γίνεται
1071 1702 1181 1767 καὶ
1234 1704 1831 1787 δυσμνημόνευτος.
1923 1704 2135 1782 ἐξετά-
2173 1727 2203 1772 5

216 1825 451 1885 σαντες
516 1802 641 1872 οὗν
705 1810 820 1885 τὰς
885 1807 1162 1874 ἑκάστου
1234 1810 1493 1874 τούτων
1559 1809 1896 1885 διαθέσεις
1966 1810 2138 1896 ἐκρί-

212 1939 425 2000 ναμεν
489 1914 822 1980 ὑπόθεσιν
896 1916 1234 2001 ἱστορικὴν
1306 1917 1944 2001 πραγματεύσασθαι
2016 1917 2139 1998 τὴν

130 2041 184 2081 15
211 2026 486 2087 πλεῖστα
532 2018 655 2106 μὲν
693 2022 1032 2108 ὠφελῆσαι
1071 2021 1475 2107 δυναμένην,
1523 2022 1830 2108 ἐλάχιστα
1869 2017 1944 2087 δὲ
1981 2024 2139 2100 τοὺς

216 2127 794 2211 ἀναγινώσκοντας
841 2128 1353 2213 ἐνοχλήσουσαν.
1446 2132 1509 2195 εί
1550 2131 1678 2216 γάρ
1733 2154 1832 2206 τις
1881 2131 1996 2207 τὰς
2041 2132 2136 2207 εἰς
2174 2154 2205 2200 6

217 2238 481 2320 μνήμην
515 2234 1058 2321 παραδεδομένας
1094 2245 1215 2300 τοῦ
1253 2237 1636 2318 σύμπαντος
1679 2239 1935 2319 κόσμου
1972 2238 2135 2321 πρά-

218 2340 367 2424 ξεις,
415 2343 633 2427 ὥσπερ
682 2342 862 2417 τινὸς
910 2350 1078 2426 μιᾶς·
1106 2342 1381 2423 πόλεως,
1429 2341 1792 2426 ἀρξάμενος
1838 2340 1966 2404 ἀπὸ
2004 2353 2137 2406 τῶν

216 2447 666 2532 ἀρχαιοτάτων
721 2450 983 2534 χρόνων
1049 2446 1429 2532 ἀναγράψαι
1492 2448 1656 2521 κατὰ
1715 2449 1789 2512 τὸ
1848 2448 2137 2514 δυνατὸν

139 2572 194 2611 20
223 2553 410 2640 μέχρι
454 2566 588 2620 τῶν
632 2553 790 2620 καθ’
845 2553 1050 2619 αὑτὸν
1106 2563 1388 2639 καιρῶν,
1448 2556 1660 2619 πόνον
1715 2551 1836 2637 μὲν
1891 2552 1973 2619 ἂν
2018 2578 2136 2620 πο-

216 2664 343 2726 λὺν
396 2662 750 2747 ὑπομείναι
806 2663 1013 2744 δῆλον
1061 2661 1191 2743 ὅτι,
1258 2664 1711 2746 πραγματείαν
1773 2658 1847 2726 δὲ
1904 2674 2137 2728 πασῶν

216 2768 746 2854 εὐχρηστοτάτην
801 2767 1192 2846 συντάξαιτο
1255 2779 1395 2844 τοῖς
1451 2772 2133 2852 φιλαναγνωστοῦσιν.

217 2874 467 2954 ἐξέσται
514 2877 639 2961 γὰρ
689 2875 759 2940 ἐκ
804 2876 1046 2958 ταύτης
1082 2873 1361 2940 ἕκαστον
1396 2877 1562 2960 πρὸς
1597 2875 1719 2958 τὴν
1760 2876 1938 2939 ἰδίαν
1974 2875 2135 2940 ὑπό·
2176 2896 2204 2942 ’1

216 2997 451 3046 στασιν
507 2979 780 3065 ἑτοίμως
834 2981 1196 3066 λαμβάνειν
1246 2983 1322 3046 τὸ
1378 2983 1731 3067 χρήσιμον,
1789 2982 2007 3067 ὥσπερ
2066 2981 2136 3046 ἐκ

135 3122 186 3162 25
215 3089 502 3172 μεγάλης
561 3086 936 3173 ἀρυόμενον
990 3096 1217 3171 πηγῆς.
1310 3098 1448 3163 τοῖς
1503 3084 1625 3171 μὲν
1687 3089 1813 3172 γὰρ
1871 3086 2137 3171 έπιβαλ-
2173 3104 2204 3150 8

171 3194 521 3279 ,λομένοις
576 3192 887 3272 διεξιέναι
941 3196 1057 3271 τὰς
1115 3206 1249 3259 τῶν
1297 3195 1636 3258 τοσούτων
1692 3189 2137 3277 συγγραφέων

222 3302 516 3386 ἱστορίας
561 3311 825 3389 πρῶτον
870 3298 992 3385 μὲν
1040 3302 1120 3366 οὐ
1168 3299 1407 3388 ῥᾴδιον
1453 3301 1819 3385 εὐπορῆσαι
1863 3306 1997 3359 τῶν
2044 3297 2138 3368 εἰς

218 3408 340 3489 τὴν
387 3409 616 3493 χρείαν
651 3419 1037 3473 πιπτουσῶν
1073 3409 1349 3490 βίβλων,
1397 3409 1618 3471 ἔπειτα
1662 3404 1773 3467 διὰ
1808 3400 1932 3479 τὴν
1969 3397 2129 3460 ἀνω-

358 3571 387 3619 7
429 3565 530 3638 μιᾷ
575 3563 618 3615 F
783 3571 813 3618 9
853 3560 1261 3632 διερριμμένων
1310 3558 1566 3614 Hel-blein
1727 3557 1789 3604 17
1830 3551 2136 3617 παραδιδο-

212 3635 390 3705 μένας
426 3634 476 3687 Ι)
622 3640 692 3689 20
727 3631 909 3690 πολὺν
943 3652 1051 3689 om.
1085 3634 1150 3686 D.
