2569 4061
414 302 545 367 194
1083 297 1392 354 DIODORl
1430 296 1664 352 SICULI

413 473 694 548 γυμνοῖς
746 473 885 540 τοῖς
932 462 1215 547 σώμασι·
1272 462 1908 543 κατακαυθήσεσθαι
1953 458 2081 542 γὰρ
2137 463 2350 521 ταῦτα

413 566 525 633 καὶ
585 565 1014 651 λυμανθέντα
1078 564 1314 643 τελέως
1377 567 1499 649 τὴν
1566 565 1920 649 ὁμοιότητα
1985 563 2073 646 μὴ
2144 563 2349 644 δυνή-

345 699 378 747 3
415 679 657 739 σεσθαι
726 675 1080 760 διατηρεῖν.
1175 674 1280 737 διὸ
1357 672 1469 736 καὶ
1530 680 1786 756 χρυσῆν
1862 672 2087 735 εἰκόνα
2152 690 2348 733 κατα-

417 781 855 858 σκευάζεσθαι
900 778 1163 863 κοίλην,
1212 780 1305 854 εἰς
1350 777 1438 862 ἣν
1484 776 1871 853 ἐντεθέντος
1916 786 2037 841 τοῦ
2083 783 2330 859 νεκροῦ
2354 798 2463 848 129

416 885 568 972 περὶ
624 888 747 970 τὴν
803 888 1027 951 εἰκόνα
1082 891 1350 969 χεῖσθαι
1404 885 1527 967 τὴν
1571 884 1797 949 ὕελον·
1853 891 1974 949 τοῦ
2022 878 2096 946 δὲ
2152 904 2348 947 κατα-
2375 901 2410 941 5

420 992 872 1077 σκευάσματος
907 990 1219 1068 τεθέντος
1266 989 1373 1056 ἐπὶ
1417 992 1536 1057 τὸν
1572 992 1792 1076 τάφον
1838 992 1950 1055 διὰ
1994 999 2109 1073 τῆς
2145 988 2350 1055 ὑέλου

422 1107 717 1185 φανῆναι
771 1100 890 1163 τὸν
934 1099 1188 1184 χρυσὸν
1246 1095 1775 1182 ἀφωμοιωμένον
1828 1104 1919 1185 τῷ
1976 1101 2350 1179 τετελευτη-

350 1228 385 1277 4
423 1208 581 1270 κότι.
663 1207 821 1280 τοὺς
865 1200 986 1289 μὲν
1034 1198 1159 1269 οὖν
1204 1205 1569 1280 πλουσίους
1616 1204 1837 1269 αὐτῶν
1884 1203 2057 1269 οὕτω
2105 1202 2351 1266 θάπτε-

424 1313 596 1375 σθαί
636 1328 826 1394 φησι,
870 1314 1028 1388 τοὺς
1075 1308 1136 1375 δ’
1191 1309 1544 1388 ἐλάττονας
1589 1313 2070 1387 καταλιπόντας
2118 1310 2353 1384 οὐσίας

424 1417 718 1501 ἀργυρᾶς
763 1419 1119 1502 τυγχάνειν
1165 1420 1451 1501 εἰκόνος,
1498 1420 1655 1494 τοὺς
1702 1413 1775 1481 δὲ
1830 1414 2116 1499 πένητας
2162 1438 2351 1499 κερα-
2383 1434 2437 1473 10

425 1523 647 1607 μίνης·
694 1526 817 1608 τὴν
856 1521 928 1590 δὲ
964 1524 1167 1590 ὕελον
1203 1534 1407 1590 πᾶσιν
1447 1523 1744 1608 ἐξαρκεῖν
1783 1524 1895 1588 διὰ
1922 1523 1997 1586 τὸ
2035 1524 2352 1605 πλείστην

425 1637 797 1713 γεννᾶσθαι
861 1632 1025 1696 κατὰ
1087 1632 1210 1714 τὴν
1269 1633 1645 1696 Αἰθιοπίαν
1707 1627 1817 1695 καὶ
1875 1626 2110 1706 τελέως
2172 1630 2352 1713 παρὰ

355 1759 389 1808 5
426 1748 566 1813 τοῖς
622 1736 963 1823 ἐγχωρίοις
1018 1736 1451 1816 ἐπιπολάζειν.
1543 1735 1693 1821 περὶ
1741 1732 1815 1801 δὲ
1869 1747 2005 1800 τῶν
2049 1737 2354 1819 νομίμων

426 1853 563 1909 τῶν
616 1835 794 1929 παρὰ
848 1853 986 1921 τοῖς
1031 1845 1323 1920 Αἰθίοψι
1377 1841 1486 1909 καὶ
1531 1854 1667 1908 τῶν
1723 1843 1945 1908 ἄλλων
1990 1852 2124 1906 τῶν
2170 1864 2354 1923 γινο-

429 1948 650 2036 μένων
688 1949 760 2014 ἐν
796 1957 875 2035 τῇ
912 1949 1170 2015 τούτων
1205 1950 1391 2037 χώρᾳ
1426 1949 1506 2013 τὰ
1541 1949 1913 2035 κυριώτατα
1948 1945 2059 2012 καὶ
2095 1949 2355 2032 μνήμης
2384 1966 2437 2006 15
2542 2015 2544 2057 ]

431 2058 578 2137 ἀξια
638 2057 877 2142 μικρὸν
940 2056 1224 2142 ὕστερον
1286 2056 1788 2144 ἀναγράψομεν,
1851 2057 2011 2121 ὅταν
2071 2053 2180 2119 καὶ
2239 2056 2356 2132 τὰς
2540 2080 2542 2129 1

431 2164 712 2241 παλαιὰς
768 2163 988 2229 αὐτῶν
1041 2162 1310 2250 πράξεις
1361 2162 1471 2229 καὶ
1526 2165 1941 2248 μυθολογίας
1993 2162 2353 2246 διεξίωμεν.
2534 2162 2541 2205 s

328 2273 412 2338 16
601 2265 695 2334 ‘H
735 2268 806 2336 δὲ
851 2273 1222 2355 Σεμίραμις
1265 2273 1730 2354 καταστήσασα
1783 2271 1864 2334 τά
1910 2292 1979 2334 τε
2025 2269 2189 2334 κατὰ
2233 2267 2356 2349 τὴν
2537 2264 2538 2273 ’

434 2379 806 2442 Αἰθιοπίαν
860 2376 968 2442 καὶ
1032 2378 1155 2460 τὴν
1212 2384 1559 2459 Αἰγυπτον
1624 2375 1957 2460 ἐπανῆλθε
2023 2377 2183 2460 μετὰ
2241 2382 2357 2456 τῆς

436 2482 780 2565 δυνάμεως
826 2484 920 2558 εἰς
966 2483 1231 2565 Βάκτρα
1276 2491 1393 2564 τῆς
1431 2478 1666 2557 Ἀσίας.
1741 2484 1984 2565 ἔχουσα
2033 2479 2107 2545 δὲ
2156 2481 2355 2545 δυνά-
2383 2499 2437 2539 20
2529 2554 2530 2557 Ἴ

435 2609 578 2669 μεις
631 2587 914 2668 μεγάλας
969 2584 1077 2650 καὶ
1124 2589 1574 2670 πολυχρόνιον
1628 2587 1901 2671 εἰρήνην
1948 2587 2206 2666 ἄγουσα
2253 2611 2359 2670 φι-

437 2693 717 2774 λοτίμως
782 2693 927 2774 ἔσχε
993 2689 1240 2775 πρᾶξαί
1305 2715 1370 2756 τι
1435 2692 1736 2777 λαμπρὸν
1807 2691 1972 2755 κατὰ
2044 2693 2357 2775 πόλεμον.

365 2822 397 2869 2
436 2795 914 2881 πυνθανομένη
991 2793 1063 2862 δὲ
1136 2799 1210 2863 τὸ
1284 2809 1419 2864 τῶν
1468 2792 1698 2863 Ἰνδῶν
1771 2799 1971 2873 ἔθνος
2044 2795 2358 2883 μέγιστον

439 2899 611 2971 εἶναι
647 2914 782 2969 τῶν
826 2906 989 2969 κατὰ
1025 2905 1147 2989 τὴν
1194 2903 1597 2989 οἰκουμένην
1634 2903 1743 2970 καὶ
1779 2905 2105 2990 ’πλείστην
2139 2929 2209 2971 τε
2246 2905 2358 2972 καὶ
2517 2980 2518 2991 ¹

351 3090 361 3100 ⁶
437 3013 796 3095 καλλίστην
831 3012 1055 3099 χώραν
1091 3010 1436 3096 νέμεσθαι,
1485 3013 1803 3077 διενοεῖτο
1843 3014 2226 3100 στρατεύειν
2263 3016 2357 3089 εἰς
2385 3030 2438 3071 25
2513 3038 2516 3089 Α

438 3122 563 3205 τὴν
603 3113 919 3202 Ἰνδικήν,
973 3113 1054 3202 ἧς
1108 3118 1448 3203 ἐβασίλευε
1505 3115 1626 3204 μὲν
1680 3119 2156 3205 Σταβροβάτης
2208 3116 2349 3184 κατ’
2509 3100 2514 3209 s

443 3227 736 3302 ἐκείνους
790 3227 947 3302 τοὺς
998 3227 1314 3311 χρόνους,
1378 3236 1797 3310 στρατιωτῶν
1855 3224 1914 3290 δ’
1970 3221 2145 3310 εἶχεν
2200 3225 2357 3291 ἀνα-
2507 3222 2510 3299 ,Ν

441 3335 773 3417 ρίθμητον
816 3336 1104 3415 πλῆθος·
1158 3332 1462 3416 ὑπῆρχον
1509 3327 1570 3398 δ’
1625 3332 1802 3421 αὐτῷ
1850 3331 1960 3398 καὶ
2008 3329 2357 3416 ἐλέφαντες
2505 3304 2508 3351 ³

587 3559 618 3604 6
656 3553 867 3627 τάφον]
905 3553 1080 3614 τόπον
1116 3560 1168 3613 II
1280 3565 1347 3614 18
1384 3579 1443 3615 τε
1484 3577 1590 3616 om.
1631 3559 1680 3612 D
1800 3568 1870 3617 26
1905 3560 2256 3633 ταβροβᾶΐης
2291 3559 2360 3613 D·
2499 3606 2500 3639 ι

2491 3680 2498 3783 Γ

350 3844 481 3855 —ffl
552 3856 557 3857 ff
2481 3788 2494 3877 ι
