2569 4061
1021 427 1045 479 1
1084 432 1168 481 36.
1208 432 1294 481 37.
2038 426 2129 491 63

205 582 325 671 μὲν
378 584 528 672 περὶ
583 588 842 653 τούτων
902 587 1299 653 ἀποδιδόναι
1355 591 1586 672 λόγον,
1650 588 2133 674 ἠκολουθηκὼς

204 690 277 759 δὲ
341 693 874 779 ἀντιλεγομέναις
928 695 1278 773 ὑπονοίαις
1343 695 1739 781 εὑρίσκεται·
1803 696 2128 782 ,Ξενοφῶν

203 797 275 865 δὲ
311 798 423 866 καὶ
462 803 905 886 Θουκυδίδης,
943 800 1415 886 ἐπαινούμενοι
1440 803 1605 867 κατὰ
1640 804 1764 886 τὴν
1801 803 2128 886 ἀλήθειαν

201 917 335 972 τῶν
382 908 696 994 ἱστοριῶν
706 956 726 991 ,
774 906 1141 993 ἀπέσχοντο
1187 908 1428 985 τελέως
1471 908 1635 973 κατὰ
1687 908 1812 992 τὴν
1855 909 2129 993 γραφὴν

144 1029 170 1069 ⁵
197 1025 333 1080 τῶν
394 1018 617 1082 τόπων
683 1026 820 1081 τῶν
881 1013 1024 1081 κατ’
1076 1021 1452 1098 Αἴγυπτον·
1527 1014 1599 1080 οἰ
1659 1010 1732 1079 δὲ
1796 1012 1949 1099 περὶ
2009 1014 2129 1077 τὸν

181 1119 480 1207 Ἔφορον
533 1120 646 1188 καὶ
694 1124 1094 1206 Θεόπομπον
1148 1122 1431 1206 μάλιστα
1480 1121 1754 1186 πάντων
1798 1121 1895 1196 εἰς
1937 1116 2120 1184 ταῦτ’

90 1244 159 1294 45
198 1224 620 1304 ἐπιταθέντες
692 1227 926 1309 ἥκιστα
998 1235 1113 1311 τῆς
1186 1226 1504 1311 ἀληθείας
1574 1225 1913 1310 ἐπέτυχον.
2018 1222 2128 1290 καὶ

197 1334 658 1417 διεσφάλησαν
721 1327 909 1399 οὑτοι
972 1333 1212 1409 πάντες
1287 1333 1369 1397 οὐ
1433 1333 1544 1398 διὰ
1605 1333 1729 1417 τὴν
1793 1332 2126 1417 ἀμέλειαν,

197 1439 364 1505 ἀλλά
420 1441 532 1505 διὰ
585 1440 710 1523 τὴν
767 1448 885 1524 τῆς
937 1441 1155 1525 χώρας
1212 1440 1524 1523 ἰδιότητα.
1615 1438 1743 1505 ἀπὸ
1806 1441 1935 1525 γὰρ
1988 1449 2126 1505 τῶν
2162 1456 2198 1508 ⁵

113 1560 168 1601 1⁰
195 1546 492 1632 ἀρχαίων
535 1548 799 1631 χρόνων
846 1547 998 1631 ἄχρι
1046 1548 1468 1629 Πτολεμαίου
1520 1556 1643 1612 τοῦ
1695 1546 2124 1631 Φιλαδέλφου

191 1649 863 1738 προσαγορευθέντος
931 1651 1055 1736 οὐχ
1120 1651 1299 1728 ὅπως
1364 1648 1539 1729 τινες
1600 1663 1736 1717 τῶν
1788 1649 2124 1737 Ἑλλήνων

192 1755 611 1841 ὑπερέβαλον
685 1759 779 1833 εἰς
832 1758 1233 1840 Αὐθιοπίαν,
1309 1755 1453 1823 ἀλλ’
1508 1754 1669 1822 οὐδὲ
1732 1756 1920 1843 μέχρι
1989 1770 2126 1824 τῶν

196 1862 380 1948 ὅρων
442 1869 557 1944 τῆς
623 1861 965 1945 Αίγύπτου
1028 1862 1566 1949 προσανέβησαν·
1648 1861 1858 1937 οὕτως
1929 1862 2128 1941 ἄξενα

192 1967 410 2035 πάντα
463 1963 550 2053 ἦν
595 1971 676 2034 τὰ
718 1966 870 2056 περὶ
914 1972 1074 2049 τοὺς
1116 1971 1364 2048 τόπους
1411 1970 1693 2046 τούτους
1736 1966 1848 2034 καὶ
1892 1987 2127 2034 παντε-

109 2092 162 2132 15
193 2080 324 2152 λῶς
356 2074 776 2142 ἐπικίνδυνα·
814 2086 937 2144 τοῦ
974 2074 1049 2143 δὲ
1085 2077 1576 2164 προειρημένου
1603 2074 1929 2162 βασιλέως
1964 2071 2119 2159 μεθ’

183 2178 569 2266 Ἑλληνικῆς
623 2184 971 2268 δυνάμεως
1028 2185 1124 2261 εἰς
1175 2186 1550 2249 Αίθιοπίαν
1602 2184 1873 2270 πρώτου
1929 2198 2124 2269 στρα-

191 2288 550 2365 τεύσαντος
602 2288 993 2375 ἐπεγνώσθη
1052 2293 1132 2355 τά
1194 2292 1360 2356 κατὰ
1413 2292 1536 2374 τὴν
1590 2291 1816 2375 χώραν
1875 2289 2124 2373 ταύτην

193 2393 858 2481 ἀκριβέστερομ”ἀπὸ
923 2397 1181 2462 τούτων
1243 2408 1380 2462 τῶν
1450 2400 1730 2483 χρόνων.
1821 2403 1938 2479 τῆς
2001 2391 2123 2481 μὲν
2159 2415 2196 2466 6

191 2495 318 2566 οὖν
371 2513 505 2569 τῶν
562 2502 907 2589 προτέρων
962 2503 1410 2589 συγγραφέων
1475 2503 1751 2587 ἀγνοίας
1811 2502 2122 2581 τοιαύτας

106 2622 161 2662 20
189 2608 307 2682 τὰς
341 2609 553 2685 αἰτίας
598 2607 846 2694 συνέβη
884 2607 1232 2693 γενέσθαι·
1277 2611 1396 2687 τὰς
1434 2607 1508 2676 δὲ
1553 2611 1767 2695 πηγὰς
1801 2619 1924 2676 τοῦ
1959 2613 2120 2677 Νεί-

191 2716 338 2796 λου,
382 2713 494 2779 καὶ
537 2716 656 2781 τὸν
700 2718 909 2781 τόπον
956 2715 1022 2795 ἐξ
1070 2710 1153 2781 οὑ
1200 2718 1526 2800 λαμβάνει
1569 2718 1694 2800 τὴν
1741 2717 1952 2804 ἀρχὴν
1997 2726 2122 2783 τοῦ

190 2819 535 2905 ῥεύματος,
584 2819 933 2907 ἑορακέναι
976 2818 1100 2906 μὲν
1135 2820 1329 2908 μέχρι
1373 2823 1586 2889 τῶνδε
1621 2833 1757 2889 τῶν
1803 2825 2120 2907 ἱστοριῶν

186 2926 633 3012 γραφομένων
688 2927 913 3005 οὐδεὶς
958 2934 1220 3014 εἴρηκεν
1276 2927 1422 2995 οὐδ’
1479 2929 1688 3014 ἀκοὴν
1734 2930 2116 3016 ἀπεφήνατο

184 3033 366 3117 παρὰ
408 3041 545 3096 τῶν
582 3029 927 3118 ἑορακέναι
975 3033 1604 3119 διαβεβαιουμένων.
1686 3037 1792 3101 διὸ
1839 3033 1950 3101 καὶ
1994 3043 2117 3101 τοῦ
2157 3053 2189 3101 ’τ

103 3154 155 3195 25
183 3137 571 3222 πράγματος
625 3139 719 3215 εἰς
771 3138 1101 3205 ὑπόνοιαν
1152 3137 1265 3204 καὶ
1318 3143 1861 3226 καταστοχασμὸν
1915 3148 2118 3206 πιθα-

183 3243 310 3307 νὸν
356 3254 836 3328 καταντῶντος,
885 3246 955 3310 οί
996 3243 1118 3330 μὲν
1162 3241 1310 3311 κατ’
1349 3252 1697 3331 Αἴγυπτον
1744 3249 1943 3331 ἱερεῖς
1989 3244 2117 3307 ἀπὸ

182 3357 305 3414 τοῦ
365 3348 834 3436 περιρρέοντος
895 3352 1019 3436 τὴν
1079 3353 1479 3438 οἰκουμένην
1545 3355 1844 3420 ὠκεανοῦ
1909 3362 2117 3433 φασιν

185 3455 394 3521 αὑτὸν
447 3456 573 3540 τὴν
628 3457 951 3522 σύστασιν
1014 3460 1412 3544 λαμβάνειν,
1477 3455 1662 3542 ὑγιὲς
1725 3454 1848 3540 μὲν
1913 3446 2115 3519 οὐδὲν

182 3561 515 3646 λέγοντες,
564 3561 805 3653 ἀπορίᾳ
845 3560 920 3630 δὲ
964 3566 1087 3650 τὴν
1124 3565 1412 3650 ἀπορίαν
1454 3565 1725 3638 λύοντες
1760 3558 1872 3625 καὶ
1909 3558 2119 3637 λόγον

331 3692 400 3740 22
440 3683 1030 3757 ΐστοριογραφομένων
1068 3688 1117 3741 D
1159 3684 1252 3754 (of.
1291 3684 1370 3738 IV
1410 3690 1551 3752 80‚4
1587 3679 1718 3733 XIII
1755 3681 1934 3744 9o,5).
