2569 4061
0 62 2569 126 —

1218 318 1272 373 ΙΙ
1312 325 1361 376 8.
2124 323 2252 388 183

323 507 399 548 τε
452 484 648 547 πόλιν
703 482 965 548 ἅπασαν
1023 481 1498 548 κατοπτεύσειν
1552 481 1664 548 καὶ
1715 481 2085 568 καθαπερεὶ
2140 486 2256 561 τὰς

328 594 507 665 κλεῖς
560 587 730 667 ἕξειν
781 599 918 654 τῶν
974 587 1498 674 ἐπικαιροτάτων
1548 597 1664 672 τῆς
1716 593 1967 667 πόλεως
2011 592 2294 656 τόπων..

329 705 451 761 τοῦ
498 690 559 759 δ’
599 695 968 781 Εὐφράτου
1006 695 1117 760 διὰ
1154 692 1357 779 μέσης
1392 702 1509 777 τῆς
1545 698 1949 778 Βαβυλῶνος
1986 695 2257 783 ῥέοντος
2291 719 2329 766 4

328 800 441 867 καὶ
476 803 638 886 πρὸς
674 803 1093 885 μεσημβρίαν
1126 799 1698 887 καταφερομένου,
1728 810 1862 865 τῶν
1897 805 2254 883 βασιλείων

272 923 304 965 5
332 909 412 973 τὰ
469 904 590 991 μὲν
643 909 811 994 πρὸς
871 907 1204 990 ἀνατολὴν
1258 910 1477 990 ἔνευε,
1541 908 1624 972 τὰ
1680 904 1754 972 δὲ
1816 908 1983 992 πρὸς
2038 908 2300 992 δύσιν,,

331 1012 668 1099 ἀμφότερα
708 1008 782 1078 δὲ
827 1018 1206 1090 πολυτελῶς
1239 1013 1737 1079 κατεσκεύαστο.
1811 1019 1934 1078 τοῦ
1972 1009 2095 1097 μὲν
2130 1015 2256 1099 γὰρ

330 1122 454 1200 [εἰς
489 1121 593 1202 τὸ]
642 1121 810 1205 πρὸς
854 1116 1143 1205 ἑσπέραν
1179 1117 1492 1202 κειμένου
1536 1119 1781 1206 μέρους
1826 1118 2095 1202 ἐποίησε
2139 1119 2257 1183 τὸν

326 1236 594 1309 πρῶτον
648 1228 1011 1311 περίβολον
1066 1222 1382 1308 ἑξήκοντα
1437 1228 1758 1309 σταδίων,
1814 1226 2099 1310 ὑψηλοῖς
2147 1223 2259 1290 καὶ

326 1331 717 1398 πολυτελέσι
756 1335 1042 1415 τείχεσιν
1079 1329 1543 1418 ὠχυρωμένον,
1591 1331 1656 1410 ἐξ
1703 1333 1906 1417 ὀπτῆς
1941 1334 2255 1397 πλίνθου.

244 1454 302 1494 10
330 1437 559 1523 ἕτερον
598 1436 664 1503 δ’
701 1436 890 1514 ἐντὸς
923 1437 1170 1504 τούτου
1204 1442 1564 1524 κυκλοτερῆ
1601 1440 2059 1522 κατεσκεύασε,
2089 1435 2246 1504 καθ’

329 1544 412 1608 ὃν
470 1543 543 1607 ἐν
590 1543 798 1625 ὠμαῖς
853 1543 949 1606 ἔτι
993 1552 1137 1619 ταῖς
1189 1544 1502 1620 πλίνθοις
1559 1546 1991 1610 διετετύπωτο
2045 1546 2258 1629 θηρία

331 1648 723 1712 παντοδαπὰ
767 1655 849 1732 τῇ
904 1657 1038 1713 τῶν
1083 1648 1453 1732 χρωμάτων
1502 1653 1888 1736 φιλοτεχνίᾳ
1931 1651 2055 1732 τὴν
2103 1650 2258 1731 ἀλή-

222 1772 329 1822 122
349 1759 552 1818 θειαν
606 1752 1138 1838 ἀπομιμούμενα·
1198 1747 1396 1830 οὗτος
1443 1752 1503 1819 δ’
1557 1754 1595 1820 ὁ
1647 1757 2000 1839 περίβολος
2052 1750 2136 1835 ἦν
2182 1756 2256 1819 τὸ
2295 1773 2329 1822 5

331 1855 456 1943 μὲν
518 1868 722 1943 μῆκος
797 1860 1090 1925 σταδίων
1153 1862 1664 1946 τετταράκοντα,
1738 1862 1812 1925 τὸ
1880 1857 1954 1925 δὲ
2016 1859 2259 1935 πλάτος

247 1981 300 2023 1⁵
330 1964 437 2033 ἐπὶ
492 1968 874 2052 τριακοσίας
924 1968 1291 2051 πλίνθους,
1342 1968 1418 2033 τὸ
1467 1964 1528 2032 δ’
1581 1966 1783 2051 ὕψος,
1832 1966 1921 2043 ὡς
1965 1967 2259 2050 Κτησίας

330 2075 559 2157 φησίν,
598 2073 892 2159 ὀργυιῶν
927 2076 1370 2157 πεντήκοντα·
1408 2084 1545 2139 τῶν
1583 2070 1657 2138 δὲ
1692 2073 1970 2158 πύργων
2006 2072 2258 2156 ὑπῆρχε

328 2181 402 2244 τὸ
447 2179 622 2257 ὕψος
666 2178 960 2266 ὀργυιῶν
1007 2177 1479 2263 ἑβδομήκοντα.
1551 2179 1989 2245 κατεσκεύασε
2038 2174 2111 2242 δὲ
2148 2175 2259 2242 καὶ
2295 2199 2328 2247 6

328 2287 554 2370 τρίτον
600 2284 928 2369 ἐνδοτέρω
964 2287 1348 2370 περίβολον,
1395 2284 1470 2362 ὃς
1504 2296 1833 2371 περιεῖχεν
1872 2284 2257 2369 ἀκρόπολιν,

329 2385 407 2472 ἧς
444 2391 484 2473 ἡ
529 2387 653 2475 μὲν
687 2393 1077 2476 περίμετρος
1111 2385 1198 2472 ἦν
1244 2391 1537 2455 σταδίων
1575 2396 1805 2474 εἴκοσι,
1852 2391 1927 2456 τὸ
1976 2386 2050 2455 δὲ
2087 2389 2259 2465 ὕψος

247 2514 306 2553 20
331 2495 443 2560 καὶ
494 2498 739 2574 πλάτος
801 2505 920 2580 τῆς
983 2497 1370 2579 οἰκοδομίας
1433 2496 1799 2583 ὑπεραῖρον
1861 2494 1983 2562 τοῦ
2045 2494 2257 2581 μέσου

333 2604 588 2685 τείχους
631 2604 756 2686 τὴν
789 2605 1221 2686 κατασκευήν.
1288 2602 1535 2686 ἐνῆσαν
1574 2601 1637 2668 δ’
1682 2605 1756 2668 ἔν
1800 2626 1872 2668 τε
1907 2612 2047 2679 τοῖς
2089 2602 2257 2688 πύρ-

331 2732 477 2790 γοις
521 2707 630 2773 καὶ
667 2712 910 2793 τείχεσι
957 2711 1086 2796 ζῷα
1123 2709 1515 2774 παντοδαπὰ
1562 2706 1965 2792 φιλοτέχνως
2009 2719 2150 2785 τοῖς
2185 2730 2256 2772 τε

329 2816 630 2899 χρώμασι
694 2813 807 2879 καὶ
870 2824 1010 2890 τοῖς
1082 2824 1217 2879 τῶν
1280 2815 1514 2880 τύπων
1578 2814 2035 2900 ἀπομιμήμασι
2106 2836 2257 2880 κατ-

331 2920 807 3004 εσκευασμένα·
867 2922 941 2985 τὸ
991 2916 1052 2984 δ’
1108 2920 1268 2986 ὅλον
1325 2920 1673 3003 ἐπεποίητο
1719 2924 2043 3005 κυνήγιον
2091 2942 2258 2985 παν-

247 3043 302 3084 25
331 3029 533 3092 τοίων
570 3030 835 3112 θηρίων
880 3026 1182 3111 ὑπάρχον
1218 3031 1482 3113 πλῆρες,
1530 3022 1626 3092 ὧν
1670 3021 1844 3110 ἦσαν
1887 3029 1968 3091 τὰ
2004 3024 2289 3109 μεγέθη“

329 3132 536 3199 πλέον
561 3132 604 3216 ἢ
642 3143 872 3216 πηχῶν
898 3134 1245 3218 τεττάρων.
1309 3134 1789 3199 κατεσκεύαστο
1830 3129 1891 3197 δ’
1929 3131 2003 3195 ἐν
2030 3129 2257 3203 αὐτοῖς

326 3238 442 3305 καὶ
486 3239 528 3322 ἡ
575 3242 945 3323 Σεμίραμις
992 3234 1109 3322 ἀφ’
1163 3239 1372 3305 ἵππου
1417 3240 1751 3324 πάρδαλιν
1800 3236 2256 3314 ἀκοντίζουσα,

478 3366 506 3413 1
547 3356 922 3414 κατοπτεύειν
962 3358 1182 3414 codices
1296 3366 1326 3414 7
1367 3356 1447 3421 εἰς
1482 3355 1545 3412 τὸ
1585 3357 1693 3413 del.
1732 3354 1898 3440 Dinq'.
2001 3357 2069 3404 15
2105 3370 2259 3419 τρια-

332 3433 559 3494 κοσίους
604 3429 738 3484 libri
891 3436 958 3485 19
1016 3432 1192 3484 εἴκοσι
1267 3430 1605 3498 τριακοσίων
1659 3427 1714 3480 Π
1854 3434 2004 3508 amplos·
2039 3421 2256 3487 Wurm‚

332 3503 510 3571 μῆκος
570 3501 794 3556 codices
972 3507 1041 3556 23
1092 3506 1211 3563 τοῖς
1289 3506 1414 3561 ταῖς
1459 3498 1508 3551 D
1690 3493 2068 3563 ἆπομιμησεσι
2128 3492 2258 3545 fort.

331 3578 400 3628 27
439 3572 539 3627 καὶ
574 3567 610 3640 ἡ
650 3587 759 3628 om.
802 3571 906 3627 OF
1045 3565 1182 3641 ἀφ’]
1226 3566 1325 3638 ἐφ’
1366 3568 1435 3622 D.
