2569 4061
412 342 549 405 414
1084 339 1397 396 DIODORI
1431 336 1663 395 SICULI

415 503 739 591 φέροντα,
799 500 911 569 καὶ
970 503 1335 633 φοβηθείς,
1395 503 1684 588 ἔκρυψεν
1744 499 1984 567 ἑαυτὸν
2041 502 2137 578 εἰς
2181 506 2343 585 χαλ·
2359 522 2471 573 258

419 619 585 677 κοῦν
630 612 858 675 πίθον.

343 740 376 788 3
575 713 747 800 ’Ἁμα
805 712 879 781 δὲ
931 716 1195 792 τούτοις
1247 713 1730 800 πραττομένοις
1773 711 2107 800 Ἡρακλῆς
2151 736 2358 797 κατη-

413 825 746 905 γωνίσατο
774 826 934 901 τοὺς
960 818 1494 906 ὀνομαζομένους
1521 821 1954 907 Κενταύρους
1984 822 2096 885 διὰ
2121 822 2356 886 τοιαύ-

412 952 531 1008 τας
576 933 806 1008 αἰτίας.
905 931 1124 1006 Φόλος
1178 923 1264 1012 ἦν
1310 925 1726 1015 Κένταυρος,
1783 923 1899 1012 ἀφ’
1955 921 2038 992 οὗ
2094 927 2351 1012 συνέβη
2384 945 2411 986 5

413 1037 489 1103 τὸ
517 1040 805 1121 πλησίον
833 1038 990 1122 ὄρος
1026 1037 1299 1118 Φολόην
1338 1034 1830 1120 ὀνομασθῆναι·
1871 1028 2069 1110 οὗτος
2106 1031 2354 1111 ξενίοις

417 1146 773 1229 δεχόμενος
791 1138 1120 1226 Ἡρακλέα
1146 1141 1268 1206 τὸν
1296 1140 1884 1226 κατακεχωσμένον
1913 1146 2107 1206 οἴνου
2133 1143 2351 1206 πίθον

415 1248 676 1337 ἀνέῳξε.
749 1254 993 1311 τοῦτον
1037 1247 1166 1332 γὰρ
1213 1252 1682 1331 μυθολογοῦσι
1727 1248 1803 1311 τὸ
1849 1247 2137 1311 παλαιὸν
2180 1249 2350 1311 Διό-

412 1370 627 1418 νυσον
661 1355 1200 1434 παρατεθεῖσθαί
1228 1358 1365 1418 τινι
1401 1353 1786 1442 Κενταύρῳ,
1834 1350 1946 1418 καὶ
1983 1350 2349 1439 προστάξαι

411 1460 558 1523 τότε
619 1457 881 1537 ἀνοῖξαι
936 1446 1102 1522 ιὅταν
1152 1453 1487 1544 “Ηρακλῆς
1543 1455 2017 1543 παραγένηται.
2110 1457 2346 1540 διόπερ
2379 1479 2431 1518 10
2543 1503 2552 1507 -

410 1563 697 1648 ὕστερον
741 1562 1043 1650 τέτταρσι
1079 1575 1341 1648 γενεαῖς
1376 1561 1895 1644 ἐπιξενωθέντος
1931 1561 2140 1628 αὐτοῦ
2175 1587 2344 1647 μνη-

340 1693 376 1741 4
414 1676 667 1754 σθῆναι
702 1672 824 1737 τὸν
856 1672 1082 1737 Φόλον
1119 1679 1237 1753 τῆς
1264 1671 1616 1736 Διονύσου
1642 1672 2105 1754 παραγγελίας.
2161 1669 2345 1736 ἀνοι-

411 1776 698 1862 χθέντος
743 1773 871 1844 οὖν
914 1786 1037 1845 τοῦ
1082 1780 1328 1860 πίθου,
1383 1775 1495 1842 καὶ
1549 1785 1666 1860 τῆς
1720 1768 2004 1853 εὐωδίας
2060 1777 2172 1840 διὰ
2217 1777 2343 1860 τὴν

412 1888 821 1969 παλαιότητα
878 1882 989 1950 καὶ
1050 1884 1345 1967 δύναμιν
1403 1891 1526 1948 τοῦ
1585 1889 1780 1949 οἴνου
1833 1882 2346 1969 προσπεσούσης

410 2002 551 2069 τοῖς
596 1994 883 2076 πλησίον
928 1991 1191 2056 οἰκοῦσι
1227 1989 1662 2076 Κενταύροις,
1710 1988 1958 2074 συνέβη
2009 1986 2345 2074 διοιστρη-
2379 2010 2430 2051 15

411 2105 623 2182 θῆναι
684 2098 991 2173 τούτους·
1058 2097 1164 2161 διὸ
1228 2094 1342 2161 καὶ
1403 2099 1895 2182 προσπεσόντες
1959 2096 2200 2183 ἀθρόοι
2259 2106 2345 2181 τῇ

414 2205 667 2287 οἰκήσει
727 2214 850 2271 τοῦ
913 2205 1143 2268 Φόλου
1202 2207 1738 2287 καταπληκτικῶς
1798 2203 2117 2289 ὥρμησαν
2173 2203 2345 2288 πρὸς

341 2332 373 2381 5
411 2309 734 2396 ἁρπαγήν.
845 2310 882 2375 ὁ
955 2306 1079 2394 μὲν
1153 2304 1281 2375 οὖν
1351 2310 1569 2385 Φόλος
1641 2306 1973 2392 φοβηθεὶς
2054 2310 2346 2395 ἔκρυψεν

412 2415 673 2500 ἑαυτόν,
730 2416 767 2481 ὁ
824 2409 886 2480 δ’
937 2412 1272 2501 Ἡρακλῆς
1326 2414 1716 2501 παραδόξως
1772 2415 2153 2498 συνεπλάκη
2198 2425 2346 2493 τοῖς

409 2522 852 2608 βιαζομένοις·
900 2523 1036 2586 ἔδει
1070 2523 1199 2607 γὰρ
1239 2522 1757 2603 διαγωνίζεσθαι
1804 2522 1970 2606 πρὸς
2014 2523 2173 2598 τοὺς
2208 2520 2343 2587 ἀπὸ
2373 2544 2430 2583 20

411 2625 535 2711 μὲν
570 2629 817 2713 μητρὸς
853 2629 1051 2703 ὄντας
1087 2627 1317 2710 θεούς,
1354 2628 1429 2692 τὸ
1460 2624 1535 2692 δὲ
1561 2628 1758 2711 τάχος
1785 2629 2059 2712 ἔχοντας
2094 2628 2344 2712 ἵππων,

409 2732 595 2817 ῥώμῃ
644 2728 719 2796 δὲ
758 2731 1177 2815 δισωμάτους
1213 2738 1453 2817 θῆρας,
1502 2731 1849 2818 ἐμπειρίαν
1886 2729 1962 2797 δὲ
1996 2730 2107 2798 καὶ
2145 2733 2345 2798 σύνε-

409 2856 520 2904 σιν
580 2841 852 2923 ἔχοντας
911 2837 1199 2923 ἀνδρῶν.
1292 2848 1428 2904 τῶν
1488 2836 1563 2904 δὲ
1623 2840 2030 2925 Κενταύρων
2090 2840 2162 2905 οἰ
2214 2837 2345 2923 μὲν

407 2946 654 3023 πεύκας
709 2945 1142 3032 αὐτορρίζους
1197 2947 1461 3029 ἔχοντες
1515 2944 1789 3032 ἐπῆσαν,
1846 2939 1919 3011 οἳ
1968 2942 2043 3011 δὲ
2096 2945 2344 3032 πέτρας

408 3055 728 3140 μεγάλας,
800 3050 977 3131 τινες
1042 3049 1116 3118 δὲ
1180 3052 1529 3137 λαμπάδας
1589 3051 1917 3136 ἡμμένας,
1983 3049 2194 3139 ἕτεροι
2260 3051 2343 3119 δὲ
2373 3074 2434 3114 25

337 3183 369 3231 6
407 3164 793 3247 βουφόνους
850 3158 1159 3237 πελέκεις.
1254 3158 1291 3223 ὁ
1353 3152 1415 3222 δ’
1476 3158 1984 3242 ἀκαταπλήκτως
2042 3158 2343 3237 ὑποστὰς

408 3266 599 3344 ἀξίαν
644 3278 779 3331 τῶν
822 3263 1535 3354 προκατειργασμένων
1590 3268 2042 3349 συνεστήσατο
2096 3266 2341 3350 μάχην.

406 3376 889 3454 συνηγωνίζετο
966 3370 1027 3436 δ’
1100 3371 1327 3446 αὐτοῖς
1389 3369 1431 3453 ἡ
1496 3372 1709 3456 μήτηρ
1778 3370 2051 3457 Νεφέλη
2114 3374 2342 3437 πολὺν

587 3531 614 3575 1
665 3522 843 3579 αυτὸν
879 3525 930 3577 D
1078 3533 1108 3581 ’1
1146 3523 1296 3613 ἶηΗρ]
1343 3523 1444 3580 τὸν
1472 3523 1595 3596 Ηρ.
1629 3527 1785 3596 vulg.
1934 3533 1998 3581 11
2047 3527 2341 3602 τέτταρσι]

404 3593 634 3652 πολλαῖς
671 3594 766 3646 GE
913 3601 981 3648 21
1019 3594 1200 3658 θεοὺς
1237 3593 1409 3658 ὄντας
1445 3596 1597 3665 vulg.
1727 3603 1798 3652 24
1836 3594 2168 3669 αύτορίζους
2205 3600 2338 3656 cod.
