2569 4061
374 289 505 354 376
1039 286 1348 342 DIODORI
1384 285 1620 341 SICULI

302 477 335 524 4
374 452 497 518 οὐκ
551 450 772 532 ἀγνοῶ
831 445 893 513 δ’
949 449 1050 514 ὅτι
1096 446 1207 514 καὶ
1249 460 1387 514 τῶν
1431 450 1558 532 τὴν
1601 448 1868 531 Λιβύην
1914 444 2313 531 νεμομένων

375 560 447 623 οἰ
493 557 670 640 παρὰ
724 557 844 621 τὸν
902 556 1198 621 ὠκεανὸν
1260 557 1602 631 οἰκοῦντες
1646 554 2142 639 ἀμφισβητοῦσι
2186 563 2308 637 τῆς

372 670 493 727 τοῦ
546 667 717 726 θεοῦ
772 661 1122 745 γενέσεως,
1178 659 1291 727 καὶ
1342 670 1468 744 τῆν
1512 664 1758 726 Νῦσαν
1809 658 1921 725 καὶ
1975 661 2182 724 τᾶλλα
2226 662 2314 724 τὰ

373 766 526 854 περὶ
578 768 788 833 αὐτοῦ
825 769 1387 853 μυθολογούμενα
1435 764 1589 849 παρ’
1628 765 1886 844 ἑαυτοῖς
1922 767 2313 831 δεικνύουσι

376 875 813 962 γεγενημένα,
871 874 983 941 καὶ
1027 875 1238 940 πολλὰ
1282 875 1602 959 τεκμήρια
1646 874 1906 940 τούτων
1950 872 2140 958 μέχρι
2183 881 2312 937 τοῦ
2342 893 2376 933 5

375 981 533 1049 καθ’
586 983 756 1068 ἡμᾶς
813 984 968 1065 βίου
1030 980 1369 1066 διαμένειν
1427 981 1592 1045 κατὰ
1647 982 1769 1063 τὴν
1824 980 2048 1064 χώραν
2104 981 2305 1063 φασί·

376 1092 542 1176 πρὸς
588 1085 662 1154 δὲ
706 1088 971 1163 τούτοις
1017 1087 1118 1151 ὅτι
1163 1086 1403 1152 πολλοὶ
1447 1097 1584 1152 τῶν
1629 1091 1929 1151 παλαιῶν
1965 1081 2120 1171 παρ’
2157 1083 2312 1150 Ἕλ-

379 1201 530 1279 λησι
576 1194 1047 1279 μυθογράφων
1091 1191 1202 1258 καὶ
1246 1203 1543 1277 ποιητῶν
1579 1193 2121 1277 συμφωνούμενα
2156 1192 2311 1257 τού-

377 1325 518 1376 τοις
547 1302 888 1385 ἱστοροῦσι
924 1297 1034 1364 καὶ
1070 1311 1206 1364 τῶν
1241 1287 1811 1384 μεταγενεστέρων
1846 1297 2294 1385 συγγραφέων
2314 1323 2424 1371 236

313 1432 343 1478 5
383 1406 507 1472 οὐκ
567 1406 798 1489 ὀλίγοι.
893 1408 1157 1492 διόπερ,
1213 1407 1328 1471 ἵνα
1382 1402 1592 1490 μηδὲν
1646 1408 2122 1490 παραλίπωμεν
2174 1418 2312 1471 τῶν
2339 1427 2398 1466 10

384 1510 839 1596 ἱστορημένων
877 1509 1030 1597 περὶ
1064 1513 1435 1595 Διονύσου,
1483 1509 1772 1595 διέξιμεν
1809 1511 1884 1576 έν
1927 1514 2315 1595 κεφαλαίοις

382 1620 463 1684 τὰ
515 1620 694 1705 παρὰ
739 1628 881 1695 τοῖς
916 1621 1166 1702 Λίβυσι
1213 1621 1538 1703 λεγόμενα
1582 1617 1694 1684 καὶ
1738 1630 1873 1684 τῶν
1908 1615 2314 1703 Ἑλληνικῶν

386 1723 834 1812 συγγραφέων
891 1725 1041 1789 ὅσοι
1094 1726 1357 1801 τούτοις
1409 1726 1740 1809 σύμφωνα
1785 1726 2160 1810 γεγράφασι
2203 1724 2313 1790 καὶ

385 1834 731 1919 Διονυσίῳ
778 1838 870 1918 τῷ
908 1828 1377 1918 συνταξαμένῳ
1414 1832 1531 1907 τὰς
1566 1832 1850 1907 παλαιὰς
1885 1833 2308 1915 μυθοποιίας.

317 1961 348 2008 6
388 1933 584 2016 οὗτος
628 1937 754 2022 γὰρ
802 1936 882 2002 τά
927 1959 996 2002 τε
1042 1935 1193 2023 περὶ
1236 1938 1357 2001 τὸν
1402 1940 1751 2003 Διόνυσον
1793 1935 1905 2002 καὶ
1952 1938 2062 2015 τὰς
2117 1933 2308 2020 Ἀμα-
2338 1954 2395 1995 15

391 2049 611 2129 ζόνας,
676 2048 772 2110 ἔτι
835 2041 909 2109 δὲ
967 2047 1127 2121 τοὺς
1178 2040 1624 2129 Ἀργοναύτας
1680 2042 1791 2109 καὶ
1845 2046 1926 2109 τὰ
1979 2046 2143 2109 κατὰ
2195 2045 2313 2109 τὸν

381 2150 663 2218 Ἰλιακὸν
716 2154 1010 2236 πόλεμον
1062 2150 1449 2236 πραχθέντα
1504 2150 1614 2216 καὶ
1667 2148 1859 2216 πόλλ’
1911 2150 2102 2236 ἕτερα
2158 2167 2315 2216 συν-

386 2257 711 2342 τέτακται,
747 2256 1140 2345 παρατιθεὶς
1174 2259 1255 2322 τὰ
1290 2260 1622 2342 ποιήματα
1657 2267 1793 2323 τῶν
1830 2257 2146 2343 ἀρχαίων,
2183 2268 2315 2322 τῶν

388 2389 459 2431 τε
504 2368 910 2450 μυθολόγων
955 2362 1065 2430 καὶ
1110 2374 1246 2429 τῶν
1292 2375 1601 2449 ποιητῶν.

284 2474 367 2539 67
574 2469 751 2555 Φησὶ
794 2476 1028 2536 τοίνυν
1072 2467 1227 2555 παρ’
1265 2468 1543 2553 “’Ἐλλησι
1586 2480 1854 2555 πρῶτον
1899 2470 2178 2555 εὑρετὴν
2212 2494 2315 2554 γε-
2341 2489 2396 2528 2⁰

390 2577 634 2643 νέσθαι
679 2579 896 2642 Λίνον
951 2567 1235 2662 ῥυθμῶν
1279 2575 1391 2640 καὶ
1438 2575 1709 2660 μέλους,
1772 2577 1869 2641 ἔτι
1914 2573 1989 2641 δὲ
2035 2578 2316 2662 Κάδμου

389 2684 787 2765 κομίσαντος
851 2681 924 2747 ἐκ
993 2685 1315 2765 Φοινίκης
1377 2684 1459 2747 τὰ
1522 2683 1901 2767 καλούμενα
1971 2684 2315 2770 γράμματα

394 2798 659 2873 πρῶτον
721 2789 816 2863 είς
873 2787 999 2870 τὴν
1048 2784 1443 2871 Ἑλληνικὴν
1501 2794 1891 2872 μεταθεῖναι
1950 2788 2317 2872 διάλεκτον,

392 2893 503 2961 καὶ
557 2894 673 2970 τὰς
727 2896 1177 2979 προσηγορίας
1233 2891 1485 2982 ἑκάστῳ
1530 2892 1719 2972 τάξαι
1762 2893 1873 2959 καὶ
1919 2898 2077 2972 τοὺς
2120 2920 2316 2981 χαρα-

393 3011 636 3088 κτῆρας
698 3002 1125 3066 διατυπῶσαι.
1216 3009 1409 3085 κοινῇ
1469 2996 1591 3085 μὲν
1652 2995 1777 3066 οὖν
1834 3002 1916 3066 τὰ
1973 3002 2319 3087 γράμματα
2343 3018 2393 3059 2⁵

401 3111 745 3176 Φοινίκεια
787 3113 1125 3191 κληθῆναι
1170 3107 1281 3171 διὰ
1327 3108 1402 3172 τὸ
1447 3108 1627 3192 παρὰ
1672 3110 1830 3184 τοὺς
1876 3106 2207 3193 ’Έλληνας
2250 3108 2318 3174 ἐκ

402 3219 739 3281 Φοινίκων
812 3220 1321 3298 μετενεχθῆναι,
1396 3215 1536 3300 ἰδίᾳ
1608 3209 1681 3279 δὲ
1752 3225 1888 3279 τῶν
1954 3219 2319 3298 Πελασγῶν

542 3411 572 3457 7
601 3400 771 3475 παρ’]
800 3404 910 3458 τῶν
939 3400 1079 3471 παρ’
1100 3403 1151 3456 D
1217 3410 1250 3459 8
1278 3401 1560 3473 σύμφωνα
1588 3405 1652 3457 F
1713 3412 1780 3460 10
1808 3407 2249 3475 παραλείπωμεν
2266 3405 2314 3460 D

399 3476 462 3522 11
503 3468 917 3541 ἱστορουμένων
953 3474 1001 3527 D
1116 3480 1181 3527 14
1217 3476 1294 3544 τῷ
1335 3471 1738 3543 συνταξαμένῳ
1774 3493 1883 3533 om.
1921 3476 1972 3529 D
2073 3480 2314 3545 μυθολο-

394 3538 521 3599 γίας
557 3539 606 3589 D
732 3549 798 3596 17
837 3541 1105 3608 συνέταξε
1146 3543 1252 3598 OF
1376 3550 1445 3597 26
1483 3547 1758 3614 φοινικῆα
1793 3545 1862 3615 D,
1901 3549 2162 3615 φοινίκια
2202 3546 2313 3603 OF.

2459 734 2500 776 Ο
