2569 4061
460 209 565 264 XX
1209 210 1643 269 PRAEFATIO.

641 378 848 437 elassis
896 377 927 436 I
1256 379 1478 441 Euseb.
1523 397 1610 455 pr.
1650 397 1739 439 ev.
1996 378 2204 438 classis
2248 378 2311 438 H

541 476 573 534 I
614 477 714 552 16,
746 478 780 534 1
822 473 1011 553 λύραν
1044 496 1104 541 τε
1194 476 1258 536 Π
1300 479 1356 555 1,
1435 479 1473 537 8
1513 475 1702 555 λύραν
1744 497 1804 536 τε
1914 474 2102 552 λύραν
2147 496 2206 536 τε

820 571 1106 652 νευρίνην
1518 571 1711 653 εὑρεῖν
1914 569 2109 650 εὑρεῖν
2153 569 2233 650 ἣν

606 674 710 748 22,
742 672 779 732 6
816 667 921 729 τὸν
1309 674 1365 745 1,
1396 674 1475 731 21
1518 669 1621 731 τὸν
2046 689 2161 730 om.

821 767 991 844 τιμάς
1309 771 1365 844 1,
1396 770 1479 828 22
1517 766 1687 845 τιμάς
1913 774 2090 844 τιμᾶν

607 869 711 942 96,
742 868 779 926 2
818 862 882 925 τὸ
990 886 1106 924 πα·
1214 864 1269 922 X
1310 867 1369 942 8,
1444 867 1480 925 2
1549 885 1664 927 om.
2050 882 2165 923 om.

823 960 993 1023 λαιόν

609 1064 712 1133 96,
743 1061 779 1120 5
824 1058 1106 1138 γινόμενα
1307 1061 1366 1135 8,
1441 1061 1482 1120 4
1547 1079 1659 1120 om.
2049 1078 2162 1119 om.

610 1160 712 1234 96,
743 1160 780 1217 6
820 1154 1078 1235 μνηστή-
1307 1158 1366 1234 8,
1443 1158 1479 1217 5
1519 1152 1736 1236 ἡρώων
1805 1234 1816 1242 t
1913 1149 2131 1235 ἡρώων

826 1274 948 1333 ρων

609 1355 712 1429 97,
743 1353 781 1411 8
821 1349 1092 1430 Μώμεμ-
1307 1354 1366 1430 8,
1400 1353 1477 1415 11
1522 1350 1796 1430 Μώμεμ-
1914 1346 2174 1428 Μέμφιν

825 1470 934 1525 φιν
1518 1471 1628 1526 φιν

480 1544 576 1605 III
617 1548 718 1625 60,
747 1549 788 1606 4
827 1543 1105 1624 ἐπιφανε-
1195 1545 1260 1606 II
1301 1549 1360 1626 2,
1387 1549 1472 1608 46
1506 1543 1823 1624 εὐφυεστά-
1915 1541 2332 1621 εὖφυεστάτοις

827 1645 1054 1716 στάτοις
1517 1666 1640 1716 τοις

490 1740 580 1799 IV
664 1744 721 1819 6,
751 1745 792 1802 4
831 1740 1040 1819 σχεδὸν
1308 1744 1365 1814 2,
1400 1743 1483 1800 14
1575 1761 1689 1801 om.
2049 1756 2164 1798 om.

824 1835 984 1908 τινὸς
1024 1858 1107 1895 τι-
1518 1833 1678 1908 τινὸς
1740 1856 1824 1894 τι-
1913 1839 2084 1911 τιμῆς
2127 1855 2287 1907 τινος

826 1941 943 2015 ufic
1517 1940 1634 2011 μῆς

657 2037 715 2107 7,
744 2034 783 2091 3
867 2052 979 2093 om.
1308 2034 1367 2110 2,
1399 2033 1479 2091 16
1574 2051 1688 2092 om.
1910 2027 2216 2112 γεγονέναι

612 2132 714 2204 10,
746 2131 779 2187 1
824 2127 898 2190 οὐ
934 2149 1106 2190 κατα·
1309 2132 1366 2210 2,
1397 2132 1484 2191 20
1521 2126 1596 2191 οὗ
1645 2148 1824 2189 κατα·
2047 2148 2164 2191 om.

825 2227 1065 2307 πλαγείς
1519 2226 1759 2307 πλαγείς

620 2326 724 2398 33,
756 2328 791 2384 7
879 2343 992 2384 om.
1312 2325 1369 2401 2,
1400 2325 1481 2383 26
1575 2343 1691 2383 om.
1914 2318 2090 2407 Αὔγῃ

646 2418 899 2481 Constat
952 2439 1095 2499 ergo
1151 2420 1422 2481 codicum
1473 2423 1819 2480 nostrorum
1872 2421 2397 2482 dissimilitudines

466 2518 727 2579 maxima
780 2537 851 2580 ex
905 2522 1078 2594 parte
1141 2535 1265 2578 non
1329 2517 1697 2579 noviciorum
1749 2517 2136 2579 librariorum
2198 2539 2396 2598 nugas

469 2634 600 2676 esse
666 2618 772 2677 sed
837 2615 1093 2676 artificia.
1149 2616 1687 2692 interpretatorum
1751 2614 2087 2691 antiquitus
2149 2617 2396 2679 tradita.

467 2714 682 2791 Neque
726 2714 950 2773 mirum
994 2732 1127 2773 8888
1174 2715 1399 2791 potest,
1444 2713 1600 2789 quod
1648 2730 1800 2787 opus
1843 2712 2121 2790 Diodori,
2167 2714 2272 2791 qui
2318 2716 2395 2775 ab

467 2810 701 2871 Iustino
747 2810 1016 2888 Mai-tyre
1064 2807 1440 2883 ἐνδοξότατος
1493 2816 1623 2869 τῶν
1672 2807 2144 2889 ἱστοριογράφων
2200 2815 2270 2870 et.
2318 2813 2394 2872 ab

468 2909 730 2968 Eusebio
793 2905 1242 2988 γνωριμώτατος
1297 2910 1420 2979 τοῖς
1480 2914 1599 2967 τῶν
1651 2900 1957 2985 Ἑλλήνων
2021 2907 2396 2988 λογιωτάτοις

472 3007 837 3083 appeHatur,
882 3005 1095 3065 multis
1130 3004 1697 3082 interpolationibus
1732 3004 2139 3066 deformatum
2175 3008 2286 3083 est,
2331 3007 2396 3067 id

471 3102 634 3180 quod
677 3104 805 3179 ipse
851 3102 1148 3163 Diodorus
1194 3094 1255 3184 (I
1295 3104 1351 3181 5,
1383 3095 1452 3184 2)
1499 3105 1801 3163 metuerat
1843 3101 2073 3162 frustra
2119 3102 2397 3164 dehorta-

470 3206 572 3261 tus
618 3199 759 3273 τοὺς
806 3199 1212 3272 διασκευάζειν
1265 3197 1555 3272 εἰωθότας
1599 3197 1702 3271 τὰς
1745 3197 2005 3277 βίβλους.
2098 3199 2228 3271 Quo
2275 3202 2396 3262 fao-

473 3301 605 3357 tum
652 3302 760 3373 est,
809 3300 879 3357 ut
914 3298 1099 3358 verba
1134 3297 1385 3359 Diodori
1429 3298 1523 3357 his
1568 3296 1753 3357 variis
1790 3297 2171 3374 glossematis
2217 3300 2394 3360 modo

474 3398 841 3456 commutata
894 3395 1070 3456 modo
1124 3398 1304 3456 aucta
1361 3393 1663 3456 interdum
1720 3394 1906 3454 etiam
1958 3395 2242 3457 mutilata
2285 3415 2396 3471 per

472 3488 749 3549 librarios
813 3492 1048 3552 diverse
1111 3492 1514 3552 traderentur.
1622 3491 1708 3550 At
1780 3492 2052 3568 quamvis
2126 3492 2393 3570 antiquis
