2569 4061
1006 311 1082 365 1v
1121 316 1206 366 62.
1248 316 1334 366 63.
1659 400 1665 404 1
2011 308 2148 373 497

209 475 701 559 ἀποθανούσης
759 474 966 540 αὐτοῦ
1012 481 1128 557 τῆς
1172 473 1489 556 γυναικὸς
1530 466 1997 557 Ἱπποδαμείας
2038 470 2151 538 καὶ

207 581 714 666 καταλιπούσης
766 582 920 647 υίὸν
974 581 1431 662 Πολυποίτην,
1485 583 1833 663 παρῆλθεν
1887 580 1984 657 εἰς
2035 580 2152 657 τὰς

205 685 508 771 Ἀθήνας
542 688 710 773 πρὸς
740 686 974 772 Θησέα.
1049 686 1442 769 καταλαβὼν
1490 685 1531 749 δ
1535 681 1566 749 ὲ
1609 689 2150 770 τετελευτηκυῖαν
2187 705 2218 754 2

212 793 352 876 τὴν
403 802 690 877 γυναῖκα
742 802 866 859 τοῦ
922 790 1191 876 Θησέως
1254 792 1560 877 Φαίδραν
1621 791 1881 856 ἔπεισεν
1944 791 2150 857 αὐτὸν

153 918 183 958 5
217 899 520 987 ἁρπάσαι
564 901 687 985 τὴν
733 901 965 983 Λήδας
1006 895 1122 964 καὶ
1155 898 1328 975 Διὸς
1362 893 1662 981 Ἑλένην,
1709 897 1980 980 δεκαετῆ
2027 893 2149 980 μὲν

212 1007 347 1090 τὴν
373 1006 641 1092 ἡλικίαν
670 1001 904 1088 οὖσαν,
924 1004 1280 1091 εὐπρεπείᾳ
1310 1000 1386 1069 δὲ
1412 1013 1646 1069 πασῶν
1674 1001 2148 1089 διαφέρουσαν.

215 1115 755 1199 παραγενόμενοι
810 1105 873 1175 δ’
925 1112 1023 1188 εἰς
1066 1112 1542 1194 Λακεδαίμονα
1588 1110 1751 1194 μετὰ
1793 1110 2148 1192 πλειόνων,

214 1215 335 1284 καὶ
378 1219 614 1303 καιρὸν
659 1218 943 1282 εὔθετον
989 1219 1327 1301 λαβόντες,
1373 1216 1682 1303 ἥρπασαν
1715 1216 1838 1300 τὴν
1873 1209 2150 1298 Ἑλένην

217 1334 418 1410 κοινῆ
463 1321 573 1389 καὶ
621 1323 968 1407 ἀπήγαγον
1012 1324 1109 1400 εἰς
1152 1325 1269 1399 τὰς
1320 1320 1624 1407 Ἀθήνας.
1717 1323 1940 1388 ἔπειτα
1984 1322 2150 1408 πρὸς
2186 1341 2218 1390 3

131 1449 191 1488 10
222 1430 560 1515 ἀλλήλους
623 1429 979 1514 ὁμολογίας
1043 1431 1281 1494 ἔθεντο
1349 1429 1965 1515 διακληρώσασθαι,
2039 1426 2150 1494 καὶ

219 1539 346 1601 τὸν
392 1532 515 1621 μὲν
560 1538 846 1621 λαχόντα
901 1544 1106 1620 γῆμαι
1161 1535 1288 1617 τὴν
1332 1531 1632 1618 Ἑλένην,
1685 1543 1776 1623 τῷ
1835 1530 1898 1598 δ’
1949 1532 2148 1623 ἑτέρῳ

221 1641 601 1728 συμπρᾶξαι
644 1639 798 1727 περὶ
834 1639 1059 1727 ἑτέρας
1094 1641 1435 1723 γυναικός,
1479 1636 1901 1722 ὑπομένοντα
1934 1639 2149 1704 πάντα

219 1749 565 1814 κίνδυνον.
648 1745 801 1832 περὶ
848 1745 923 1812 δὲ
969 1747 1227 1813 τούτων
1276 1747 1509 1822 δόντες
1553 1744 1863 1828 ἀλλήλοις
1909 1743 2151 1829 ὅρκους

223 1857 487 1940 ἔλαχον,
533 1853 645 1920 καὶ
682 1852 932 1938 συνέβη
969 1862 1062 1942 τῷ
1107 1856 1331 1941 κλήρῳ
1378 1857 1604 1936 λαχεῖν
1643 1847 1879 1935 Θησέα.
1954 1843 2150 1927 οὗτος

143 1977 195 2018 15
225 1958 347 2046 μὲν
395 1957 521 2028 οὖν
579 1963 812 2049 κύριος
855 1957 1132 2044 κατέστη
1178 1967 1297 2044 τῆς
1341 1956 1691 2047 παρθένου
1735 1957 1854 2022 τὸν
1899 1957 2149 2043 τρόπον

225 2076 491 2134 τοῦτον·
548 2080 683 2135 τῶν
742 2063 805 2134 δ’
858 2065 1238 2151 Ἀθηναίων
1295 2066 1847 2149 ἀγανακτούντων
1905 2061 2013 2129 ἐπὶ
2056 2069 2150 2150 τῷ

226 2176 552 2257 γεγονότι,
589 2171 923 2259 φοβηθεὶς
960 2174 996 2239 ὁ
1037 2176 1295 2258 Θησεὺς
1331 2169 1688 2251 ὑπεξέθετο
1725 2169 1849 2253 τὴν
1875 2165 2150 2251 Ἑλένην

229 2278 324 2353 εἰς
369 2276 725 2363 Ἄφιδναν,
788 2283 949 2365 μίαν
1012 2290 1148 2346 τῶν
1209 2275 1518 2345 Ἀττικῶν
1575 2279 1850 2344 πόλεων.
1940 2296 2149 2361 παρα-

229 2382 582 2468 κατέστησε
648 2382 708 2451 δ’
776 2387 942 2472 αὐτῇ
1007 2388 1131 2470 τὴν
1193 2384 1444 2472 μητέρα
1506 2389 1779 2470 Αἴθραν
1840 2380 1953 2448 καὶ
2013 2391 2150 2448 τῶν

153 2507 205 2547 20
232 2490 452 2555 ἄλλων
489 2493 705 2575 φίλων
741 2496 898 2570 τοὺς
934 2492 1267 2580 ἀρίστους,
1306 2494 1608 2576 φύλακας
1638 2499 1756 2575 τῆς
1781 2485 2148 2575 παρθένου.

232 2598 569 2682 Πειρίθου
615 2593 690 2662 δὲ
732 2599 1080 2683 κρίναντος
1126 2606 1532 2682 μνηστεῦσαι
1566 2598 2003 2683 Φερσεφόνην
2039 2592 2151 2660 καὶ
2185 2615 2221 2663 4

230 2708 772 2789 παρακαλοῦντος
830 2705 1413 2788 συναποδημῆσαι,
1470 2704 1546 2770 τὸ
1606 2699 1730 2788 μὲν
1786 2712 2053 2789 πρῶτον
2111 2700 2149 2767 ὁ

234 2812 489 2893 Θησεὺς
533 2808 926 2895 μετέπειθεν
980 2807 1371 2893 ἀποτρέπων
1424 2818 1542 2893 τῆς
1592 2808 1888 2895 πράξεως
1943 2807 2150 2874 αὐτὸν

234 2916 340 2980 διὰ
403 2916 529 3000 τὴν
599 2913 936 3000 ἀσέβειαν·
1017 2924 1140 2980 τοῦ
1205 2911 1280 2980 δὲ
1343 2915 1681 3001 Πειρίθου
1753 2910 2149 2995 βιαζομένου

160 3038 210 3080 25
236 3023 753 3107 συνηναγκάσθη
804 3023 914 3087 διά
957 3024 1117 3098 τοὺς
1152 3021 1395 3106 ὅρκους
1433 3019 1469 3086 ὁ
1509 3022 1766 3104 Θησεὺς
1802 3024 2148 3102 μετασχεῖν

233 3136 341 3212 τῆς
402 3127 716 3214 πράξεως.
825 3124 939 3192 καὶ
1000 3123 1205 3212 πέρας
1275 3126 1706 3209 καταβάντων
1768 3120 1991 3187 αὐτῶν
2054 3120 2148 3197 εἰς

234 3236 382 3311 τοὺς
435 3232 590 3299 καθ’
647 3231 820 3321 ᾅδου
873 3234 1153 3315 τόπους,
1209 3231 1458 3315 συνέβη
1516 3232 1627 3296 διὰ
1669 3229 1792 3312 τὴν
1838 3225 2147 3311 ἀσέβειαν

406 3431 437 3479 6
484 3417 662 3481 οὖσαν
700 3424 982 3492 Hel-blein,
1042 3422 1287 3494 ἔχουσαν
1323 3422 1458 3478 libri
1643 3426 1704 3475 11
1752 3420 1829 3493 τῷ
1867 3416 1927 3474 δ’
1971 3414 2145 3492 ἑτέρῳ

236 3494 449 3564 Reiske‚
486 3492 587 3551 τὸν
625 3491 683 3551 δ’
719 3494 912 3563 ἕτερον
949 3495 1070 3551 cod.
1177 3501 1242 3548 14
1279 3485 1468 3565 οὗτος]
1508 3487 1682 3555 αὐτὸς
1717 3490 1771 3544 Π
1870 3495 1937 3545 23
1969 3484 2146 3546 αὐτὸν

240 3567 358 3620 ante
395 3557 735 3638 ἀποτρέπων
770 3567 922 3637 vulg.
1044 3573 1112 3621 27
1151 3561 1296 3620 καθ’
1338 3562 1510 3632 άιδην
1546 3562 1628 3623 D..

333 3662 585 3707 onnonus
612 3666 651 3708 1.
1760 3656 1826 3705 32
