2569 4061
347 253 480 317 242
1021 249 1331 306 DIODORI
1367 248 1601 305 SICULI

349 417 474 483 δον
510 414 845 500 γυμνάσαι
879 437 951 479 τε
995 421 1194 479 τοῦτο
1230 414 1350 478 καί
1379 434 1566 488 τινας
1599 422 1736 477 τῶν
1774 411 2041 496 ὁμόρων
2076 432 2278 476 κατα-

277 546 313 594 2
350 527 732 606 πολεμῆσαι.
804 517 1173 604 αὐξομένης
1211 514 1284 583 δὲ
1330 527 1448 602 τῆς
1482 515 1635 603 περὶ
1680 517 1891 601 αὐτὴν
1928 516 2166 603 ἀρετῆς
2202 539 2277 583 τε

347 624 459 694 καὶ
506 624 704 710 δόξης
748 636 1043 710 συνεχῶς
1097 622 1204 690 ἐπὶ
1256 627 1340 690 τὰ
1391 627 1819 710 πλησιόχωρα
1863 634 1999 689 τῶν
2048 623 2277 689 ἐθνῶν

349 733 764 818 στρατεύειν,
840 731 952 799 καὶ
1022 740 1139 816 τῆς
1208 732 1412 815 τύχης
1485 731 1855 814 εὐροούσης
1927 733 2279 816 φρονήμα-

347 864 461 917 τος
507 839 1029 927 ἐμπίμπλασθαι,
1078 837 1192 905 καὶ
1235 835 1581 921 θυγατέρα
1626 833 1749 921 μὲν
1781 836 2016 923 ’Ἀρεος
2065 836 2279 921 αὐτὴν
2306 859 2339 901 5

348 931 915 1033 προσαγορεῦσαι,
987 956 1129 1022 τοῖς
1200 938 1264 1010 δ’
1335 943 1623 1029 ἀνδράσι
1690 954 2087 1028 προσνεῖμαι
2159 944 2280 1020 τὰς

349 1055 863 1138 ταλασιουργίας
924 1049 1036 1117 καὶ
1089 1051 1207 1129 τὰς
1263 1061 1400 1116 τῶν
1452 1061 1792 1133 γυναικῶν
1844 1048 1986 1116 κατ’
2049 1056 2280 1126 οἴκους

352 1158 679 1245 ἐργασίας.
752 1159 1004 1241 νόμους
1036 1179 1108 1221 τε
1144 1157 1542 1240 καταδεῖξαι,
1581 1154 1669 1220 δι’
1715 1151 1812 1222 ὧν
1847 1156 1966 1233 τὰς
2003 1153 2125 1241 μὲν
2155 1179 2279 1239 γυ-

350 1274 586 1339 ναῖκας
629 1261 736 1328 ἐπὶ
781 1266 941 1340 τοὺς
984 1267 1383 1347 πολεμικοὺς
1428 1263 1690 1346 ἀγῶνας
1731 1264 2086 1348 προάγειν,
2138 1273 2281 1339 τοῖς

353 1368 415 1436 δ’
488 1370 774 1456 ἀνδράσι
835 1370 1238 1436 ταπείνωσιν
1310 1369 1423 1437 καὶ
1491 1371 1805 1436 δουλείαν
1876 1371 2277 1456 περιάπτειν.
2311 1393 2368 1432 10

287 1498 319 1545 3
357 1486 493 1541 τῶν
540 1473 615 1542 δὲ
667 1475 1108 1562 γεννωμένων
1151 1480 1311 1553 τοὺς
1354 1473 1478 1561 μὲν
1523 1478 1805 1562 ἄρρενας
1860 1475 2156 1563 ἐπήρουν
2197 1477 2280 1541 τά

354 1577 441 1649 τε
462 1581 659 1667 σκέλη
696 1581 809 1649 καὶ
844 1584 1003 1661 τοὺς
1037 1585 1418 1669 βραχίονας,
1466 1581 1837 1669 ἀχρήστους
1876 1582 2280 1649 κατασκευά-

356 1693 576 1768 ζοντες
619 1691 786 1776 πρὸς
829 1691 946 1766 τὰς
989 1690 1349 1780 πολεμικὰς
1393 1691 1646 1773 χρείας,
1696 1698 1832 1754 τῶν
1878 1685 1953 1754 δὲ
1997 1695 2281 1772 θηλυτε-

355 1807 494 1881 ρῶν
538 1798 659 1862 τὸν
705 1796 928 1875 δεξιὸν
973 1798 1227 1880 μαστὸν
1272 1794 1585 1879 ἐπέκαον,
1637 1797 1751 1861 ἵνα
1803 1797 1892 1882 μὴ
1947 1798 2113 1862 κατὰ
2166 1799 2283 1874 τὰς

356 1901 565 1987 ἀκμὰς
617 1912 753 1967 τῶν
816 1902 1141 1986 σωμάτων
1206 1901 1640 1989 ἐπαιρόμενος
1703 1902 1968 1988 ἐνοχλῇ·
2034 1901 2150 1988 ἀφ’
2202 1898 2283 1986 ἧς
2314 1925 2369 1966 15

246 2005 253 2012 ’
356 2011 569 2087 αἰτίας
624 2011 958 2095 συμβῆναι
1020 2009 1095 2074 τὸ
1155 2010 1361 2087 ἔθνος
1421 2020 1558 2083 τῶν
1605 2007 1981 2095 Ἀμαζόνων
2042 2010 2283 2096 ταύτης

284 2136 317 2184 4
353 2125 578 2200 τυχεῖν
622 2124 740 2199 τῆς
782 2117 1248 2202 προσηγορίας.
1339 2118 1642 2182 καθόλου
1688 2112 1764 2181 δὲ
1809 2114 2267 2202 διαφέρουσαν
2288 2143 2395 2192 157

361 2221 571 2304 αὐτὴν
617 2220 884 2287 συνέσει
928 2219 1042 2287 καὶ
1097 2224 1458 2310 στρατηγίᾳ
1501 2224 1699 2287 πόλιν
1745 2217 1868 2304 μὲν
1910 2224 2129 2287 κτίσαι
2174 2245 2284 2307 με·

359 2328 574 2411 γάλην
626 2329 806 2413 παρὰ
867 2329 984 2404 τὰς
1038 2327 1315 2411 ἐκβολὰς
1375 2336 1498 2393 τοῦ
1554 2328 2032 2414 Θερμώδοντος
2084 2351 2284 2394 ποτα-

361 2442 513 2518 μοῦ,
560 2433 857 2516 τοῦνομα
896 2435 1341 2518 Θεμίσκυραν,
1388 2433 1500 2499 καὶ
1545 2437 1849 2518 βασίλεια
1884 2435 2284 2501 κατασκευά-
2313 2459 2370 2498 20

357 2555 469 2603 σαι
520 2541 914 2623 περιβόητα,
978 2540 1144 2603 κατὰ
1200 2534 1275 2604 δὲ
1328 2540 1446 2616 τὰς
1509 2545 1852 2627 στρατείας
1907 2540 2284 2627 ἐπιμελομέ-

356 2666 485 2726 νην
536 2646 711 2709 πολὺ
765 2652 883 2728 τῆς
935 2642 1238 2722 εὐταξίας
1290 2647 1365 2711 τὸ
1430 2642 1553 2730 μὲν
1604 2658 1873 2733 πρῶτον
1926 2654 2283 2714 καταπολε-

357 2757 561 2834 μῆσαι
621 2750 875 2828 πάντας
934 2752 1093 2831 τοὺς
1158 2751 1449 2838 ὁμόρους
1510 2752 1700 2840 μέχρι
1762 2764 1884 2820 τοῦ
1957 2756 2286 2832 Τανάιδος

286 2877 319 2926 5
355 2864 674 2941 ποταμοῦ.
747 2853 860 2939 καὶ
895 2859 1146 2943 ταύτην
1191 2857 1316 2944 μέν
1360 2876 1530 2943 φασι
1572 2861 1816 2938 ταύτας
1858 2862 1976 2940 τὰς
2019 2860 2286 2945 πράξεις

359 2961 910 3049 ἐπιτελεσαμένην
953 2961 1065 3031 καὶ
1110 2967 1275 3031 κατά
1319 2988 1472 3031 τινα
1508 2968 1726 3051 μάχην
1763 2973 2078 3055 λαμπρῶς
2114 2969 2283 3052 ἄγω·
2312 2990 2369 3031 25

253 3072 339 3137 46
359 3068 727 3155 νισαμένην
772 3070 1074 3157 ἡρωικῶς
1125 3077 1511 3156 τελευτῆσαι
1555 3075 1674 3138 τὸν
1719 3075 1890 3156 βίον.
1983 3075 2284 3155 διαδεξα-

362 3176 571 3261 μένην
627 3172 702 3242 δὲ
755 3177 879 3261 τὴν
923 3179 1166 3263 ταύτης
1217 3176 1560 3265 θυγατέρα
1612 3180 1736 3264 τὴν
1789 3183 2135 3264 βασιλείαν
2181 3185 2285 3266 ζη-

503 3372 537 3420 5
575 3363 786 3437 ἑαυτὴν
821 3370 976 3440 vulg.
1053 3377 1116 3424 11
1164 3369 1389 3438 πηροῦν
1426 3369 1745 3438 Stephanus
1819 3378 1885 3426 12
1932 3391 2286 3428 κατασκευα-

360 3433 567 3516 ζούσας
595 3437 772 3492 Cobet
845 3446 912 3494 14
950 3437 1231 3496 ἐπικαίειν
1259 3440 1314 3493 11
1388 3444 1455 3494 15
1493 3436 1680 3509 ἀκμὰς
1717 3441 1961 3498 Dindorf
1983 3442 2085 3512 (111
2105 3450 2191 3512 53,
2211 3447 2287 3511 3),

360 3519 544 3568 μακας
580 3507 800 3563 codices
910 3515 978 3563 25
1019 3507 1461 3579 ἐντελεσαμένην
1498 3511 1546 3564 D
1656 3516 1725 3567 26
1765 3511 1869 3568 τὸν
1905 3515 2031 3584 βίον
2069 3531 2177 3569 om.
2215 3513 2284 3568 Π.
