2569 4061
1074 273 1151 327 1V
1190 279 1272 328 33.
1308 279 1392 328 34.
2062 274 2193 339 451

270 434 549 521 ἀνδρείᾳ
595 433 967 521 διαφέρων,
1015 433 1344 519 παρέλαβε
1390 438 1679 512 πολλοὺς
1725 446 1859 501 τῶν
1906 436 2196 521 ἀρίστων

270 538 378 606 ἐπὶ
433 542 556 624 τὴν
610 541 854 606 τούτου
909 530 1258 625 κυνηγίαν.
1347 542 1617 625 πρώτου
1674 539 1747 607 δὲ
1793 543 2195 628 Μελεάγρου

268 647 344 712 τὸ
399 648 649 730 θηρίον
707 646 1207 730 ἀκοντίσαντος,
1275 645 1817 731 ὁμολογούμενον
1881 650 2059 736 αὐτῷ
2116 652 2192 715 τὸ

269 763 596 837 πρωτεῖον
660 755 1129 839 συνεχωρήθη·
1194 760 1393 818 τοῦτο
1459 751 1520 817 δ’
1582 748 1668 836 ἧν
1731 753 1771 835 ἡ
1840 756 2007 840 δορὰ
2070 765 2193 821 τοῦ

214 874 240 915 5
274 855 458 946 ζῴου.
551 860 951 944 μετεχούσης
998 854 1071 923 δὲ
1117 865 1232 940 τῆς
1275 859 1599 942 κυνηγίας
1638 852 2032 942 Ἀταλάντης
2075 869 2192 942 τῆς
2230 888 2265 936 4

266 963 626 1048 Σχοινέως,
675 963 985 1050 ἐρασθεὶς
1022 964 1226 1047 αὐτῆς
1263 963 1299 1029 ὁ
1337 963 1729 1051 Μελέαγρος
1765 966 2195 1051 παρεχώρησε

265 1079 381 1154 τῆς
446 1073 650 1156 δορᾶς
714 1069 825 1135 καὶ
883 1080 1006 1135 τοῦ
1069 1072 1234 1134 κατὰ
1297 1071 1422 1153 τὴν
1492 1071 1834 1156 ἀριστείαν
1898 1071 2193 1139 ἐπαίνου.

156 1175 374 1246 28οἐπὶ
411 1174 485 1243 δὲ
530 1189 670 1255 τοῖς
707 1183 1108 1262 πραχθεῖσιν
1155 1179 1227 1243 οἰ
1261 1180 1542 1243 Θεστίου
1588 1181 1820 1256 παῖδες
1861 1195 2195 1264 συγκυνη-

264 1293 541 1367 γοῦντες
585 1270 1074 1367 ἠγανάκτησαν,
1123 1284 1223 1349 ὅτι
1264 1282 1463 1369 ξένην
1508 1296 1793 1368 γυναῖκα
1840 1290 2193 1373 προετίμη-

184 1406 238 1445 10
267 1407 384 1455 σεν
449 1390 705 1472 αὐτῶν,
769 1388 1209 1475 παραπέμψας
1271 1392 1396 1474 τὴν
1463 1393 1845 1475 οἰκειότητα.
1958 1395 2188 1480 διόπερ

266 1496 669 1582 ἀκυροῦντες
712 1505 835 1561 τοῦ
872 1496 1274 1580 Μελεάγρου
1319 1497 1444 1579 τὴν
1483 1498 1741 1583 δωρεὰν
1780 1499 2192 1584 ἐνήδρευσαν
2297 1508 2305 1514 ’

255 1599 649 1688 Ἀταλάντῃ,
713 1600 825 1667 καὶ
875 1604 1042 1666 κατὰ
1105 1603 1228 1684 τὴν
1294 1604 1390 1678 εἰς
1439 1599 1792 1689 Ἀρκαδίαν
1857 1605 2189 1672 ἐπάνοδον

259 1706 647 1792 ἐπιθέμενοι
709 1710 833 1792 τὴν
897 1709 1107 1793 δορὰν
1171 1708 1548 1792 ἀφείλοντο.
1657 1706 2047 1796 Μελέαγρος
2113 1709 2185 1777 δὲ
2226 1736 2259 1786 5
2329 1724 2345 1731 “

264 1814 377 1879 διά
414 1837 483 1879 τε
528 1816 648 1879 τὸν
686 1816 853 1900 πρὸς
897 1815 1022 1897 τὴν
1061 1811 1465 1898 Ἀταλάντην
1504 1816 1716 1900 ἔρωτα
1760 1813 1869 1880 καὶ
1910 1818 2022 1881 διὰ
2065 1820 2187 1901 τὴν

181 1934 234 1975 15
262 1921 530 2005 ἀτιμίαν
575 1921 1054 2006 παροξυνθείς,
1101 1921 1434 2004 ἐβοήθησε
1489 1929 1569 2006 τῇ
1608 1919 1987 2008 Ἀταλάντῃ.
2077 1923 2189 1990 καὶ

259 2030 334 2093 τὸ
368 2025 489 2112 μὲν
524 2039 792 2114 πρῶτον
820 2027 1176 2112 παρεκάλει
1211 2030 1370 2105 τοὺς
1401 2026 1777 2114 ἡρπακότας
1814 2027 2187 2097 ἀποδοῦναι

259 2141 341 2218 τῇ
385 2133 651 2215 γυναικὶ
686 2136 761 2199 τὸ
802 2132 1013 2199 δοθὲν
1050 2134 1411 2219 ἀριστεῖον·
1451 2135 1541 2212 ὡς
1588 2132 1648 2200 δ’
1686 2136 1768 2200 οὐ
1805 2148 2185 2222 προσεῖχον,

244 2224 643 2306 ’ἀπέκτεινεν
706 2240 980 2324 αὐτούς,
1044 2242 1240 2317 ὄντας
1299 2249 1415 2324 τῆς
1462 2238 1776 2319 Ἀλθαίας
1834 2243 2182 2327 ἀδελφούς.

263 2346 494 2431 διόπερ
550 2346 590 2428 ἡ
644 2344 769 2431 μὲν
807 2341 1087 2412 Ἀλθαία
1140 2344 1468 2431 γενομένη
1523 2349 1881 2434 περιαλγὴς
1936 2349 2043 2415 ἐπὶ
2100 2360 2183 2438 τῇ

182 2465 235 2505 20
261 2460 397 2515 τῶν
436 2450 737 2536 ὁμαίμων
774 2437 1109 2538 ἀναιρέσει
1146 2452 1311 2539 ἀρὰς
1348 2456 1567 2537 ἔθετο,
1595 2450 1751 2520 καθ’
1788 2455 1865 2533 ἃς
1899 2456 2186 2539 ἠξίωσεν

257 2557 627 2623 ἀποθανεῖν
663 2558 1087 2644 Μελέαγρον*
1128 2557 1238 2625 καὶ
1273 2562 1431 2637 τοὺς
1470 2560 1852 2639 ἀθανάτους
1887 2563 2183 2629 ὑπακού-

255 2681 500 2741 σαντας
538 2664 912 2747 ἐπενεγκεῖν
958 2666 1134 2754 αὐτῷ
1172 2667 1297 2749 τὴν
1334 2676 1457 2732 τοῦ
1497 2671 1654 2751 βίου
1689 2675 2179 2756 καταστροφήν.

253 2773 422 2837 ἔνιοι
470 2767 544 2836 δὲ
579 2775 1087 2855 μυθολογοῦσιν
1125 2772 1225 2837 ὅτι
1263 2774 1427 2838 κατὰ
1473 2775 1596 2857 τὴν
1631 2776 2031 2862 Μελεάγρου
2068 2777 2174 2860 γέ-
2218 2801 2249 2848 6

251 2894 440 2943 νεσιν
485 2886 563 2963 τῇ
596 2876 877 2965 Ἀλθαία
922 2879 1038 2954 τὰς
1073 2881 1342 2964 Μοίρας
1377 2878 1536 2945 καθ’
1572 2880 1791 2946 ῧπνον
1828 2881 2180 2960 ἐπιστάσας

173 2996 225 3037 25
254 2985 464 3047 εἰπεῖν
513 2983 614 3047 ὅτι
650 2987 796 3049 τότε
841 2986 1216 3068 τελευτήσει
1254 2986 1647 3073 Μελεάγρος
1683 2988 1719 3052 ὁ
1760 2989 1908 3063 υίὸς
1954 2988 2177 3071 αὐτῆς,

253 3088 416 3153 ὅταν
481 3087 517 3153 ὁ
583 3091 783 3166 δαλὸς
844 3097 1250 3177 κατακαυθῇ.
1347 3095 1578 3179 διόπερ
1643 3101 1999 3177 τεκοῦσαν,
2063 3091 2176 3158 καὶ

254 3196 629 3278 νομίσασαν
676 3195 749 3261 ἐν
794 3206 873 3283 τῇ
919 3207 1041 3263 τοῦ
1089 3199 1298 3263 δαλοῦ
1359 3204 1623 3284 φυλακῇ
1668 3199 1792 3282 τὴν
1838 3200 2175 3284 σωτηρίαν

432 3392 461 3441 1
501 3382 776 3458 ἀριστέων
812 3390 866 3444 ΙΙ
1040 3397 1106 3445 10
1143 3386 1672 3460 παραπεμψάμενος
1707 3391 1756 3443 D
1930 3396 1995 3444 12
2031 3385 2178 3444 Ἀτα-

247 3458 458 3546 λάντην
504 3460 556 3513 II
703 3456 1022 3533 Ἀρκαδίαν]
1081 3455 1257 3530 αὐτῆς
1309 3462 1434 3516 add.
1486 3461 1534 3516 G'
1710 3466 1777 3514 14
1827 3458 1929 3548 τὴν
1978 3478 2086 3517 om.
2126 3462 2174 3515 D

249 3535 319 3584 24
356 3549 572 3595 υπνους
607 3532 761 3601 vulg.
909 3538 977 3588 25
1026 3527 1114 3589 ὅτι
1152 3548 1259 3589 om.
1303 3532 1411 3587 OF
1550 3536 1618 3586 25
1664 3537 2015 3602 τελευτήσειν
2057 3531 2172 3588 OF.

1525 3641 1530 3644 ‘
1639 3620 1739 3675 29*
