2569 4061
1071 336 1150 391 ΠΙ
1187 342 1272 391 39.
1304 342 1390 391 40.
2092 337 2223 401 325

294 491 339 586 ᾗ
385 501 582 589 τόπῳ.
658 499 728 563 οἰ
770 495 843 563 δὲ
878 499 1346 583 νησοφύλακες
1379 501 1601 585 κλήρῳ
1641 496 2032 585 διῃρημένοι
2067 501 2225 576 τοὺς
2262 519 2294 567 9

294 607 541 681 τόπους
593 602 1063 691 ἐφεδρεύουσι,
1118 601 1232 669 καὶ
1284 611 1376 692 τῷ
1433 600 1712 687 φανέντι
1757 605 1931 692 λίθῳ
1978 624 2224 690 περιτι-

294 708 497 776 θέασι
556 711 834 793 σημείου
886 710 1084 795 χάριν
1139 711 1347 794 ἄγγος
1396 714 1790 793 τηλικοῦτον
1847 709 2081 792 ἡλίκον
2140 709 2225 777 ἂν

294 810 339 903 ᾖ
384 819 459 883 τὸ
506 815 790 901 μέγεθος
833 824 956 881 τοῦ
1002 817 1390 899 στίλβοντος
1435 817 1667 881 λίθου·
1711 823 1827 898 τῆς
1874 812 1934 878 δ’
1978 815 2226 901 ἡμέρας

243 941 269 982 5
297 925 664 1009 περιιόντες
707 918 1177 1007 περιτέμνουσι
1212 923 1333 987 τὸν
1371 916 1831 1006 σημειωθέντα
1867 923 2075 986 τόπον
2110 931 2227 1005 τῆς

294 1028 556 1116 πέτρας,
602 1025 715 1095 καὶ
758 1029 1205 1114 παραδιδόασι
1249 1036 1392 1104 τοῖς
1438 1029 1550 1092 διὰ
1596 1036 1710 1112 τῆς
1753 1025 1988 1111 τέχνης
2024 1028 2227 1093 δυνα-

296 1134 522 1221 μένοις
567 1134 930 1201 ἐκλεαίνειν
975 1135 1049 1199 τὸ
1095 1131 1486 1220 παραδοθὲν
1532 1135 1804 1212 οἰκείως.

476 1241 1036 1328 Παραπλεύσαντι
1082 1236 1157 1305 δὲ
1200 1242 1481 1318 τούτους
1523 1242 1682 1317 τοὺς
1725 1243 1971 1318 τόπους
2013 1241 2227 1305 πολλὰ
2245 1241 2333 1304 40

296 1345 419 1433 μὲν
458 1345 923 1432 Ἰχθυοφάγων
968 1348 1138 1429 ἔθνη
1184 1357 1482 1412 κατοικεῖ
1511 1348 1634 1431 τὴν
1670 1348 2021 1430 παράλιον,
2066 1351 2226 1415 πολ-

215 1472 269 1512 10
296 1452 404 1521 λοὶ
442 1451 517 1519 δὲ
562 1453 849 1538 νομάδες
902 1453 1392 1538 Τρωγλοδύται.
1463 1454 1630 1541 πρὸς
1676 1450 1750 1519 δὲ
1793 1455 2056 1531 τούτοις
2101 1455 2224 1540 ὅρη

295 1569 582 1625 παντοῖα
633 1569 778 1635 ταῖς
834 1560 1161 1641 ἰδιότησιν
1214 1557 1496 1643 ὑπάρχει
1549 1555 1739 1644 μέχρι
1794 1558 2059 1644 λιμένος
2103 1569 2226 1626 τοῦ

296 1661 963 1751 προσαγορευθέντος
1016 1667 1375 1750 σωτηρίας,
1435 1663 1509 1741 ὃς
1567 1666 1754 1748 ἔτυχε
1810 1674 1926 1749 τῆς
1984 1666 2226 1750 ὀνομα-

299 1754 446 1847 σίας
503 1770 746 1854 ταύτης
804 1769 932 1835 ἀπὸ
991 1780 1127 1836 τῶν
1180 1771 1464 1858 πρώτων
1518 1771 1949 1836 πλευσάντων
1982 1771 2226 1855 ,Ἑλλή-

296 1900 438 1942 νων
482 1874 595 1941 καὶ
641 1876 1133 1942 διασωθέντων.
1228 1876 1356 1942 ἀπὸ
1404 1873 1479 1942 δὲ
1523 1878 1782 1943 τούτων
1824 1888 1960 1943 τῶν
2005 1887 2227 1964 μερῶν
2264 1899 2296 1948 2

216 2002 269 2043 15
297 1985 564 2071 ἄρχεται
630 1983 1031 2068 συναγωγὴν
1094 1983 1459 2068 λαμβάνειν
1523 1983 1560 2050 ὁ
1622 1986 1868 2061 κόλπος
1929 1981 2040 2052 καὶ
2103 1984 2226 2067 τὴν

299 2089 709 2177 ἐπιστροφὴν
765 2088 871 2156 ἐπὶ
923 2092 1007 2155 τὰ
1059 2091 1224 2155 κατὰ
1277 2092 1402 2175 τὴν
1449 2087 1764 2177 Ἀραβίαν
1810 2090 1974 2176 μέρη
2020 2100 2226 2156 ποιεῖ-

299 2203 480 2262 σθαι.
571 2194 683 2263 καὶ
734 2197 857 2280 τὴν
913 2197 1123 2281 φύσιν
1179 2192 1254 2262 δὲ
1307 2205 1424 2280 τῆς
1476 2198 1695 2283 χώρας
1738 2193 1849 2262 καὶ
1893 2198 2227 2280 θαλάττης

299 2303 574 2370 ἀλλοίαν
629 2298 803 2369 εἶναι
850 2301 1222 2387 συμβέβηκε
1269 2304 1383 2368 διὰ
1426 2304 1551 2387 τὴν
1599 2305 1895 2386 ἰδιότητα
1939 2314 2075 2369 τῶν
2119 2307 2226 2368 τό-

297 2430 471 2475 πων·
525 2411 567 2492 ἥ
613 2433 685 2476 τε
729 2411 857 2497 γὰρ
902 2411 1175 2496 ἤπειρος
1228 2410 1504 2493 ταπεινὴ
1559 2415 1962 2496 καθορᾶται,
2018 2410 2225 2495 μηδα-
2264 2431 2297 2479 3

217 2551 273 2592 20
301 2517 515 2597 μόθεν
579 2516 1036 2600 ἀναστήματος
1097 2513 1579 2602 ὑπερκειμένου
1594 2564 1614 2598 ,
1686 2516 1730 2598 ἤ
1793 2538 1863 2580 τε
1927 2516 2226 2582 θάλαττα

188 2643 297 2693 207
317 2621 694 2705 τεναγώδης
731 2616 899 2687 οὖσα
925 2623 1001 2687 τὸ
1029 2623 1246 2706 βάθος
1274 2622 1358 2687 οὐ
1383 2620 1588 2688 πλέον
1615 2621 1987 2709 εὑρίσκεται
2023 2635 2227 2711 τριῶν

299 2725 614 2811 ὀργυιῶν,
633 2726 746 2793 καὶ
770 2736 850 2813 τῇ
877 2730 1044 2816 χρόᾳ
1070 2732 1409 2805 παντελῶς
1434 2727 1714 2815 ὑπάρχει
1741 2730 1980 2816 χλωρά.
2028 2738 2225 2796 τοῦτο

298 2827 361 2896 δ’
412 2834 579 2919 αὐτῇ
627 2851 794 2919 φασι
840 2838 1235 2918 συμβαίνειν
1282 2834 1364 2900 οὐ
1412 2836 1525 2899 διὰ
1560 2837 1635 2900 τὸ
1672 2836 1795 2919 τὴν
1831 2846 1965 2901 τῶν
1998 2836 2227 2922 ὑγρῶν

297 2940 508 3025 φύσιν
555 2936 728 3006 εἶναι
771 2942 1110 3025 τοιαύτην,
1159 2940 1326 3007 ἀλλὰ
1373 2942 1484 3006 διὰ
1521 2943 1595 3005 τὸ
1632 2947 1893 3025 πλῆθος
1928 2949 2049 3006 τοῦ
2088 2942 2223 3006 δια-

215 3082 269 3124 25
298 3044 716 3131 φαινομένου
772 3043 933 3113 καθ’
985 3047 1231 3125 ὕδατος
1289 3049 1489 3131 μνίου
1546 3044 1658 3112 καὶ
1717 3048 1992 3131 φύκους.
2083 3058 2226 3122 ταῖς
2261 3067 2297 3114 4

297 3149 421 3237 μὲν
477 3147 603 3218 οὖν
657 3152 1012 3230 ἐπικώποις
1066 3164 1203 3219 τῶν
1254 3165 1430 3218 νεῶν
1485 3154 1761 3229 εὔθετός
1811 3152 1990 3217 ἐστιν
2036 3150 2072 3215 ὁ
2119 3153 2225 3215 τό-

297 3278 450 3341 πος,
505 3259 818 3324 κλύδωνα
872 3256 995 3344 μὲν
1051 3259 1174 3328 οὐκ
1229 3258 1301 3324 ἐκ
1354 3264 1608 3325 πολλοῦ
1662 3260 1912 3323 κυλίων
1960 3256 2227 3339 διαστή-

299 3387 533 3450 ματος,
590 3368 816 3453 θήραν
875 3363 935 3430 δ’
994 3366 1253 3450 ἰχθύων
1299 3366 1593 3430 ἄπλατον
1638 3366 2110 3450 παρεχόμενος·
2157 3362 2232 3425 αἰ

446 3527 477 3575 9
521 3520 667 3591 ἔθνη
704 3518 1097 3609 Ἰχθυοφάγων
1125 3523 1281 3591 vulg.
1362 3528 1424 3576 12
1459 3521 1703 3588 σωτῆρος
1734 3519 1782 3574 G
1849 3524 1916 3573 28
1943 3512 2135 3585 θήραν
2159 3546 2224 3557 —

298 3587 582 3663 ἄπλατον]
622 3589 907 3661 θήρας-
934 3589 1221 3655 απλάτους
1255 3591 1369 3647 AB.
