2569 4061
496 297 630 363 510
1164 290 1471 350 DIODORI
1508 290 1740 347 SICULI

496 458 748 541 γάμους
797 457 918 521 τόν
972 478 1043 521 τε
1091 452 1316 539 Θησέα
1367 452 1479 520 καὶ
1532 456 1689 531 τοὺς
1734 452 2210 539 Κενταύρους,
2286 455 2506 540 φασὶ

494 560 964 648 μεθυσθέντας
1010 559 1446 647 ἐπιβαλέσθαι
1490 570 1633 638 ταῖς
1680 557 2110 645 κεκλημέναις
2158 562 2499 643 γυναιξὶ

493 666 604 734 καὶ
651 670 766 756 βίᾳ
811 672 1199 754 μίσγεσθαι,
1249 669 1361 733 διὰ
1408 664 1483 733 δὲ
1535 667 1660 751 τὴν
1705 669 2130 753 παρανομίαν
2195 671 2353 733 τόν
2411 694 2490 735 τε

497 774 721 860 Θησέα
775 773 885 841 καὶ
940 777 1098 852 τοὺς
1142 777 1459 851 Λαπίθας
1497 771 2056 863 παροξυνθέντας
2114 773 2261 839 οὐκ
2321 776 2484 843 ὀλί-

496 905 662 965 γους
706 877 830 966 μὲν
876 881 1158 965 ἀνελεῖν,
1204 883 1364 957 τοὺς
1410 877 1485 946 δὲ
1521 882 1798 957 λοιποὺς
1845 879 2149 962 ἐκβαλεῖν
2208 880 2295 945 ἐκ
2345 892 2481 966 τῆς
2505 899 2526 938 5

424 1009 460 1058 4
496 991 766 1065 πόλεως.
833 989 946 1054 διὰ
992 983 1065 1053 δὲ
1109 988 1361 1072 ταύτην
1403 987 1531 1070 τὴν
1576 987 1795 1051 αἰτίαν
1840 995 1976 1051 τῶν
2013 988 2474 1075 Κενταύρων

496 1093 827 1180 πανδημεὶ
865 1094 1410 1180 στρατευσάντων
1447 1090 1554 1159 ἐπὶ
1579 1095 1738 1169 τοὺς
1766 1093 2080 1169 Λαπίθας
2115 1091 2241 1158 καὶ
2282 1102 2467 1162 πολ-

498 1203 659 1278 λοὺς
723 1199 1129 1283 ἀνελόντων,
1194 1204 1354 1277 τοὺς
1415 1198 1954 1284 ὑπολειφθέντας
2016 1210 2279 1283 φυγεῖν
2358 1205 2461 1278 εἰς

503 1307 772 1387 Φολόην
823 1313 940 1388 τῆς
979 1299 1356 1390 Ἀρκαδίας,
1414 1305 1600 1382 τέλος
1646 1302 1707 1369 δ’
1761 1306 1856 1381 εἰς
1901 1303 2188 1370 Μαλέαν
2248 1306 2456 1373 ἐκπε-

499 1412 738 1487 σόντας
794 1409 1090 1476 ἐνταῦθα
1149 1422 1553 1498 κατοικῆσαι.
1644 1414 1802 1488 τοὺς
1861 1407 1936 1476 δὲ
1989 1414 2452 1499 Κενταύρους
2476 1430 2514 1468 1⁰

496 1516 1062 1604 μετεωρισθέντας
1113 1529 1254 1596 τοῖς
1299 1522 1778 1606 προτερήμασι,
1833 1518 1945 1586 καὶ
1991 1520 2444 1606 ὁρμωμένους

496 1622 571 1689 ἐκ
614 1632 730 1709 τῆς
782 1628 1073 1709 Φολόης,
1120 1622 1438 1711 λῄζεσθαι
1490 1629 1649 1703 τοὺς
1693 1629 2055 1712 παριόντας
2104 1637 2247 1692 τῶν
2286 1625 2437 1694 ‘Ea-

497 1734 723 1817 λήνων
767 1730 878 1797 καὶ
923 1736 1214 1808 πολλοὺς
1256 1742 1394 1797 τῶν
1438 1734 1796 1818 περιοίκων
1843 1733 2161 1819 ἀναιρεῖν.

392 1844 472 1909 71
680 1839 953 1903 Τούτων
1004 1836 1069 1903 δ’
1121 1838 1282 1923 ἡμῖν
1340 1837 1907 1924 διευκρινημένων
1960 1842 2429 1924 πειρασόμεθα

497 1947 798 2010 διελθεῖν
833 1942 988 2028 περὶ
1027 1942 1426 2028 Ἀσκληπιοῦ
1460 1941 1570 2010 καὶ
1616 1955 1753 2010 τῶν
1790 1944 2134 2028 ἀπογόνων
2177 1943 2421 2011 αὐτοῦ.
2454 1959 2495 2000 1⁵

495 2057 959 2136 μυθολογοῦσι
1028 2054 1263 2118 τοίνυν
1317 2048 1723 2137 Ἀσκληπιὸν
1780 2047 2185 2128 ’Λπόλλωνος
2256 2053 2421 2118 υἱὸν

494 2157 820 2244 ὑπάρχειν
873 2157 984 2224 καὶ
1047 2160 1471 2245 Κορωνίδος,
1532 2159 1734 2243 φύσει
1798 2155 1872 2224 δὲ
1936 2157 2048 2224 καὶ
2111 2158 2416 2248 ἀγχινοίᾳ

497 2265 923 2348 διενεγκόντα
982 2269 1265 2350 ζηλῶσαι
1319 2267 1442 2349 τὴν
1502 2266 1804 2351 ἰατρικὴν
1859 2264 2253 2349 ἐπιστήμην,
2303 2263 2411 2330 καὶ

496 2373 709 2438 πολλὰ
762 2383 898 2437 τῶν
951 2375 1439 2439 συντεινόντων
1492 2373 1658 2458 πρὸς
1712 2372 1972 2455 ὑγίειαν
2031 2370 2406 2457 ἀνθρώπων

497 2477 807 2565 ἐξευρεῖν.
898 2477 1006 2545 ἐπὶ
1059 2487 1342 2545 τοσοῦτο
1400 2475 1475 2544 δὲ
1517 2480 1848 2564 προβῆναι
1902 2486 1983 2563 τῇ
2032 2477 2190 2565 δόξῃ
2244 2479 2402 2544 ὥστε
2425 2494 2469 2534 2⁰

493 2588 784 2661 πολλοὺς
837 2597 974 2650 τῶν
1029 2585 1560 2669 ἀπεγνωσμένων
1614 2585 1977 2671 ἀρρώστων
2029 2586 2403 2671 παραδόξως

493 2691 918 2774 θεραπεύειν,
972 2688 1083 2755 καὶ
1131 2691 1243 2755 διὰ
1286 2700 1486 2757 τοῦτο
1532 2694 1821 2768 πολλοὺς
1867 2692 2093 2757 δοκεῖν
2136 2702 2266 2756 τῶν
2306 2715 2400 2758 τε-
2517 2726 2518 2739 ¹

424 2817 457 2868 2
495 2796 981 2878 τελευτηκότων
1043 2805 1262 2860 ποιεῖν
1320 2796 1523 2861 πάλιν
1589 2800 1848 2875 ζῶντας.
1950 2798 2057 2863 διὸ
2122 2796 2228 2863 καὶ
2287 2801 2397 2864 τὸν

496 2899 621 2989 μὲν
650 2900 887 2986 ’Ἅιδην
923 2906 1430 2987 μυθολογοῦσιν
1470 2902 1876 2986 ἐγκαλοῦντα
1912 2905 2004 2992 τῷ
2045 2900 2393 2993 Ἀσκληπιῷ

495 3012 901 3096 κατηγορίαν
937 3009 1146 3075 αὐτοῦ
1181 3012 1593 3095 ποιήσασθαι
1629 3011 1795 3097 πρὸς
1837 3012 1957 3076 τὸν
1992 3013 2131 3076 Δία
2176 3012 2255 3088 ὡς
2287 3024 2393 3095 τῆς
2416 3028 2460 3068 2⁵

498 3100 810 3205 ἐπαρχίας
872 3118 1082 3183 αὐτοῦ
1134 3116 1678 3202 ταπεινουμένης·
1746 3116 2057 3195 ἐλάττους
2120 3119 2237 3205 γὰρ
2296 3117 2390 3185 ἀεὶ

498 3227 810 3306 γίνεσθαι
855 3227 1013 3306 τοὺς
1056 3226 1616 3308 τετελευτηκότας,
1662 3223 2236 3310 θεραπευομένους
2264 3224 2386 3291 ὑπὸ
2511 3294 2512 3319 ¹

674 3422 706 3469 5
747 3412 808 3470 ἐκ
847 3433 955 3471 om.
998 3415 1107 3471 OF
1266 3424 1299 3472 9
1341 3413 1584 3487 Φολόην]
1628 3412 1846 3486 φολόην
1885 3411 2050 3472 ἐνεὸν
2089 3415 2151 3484 G,
2189 3414 2381 3473 Φενεὸν
2505 3380 2510 3511 Λ

493 3485 650 3540 Eich.
767 3484 925 3548 τέλος
961 3487 1186 3556 Wurm,
1223 3484 1384 3550 τινὰς
1420 3486 1495 3556 D,
1534 3486 1685 3551 τινες
1720 3485 1773 3541 11
1921 3483 2240 3550 ἐκπεσόντες
2272 3483 2391 3543 ἐκεῖ

493 3550 826 3623 κατῴκησαν
862 3555 915 3607 II
1059 3563 1128 3611 26
1166 3553 1257 3611 ἀεὶ
1296 3573 1403 3613 om.
1441 3557 1506 3614 D.

2503 3642 2508 3695 ψ

2481 3732 2506 3919 j
