2569 4061
343 234 471 300 176
1020 229 1328 286 DIODORI
1365 228 1601 284 SICULI

341 407 433 485 τῷ
478 397 707 479 Σίμμα
760 391 871 458 καὶ
916 395 1267 477 θεωρήσας
1321 393 1444 474 τὴν
1487 393 1864 477 Σεμίραμιν
1914 390 2258 476 ἐθηρεύθη

342 510 433 588 τῷ
486 501 739 564 κάλλει·
805 500 911 564 διὸ
967 495 1078 564 καὶ
1133 507 1254 564 τοῦ
1308 501 1537 582 Σίμμα
1591 495 2025 581 καταδεηθεὶς
2082 497 2260 585 αὐτῷ

346 607 585 670 δοῦναι
629 607 752 689 τὴν
788 603 1134 690 παρθένον
1179 606 1274 681 είς
1319 604 1533 687 γάμον
1569 606 1879 687 ἔννομον,
1925 603 2263 688 ἀπήγαγεν

347 711 555 796 αὐτὴν
601 714 696 789 είς
740 715 993 794 Νίνον,
1040 709 1151 776 καὶ
1194 714 1409 794 γήμας
1463 709 1774 794 ἐγέννησε
1822 710 1946 775 δύο
2001 712 2262 793 παῖδας,

275 839 307 886 2
338 815 665 902 Ὑαπάτην
709 816 823 884 καὶ
859 816 1207 900 Ὑδάσπην.
1299 826 1415 900 τῆς
1462 814 1537 881 δὲ
1582 816 2034 902 Σεμιράμιδος
2079 816 2265 900 ἐχού-
2292 832 2319 873 5

350 941 470 1007 σης
522 924 636 990 καὶ
680 926 886 989 τᾶλλα
942 923 1286 989 ἀκόλουθα
1329 932 1408 1008 τῇ
1465 921 1616 1007 περὶ
1660 925 1784 1007 τὴν
1835 924 1993 1001 ὄψιν
2037 922 2269 1007 εὐπρε-

349 1033 529 1117 πεία,
597 1028 949 1113 συνέβαινε
1004 1030 1122 1093 τὸν
1182 1030 1395 1109 ἄνδρα
1449 1028 1685 1106 τελέως
1742 1026 1850 1093 ὑπ’
1907 1030 2109 1113 αὐτῆς
2165 1029 2270 1092 δε-

351 1138 770 1218 δουλῶσθαι,
838 1132 949 1201 καὶ
1015 1131 1222 1218 μηδὲν
1288 1136 1450 1200 ἄνευ
1513 1144 1628 1219 τῆς
1691 1134 1946 1218 ἐκείνης
2007 1135 2273 1218 γνώμης

281 1262 315 1310 3
353 1241 725 1325 πράττοντα
770 1251 1233 1325 κατευστοχεῖν
1275 1240 1350 1306 ἐν
1393 1251 1572 1307 πᾶσι.
1661 1239 1817 1306 καθ’
1864 1241 1945 1307 ὃν
1990 1237 2073 1325 δὴ
2121 1243 2274 1326 χρό-

352 1370 477 1412 νον
522 1347 559 1412 ὁ
596 1347 927 1430 βασιλεύς,
975 1346 1199 1430 ἐπειδὴ
1237 1347 1320 1411 τὰ
1355 1345 1506 1431 περὶ
1541 1349 1663 1431 τὴν
1699 1351 1915 1412 κτίσιν
1949 1356 2067 1431 τῆς
2103 1348 2273 1432 ὁμω-
2302 1362 2355 1402 10

354 1453 573 1536 νύμου
617 1454 871 1529 πόλεως
917 1451 1323 1535 συνετέλεσε,
1371 1453 1753 1537 στρατεύειν
1801 1450 1906 1518 ἐπὶ
1952 1457 2275 1538 Βακτρια-

354 1560 519 1634 νοὺς
572 1556 1007 1642 ἐπεχείρησεν.
1098 1559 1295 1633 εἰδὼς
1349 1555 1424 1622 δὲ
1468 1559 1549 1622 τά
1602 1580 1673 1623 τε
1717 1561 1944 1640 πλήθη
2000 1557 2110 1623 καὶ
2154 1560 2277 1643 τὴν

357 1663 567 1747 ἀλκὴν
629 1675 765 1730 τῶν
830 1664 1128 1749 ἀνδρῶν,
1203 1665 1301 1727 ἔτι
1365 1660 1439 1729 δὲ
1510 1664 1633 1747 τὴν
1694 1664 1919 1749 χώραν
1992 1665 2279 1747 ἔχουσαν

356 1772 646 1847 πολλοὺς
719 1773 964 1846 τόπους
1036 1769 1439 1855 ἀπροσίτους
1511 1770 1623 1834 διὰ
1693 1770 1816 1853 τὴν
1890 1768 2277 1854 ὀχυρότητα,

358 1875 699 1955 κατέλεξεν
745 1875 811 1954 ἐξ
859 1875 1170 1940 ἁπάντων
1215 1886 1352 1939 τῶν
1396 1872 1507 1941 ὑπ’
1565 1875 1772 1940 αὐτὸν
1818 1874 2040 1940 ἐθνῶν
2088 1891 2282 1959 στρα-
2311 1893 2363 1934 15

360 1993 616 2048 τιωτῶν
669 1987 951 2067 πλῆθος·
1010 1980 1150 2047 ἐπεὶ
1205 1982 1334 2067 γὰρ
1388 1990 1503 2066 τῆς
1557 1983 1884 2069 πρότερον
1944 1984 2284 2068 στρατείας

362 2089 811 2173 ἀποτετευχὼς
858 2084 974 2173 ἦν,
1021 2089 1299 2155 ἔσπευδε
1354 2092 1880 2156 πολλαπλασίονι
1922 2087 2284 2176 παραγενέ-

292 2216 327 2263 4
365 2202 530 2260 σθαι
568 2196 848 2279 δυνάμει
876 2197 1042 2281 πρὸς
1076 2196 1199 2279 τὴν
1226 2198 1663 2281 Βακτριανήν.
1731 2197 2179 2279 συναχθείσης
2213 2192 2286 2260 δὲ

359 2311 478 2385 τῆς
515 2311 823 2387 στρατιᾶς
858 2304 1281 2384 πανταχόθεν
1318 2302 1822 2386 ἠριθμήθησαν,
1871 2301 1960 2378 ὡς
1998 2303 2289 2386 Κτησίας

362 2406 437 2471 ἐν
490 2417 633 2482 ταῖς
699 2408 1020 2489 ἱστορίαις
1077 2405 1530 2490 ἀναγέγραφε,
1596 2410 1808 2485 πεζῶν
1867 2402 1988 2489 μὲν
2052 2406 2287 2473 ἑκατὸν
2315 2425 2373 2465 20

365 2509 820 2594 ἑβδομήκοντα
867 2511 1205 2594 μυριάδες,
1255 2509 1508 2575 ἱππέων
1554 2507 1628 2576 δὲ
1675 2520 1792 2598 μιᾷ
1837 2512 2108 2588 πλείους
2152 2523 2288 2577 τῶν

365 2622 576 2682 εἴκοσι
630 2617 1006 2700 μυριάδων,
1063 2616 1321 2700 ἅρματα
1380 2613 1453 2682 δὲ
1510 2618 1987 2701 δρεπανηφόρα
2050 2620 2290 2702 μικρὸν

295 2743 328 2792 5
367 2722 811 2787 ἀπολείποντα
857 2732 991 2786 τῶν
1039 2723 1296 2806 μυρίων
1343 2719 1718 2801 ἑξακοσίων.
1810 2724 1948 2787 ἔστι
1993 2718 2117 2806 μὲν
2163 2717 2290 2788 οὖν

368 2829 647 2893 ἄπιστον
721 2838 861 2904 τοῖς
934 2827 1226 2893 αὐτόθεν
1301 2828 1623 2895 ἀκούσασι
1694 2831 1769 2894 τὸ
1843 2833 2105 2911 πλῆθος
2175 2838 2291 2913 τῆς

367 2942 698 3018 στρατιᾶς,
747 2932 828 2998 οὐ
867 2934 999 3018 μὴν
1046 2933 1383 2999 ἀδύνατόν
1419 2958 1494 3017 γε
1541 2936 1910 3019 φανήσεται
1945 2945 2085 3011 τοῖς
2131 2934 2290 2999 ἀνα-
2317 2954 2370 2995 25

366 3048 706 3127 θεωροῦσι
750 3041 824 3104 τὸ
862 3048 978 3124 τῆς
1018 3034 1235 3117 Ἀσίας
1280 3038 1566 3124 μέγεθος
1610 3039 1721 3107 καὶ
1765 3042 1845 3105 τὰ
1891 3043 2117 3124 πλήθη
2156 3051 2291 3105 τῶν

366 3147 856 3214 κατοικούντων
910 3146 1119 3230 αὐτὴν
1164 3145 1406 3211 ἐθνῶν.
1499 3148 1561 3211 εἰ
1603 3147 1731 3232 γάρ
1776 3170 1877 3222 τις
1932 3144 2124 3230 ἀφεὶς
2167 3147 2292 3230 τὴν

512 3343 543 3391 5
598 3335 848 3394 ὖδάσπιν
883 3339 934 3392 D
1080 3333 1429 3409 σεμιράμεως
1476 3337 1523 3391 D
1675 3344 1738 3393 12
1796 3333 2148 3409 ἐνεχείρησεν
2188 3337 2296 3393 OF

367 3413 439 3459 ‘14
474 3406 684 3471 τόπους
721 3406 961 3473 πολλοὺς
996 3409 1149 3480 vulg.
1297 3413 1364 3463 16
1411 3413 1510 3478 τῆς
1546 3430 1603 3466 π.
1644 3410 1962 3481 στρατείας]
2000 3407 2147 3463 κατὰ
2186 3406 2289 3477 τὴν

370 3492 428 3525 π.
468 3479 765 3544 στρατείαν
800 3482 854 3534 II
998 3486 1068 3534 24
1105 3476 1379 3535 ἀκούουσι
1417 3480 1469 3536 ΙΙ
1614 3487 1681 3536 27
1721 3475 1902 3549 αὐτὴν
1942 3496 2052 3535 om.
2089 3481 2154 3535 D.
