2569 4061
389 261 518 326 134
1051 256 1359 313 DIODORI
1398 256 1629 312 SICULI

313 444 347 493 2
384 421 727 505 τιθέμενοι
795 423 950 497 τοὺς
1014 419 1256 504 ὅρκους
1320 419 1887 504 δεισιδαιμονῶσι·
1961 421 2308 504 προδήλου

384 529 512 612 γὰρ
578 528 770 603 ὄντος
825 527 928 591 ὅτι
991 534 1082 614 τῷ
1137 526 1454 602 πολλάκις
1518 526 1836 610 ὀμόσαντι
1900 528 2309 610 συμβήσεται

384 633 509 715 τὴν
554 635 778 698 πίστιν
825 632 1217 715 ἀποβαλεῖν,
1264 630 1376 695 ἵνα
1424 640 1537 714 τῆς
1591 630 1985 716 εὐχρηστίας
2029 632 2117 716 μὴ
2167 650 2309 698 στε-

386 744 598 825 ρηθῇ,
644 736 796 825 περὶ
848 740 1164 806 πλείστου
1208 745 1337 814 πᾶς
1389 758 1490 813 τις
1535 736 1675 816 ἄξει
1720 738 1794 802 τὸ
1845 738 1933 821 μὴ
1978 746 2310 804 καταντᾶν

385 844 493 911 ἐπὶ
557 848 677 912 τὸν
743 846 972 931 ὅρκον·
1037 840 1250 909 ἔπειθ’
1312 843 1779 927 ὑπελάμβανεν
1837 842 1873 909 ὁ
1938 843 2310 928 νομοθέτης
2337 859 2363 899 5

382 953 506 1035 τὴν
562 951 727 1034 ὅλην
772 954 997 1016 πίστιν
1050 949 1125 1015 ἐν
1169 959 1248 1034 τῇ
1302 948 1764 1036 καλοκάγαθίᾳ
1816 952 2097 1033 ποιήσας
2149 971 2310 1034 προ-

382 1056 747 1143 τρέψεσθαι
808 1057 1060 1132 πάντας
1133 1056 1543 1132 σπουδαίους
1601 1049 1775 1119 εῖναι
1843 1065 1983 1132 τοῖς
2045 1057 2308 1139 ἤθεσιν,

383 1162 496 1226 ἵνα
541 1164 630 1246 μὴ
686 1163 967 1238 πίστεως
1013 1160 1270 1240 ἀνάξιοι
1318 1162 1761 1245 διαβληθῶσι·
1818 1163 1985 1246 πρὸς
2032 1157 2105 1226 δὲ
2157 1163 2310 1227 τού-

383 1289 523 1343 τοις
569 1267 804 1331 ἄδικον
841 1268 1103 1351 ἔκρινεν
1149 1261 1324 1333 εἶναι
1358 1270 1517 1343 τοὺς
1561 1265 1764 1352 χωρὶς
1810 1267 2016 1352 ὅρκου
2050 1284 2312 1334 πιστευ-

384 1369 630 1448 θέντας
673 1369 825 1457 περὶ
868 1383 1002 1437 τῶν
1049 1373 1271 1438 αὐτῶν
1329 1376 1756 1457 συμβολαίων
1802 1374 2173 1458 ὀμόσαντας
2222 1374 2310 1457 μὴ
2341 1392 2393 1431 10

385 1478 740 1561 τυγχάνειν
775 1481 1072 1555 πίστεως.
1145 1482 1303 1556 τοὺς
1340 1475 1414 1544 δὲ
1461 1480 1621 1563 μετὰ
1659 1489 2050 1565 συγγραφῆς
2096 1481 2311 1545 δανεί-

387 1597 632 1661 σαντας
687 1583 931 1652 ἐκώλυε
979 1586 1091 1650 διὰ
1145 1593 1266 1650 τοῦ
1312 1586 1515 1650 τόκου
1570 1586 1644 1649 τὸ
1689 1586 2055 1669 κεφάλαιον
2108 1583 2313 1651 πλέον

319 1713 351 1762 3
389 1700 608 1755 ποιεῖν
652 1689 694 1773 ἢ
733 1692 1104 1759 διπλάσιον.
1177 1701 1314 1755 τῶν
1354 1687 1427 1758 δὲ
1472 1690 1883 1775 ὀφειλόντων
1919 1694 2040 1774 τὴν
2076 1693 2313 1776 ἔκπρα-

386 1795 489 1874 ξιν
542 1807 678 1861 τῶν
736 1798 1022 1864 δανείων
1076 1796 1147 1861 ἐκ
1200 1805 1317 1879 τῆς
1371 1796 1604 1873 οὐσίας
1670 1799 1880 1881 μόνον
1935 1796 2310 1890 ἐποιήσατο,

384 1902 459 1966 τὸ
521 1898 594 1967 δὲ
651 1912 838 1986 σῶμα
894 1896 1037 1967 κατ’
1098 1900 1346 1968 οὐδένα
1404 1905 1654 1988 τρόπον
1707 1908 1926 1968 εἴασεν
1989 1901 2312 1987 ὑπάρχειν
2342 1921 2392 1961 15

387 2007 756 2093 ἀγώγιμον,
819 2008 1192 2094 ἡγούμενος
1249 2010 1395 2075 δεῖν
1458 2004 1633 2076 εἶναι
1690 2009 1807 2087 τὰς
1867 2005 1990 2093 μὲν
2051 2012 2315 2094 κτήσεις

388 2125 526 2180 τῶν
572 2115 1042 2200 ἐργασαμένων
1087 2115 1128 2202 ’ἢ
1175 2118 1354 2204 παρὰ
1398 2119 1639 2204 κυρίου
1685 2118 1866 2194 τινὸς
1913 2116 1986 2183 ἐν
2033 2118 2314 2203 δωρεαῖς

389 2224 755 2306 λαβόντων,
783 2224 864 2287 τὰ
903 2218 976 2288 δὲ
1015 2224 1287 2308 σώματα
1322 2234 1457 2291 τῶν
1493 2225 1776 2305 πόλεων,
1805 2223 1917 2288 ἵνα
1954 2224 2070 2300 τὰς
2104 2229 2314 2307 καθη-

388 2329 635 2404 κούσας
687 2332 1102 2413 λειτουργίας
1143 2331 1392 2412 ἔχωσιν
1438 2330 1513 2393 αί
1561 2332 1787 2406 πόλεις
1831 2328 1944 2395 καὶ
1987 2331 2152 2396 κατὰ
2197 2332 2313 2395 πό-

389 2436 592 2516 λεμον
636 2432 748 2499 καὶ
791 2431 933 2497 κατ’
977 2435 1277 2517 εἰρήνην·
1324 2436 1578 2500 ἄτοπον
1618 2436 1747 2519 γὰρ
1792 2437 1867 2500 τὸ
1905 2437 2313 2520 στρατιώτην
2340 2453 2393 2492 20

390 2538 484 2614 εἰς
545 2541 666 2603 τὸν
724 2535 892 2625 ὑπὲρ
947 2547 1063 2623 τῆς
1116 2540 1434 2623 πατρίδος
1485 2543 1808 2625 προϊόντα
1853 2542 2206 2625 κίνδυνον,
2255 2543 2318 2606 εἰ
2404 2558 2409 2565 ·

389 2644 608 2727 τύχοι,
654 2644 821 2729 πρὸς
868 2644 1139 2710 δάνειον
1191 2644 1322 2710 ὑπὸ
1368 2654 1491 2710 τοῦ
1544 2644 2018 2722 πιστεύσαντος
2073 2644 2313 2727 ἀπάγε-

391 2756 588 2833 σθαι,
643 2747 756 2814 καὶ
812 2759 928 2834 τῆς
981 2761 1116 2817 τῶν
1174 2751 1459 2818 ἰδιωτῶν
1513 2747 1894 2827 πλεονεξίας
1936 2748 2131 2815 ἕνεκα
2177 2773 2311 2815 κιν-

320 2881 355 2929 4
394 2857 702 2923 δυνεύειν
747 2858 870 2940 τὴν
923 2858 1156 2939 κοινὴν
1203 2856 1514 2923 ἁπάντων
1565 2857 1916 2939 σωτηρίαν.
2008 2857 2197 2920 δοκεῖ
2237 2852 2312 2921 δὲ

388 2962 500 3030 καὶ
563 2973 805 3030 τοῦτον
866 2965 986 3028 τὸν
1039 2965 1250 3045 νόμον
1316 2962 1353 3028 ὁ
1408 2963 1649 3029 Σόλων
1704 2962 1799 3038 εἰς
1859 2962 1976 3041 τὰς
2023 2959 2312 3045 Ἀθήνας
2340 2981 2391 3022 25

389 3080 831 3156 μετενεγκεῖν,
907 3068 987 3133 ὃν
1060 3068 1365 3153 ὠνόμασε
1443 3068 1900 3153 σεισάχθειαν,
1976 3069 2314 3146 ἀπολύσας

389 3181 548 3256 τοὺς
600 3178 871 3253 πολίτας
926 3175 1219 3253 ἅπαντας
1270 3186 1407 3243 τῶν
1461 3173 1569 3241 ἐπὶ
1622 3185 1761 3252 τοῖς
1816 3176 2073 3261 σώμασι
2126 3196 2313 3243 πεπι-

532 3374 568 3422 4
605 3363 733 3435 ἄξει
768 3367 963 3437 Cobess,
1003 3367 1118 3436 ἕξει
1152 3366 1287 3424 libri
1423 3375 1454 3424 6
1492 3367 1930 3437 προτρέψασθαι
1965 3369 2014 3423 D
2144 3373 2212 3424 20
2247 3362 2312 3421 τὸ

391 3433 643 3505 Bekker,
688 3436 790 3493 τὸν
834 3438 911 3507 D,
964 3457 1070 3495 om.
1119 3439 1228 3495 OF
1367 3444 1435 3498 23
1494 3438 1653 3494 ἰδίων
1699 3438 1748 3492 D
1893 3445 1961 3494 26
2019 3434 2312 3509 ὠνόμασεν

393 3500 730 3571 εἰσάχθειαν
767 3507 873 3575 013¹,
911 3506 1168 3580 ὠνόμασε
1209 3509 1315 3582 μὲν
1354 3511 1690 3581 σεισαχθίαν
1728 3511 1794 3567 D.
