2569 4061
1046 293 1125 348 111
1161 300 1249 351 48.
1279 301 1366 350 49.
1653 308 1658 313 ·
2037 297 2167 362 343

249 456 414 542 μένη
470 458 725 542 καρπὸν
771 455 1002 542 φέρειν
1050 458 1328 539 δαψιλῆ,
1385 459 1672 541 νομάδες
1716 456 1777 524 δ’
1832 459 1981 525 ὅσοι
2033 470 2169 525 τῶν

245 573 511 646 κτηνῶν
545 564 670 646 τὴν
707 561 1082 647 ἐπιμέλειαν
1113 563 1507 647 ποιούμενοι
1542 565 1657 640 τὰς
1691 567 1945 650 τροφὰς
1982 566 2168 650 ἔχου-

246 684 360 735 σιν
407 668 532 733 ἀπὸ
577 669 858 735 τούτων·
908 668 1249 753 ἀμφότερα
1289 664 1363 733 δὲ
1407 671 1487 733 τὰ
1532 667 1692 753 γένη
1730 679 1934 736 ταῦτα
1979 675 2164 755 βασι-

248 774 403 852 uas
438 778 568 861 ἔχει
603 773 714 840 καὶ
749 779 901 859 βίον
948 775 1031 841 οὐ
1067 780 1406 852 παντελῶς
1441 776 1680 860 ἄγριον
1719 774 1866 840 οὐδ’
1902 777 2165 865 ἀνθρω-

190 898 219 939 5
246 884 442 966 πίνης
477 881 876 967 ἡμερότητος
913 880 1414 966 ἐξηλλαγμένον.
1479 883 1553 946 τὸ
1594 878 1669 947 δὲ
1712 883 1938 967 τρίτον
1973 881 2167 966 γένος

247 989 399 1054 οὔτε
451 989 777 1073 βασιλέως
839 989 1183 1054 ὑπακοῦον
1239 988 1392 1053 οὔτε
1455 996 1577 1053 τοῦ
1643 989 1906 1054 δικαίου
1962 990 2165 1072 λόγον

245 1092 392 1161 οὐδ’
446 1098 718 1162 ἔννοιαν
772 1097 927 1181 ἔχον
981 1093 1082 1159 ἀεὶ
1139 1094 1471 1180 λῃστεύει,
1529 1092 2042 1182 ἀπροσδοκήτως
2092 1092 2165 1161 δὲ

244 1203 363 1279 τὰς
406 1202 690 1287 ἐμβολὰς
735 1201 807 1267 ἐκ
851 1210 967 1284 τῆς
1022 1200 1273 1286 ἐρήμου
1319 1203 1725 1287 ποιούμενον
1771 1201 2041 1287 ἁρπάζει
2084 1204 2165 1267 τὰ

240 1312 726 1394 παρατυχόντα,
756 1305 868 1374 καὶ
902 1307 1147 1392 ταχέως
1176 1307 1581 1392 ἀνακάμπτει
1617 1311 1783 1396 πρὸς
1809 1310 1927 1375 τὸν
1957 1309 2163 1374 αὑτὸν

158 1430 215 1473 10
239 1418 466 1480 τόπον.
555 1414 797 1490 πάντες
852 1408 913 1478 δ’
968 1413 1038 1479 οἰ
1086 1417 1337 1497 Λίβυες
1400 1410 1588 1480 οὗτοι
1641 1417 1947 1502 θηριώδη
2008 1418 2160 1500 βίον
2200 1436 2231 1485 3

240 1523 540 1603 ἔχουσιν,
584 1519 938 1603 ὑπαίθριοι
994 1520 1418 1603 διαμένοντες
1471 1519 1582 1586 καὶ
1634 1522 1708 1586 τὸ
1763 1533 1899 1587 τῶν
1944 1521 2161 1607 ἐπιτη-

246 1626 594 1708 δευμάτων
638 1625 876 1711 ἄγριον
921 1624 1335 1710 ἐζηλωκότες·
1395 1627 1546 1692 οὔτε
1591 1628 1720 1712 γαρ
1763 1625 2015 1713 ἡμέρου
2063 1629 2162 1692 δι-

240 1733 427 1814 αίτης
474 1727 612 1796 οὔτ’
667 1729 950 1814 ἐσθῆτος
994 1729 1416 1816 μετέχουσιν,
1464 1731 1630 1796 ἀλλὰ
1677 1733 1908 1817 δοραῖς
1953 1733 2161 1814 αἰγῶν

244 1837 642 1916 σκεπάζουσι
694 1838 776 1903 τὰ
831 1838 1115 1921 σώματα.
1206 1849 1347 1915 τοῖς
1402 1834 1476 1902 δὲ
1531 1838 1890 1914 δυνάσταις
1939 1836 2161 1903 αὐτῶν

162 1961 213 2003 1⁵
239 1945 463 2021 πόλεις
517 1940 640 2029 μὲν
683 1945 759 2008 τὸ
816 1946 1107 2010 σύνολον
1156 1945 1277 2029 οὐχ
1334 1944 1738 2032 ὑπάρχουσι,
1793 1945 2040 2032 πύργοι
2086 1940 2160 2009 δὲ

239 2055 524 2135 πλησίον
567 2063 703 2117 τῶν
738 2052 1026 2136 ὑδάτων,
1073 2056 1169 2129 είς
1214 2052 1334 2129 οὓς
1374 2052 1804 2118 ἀποτίθενται
1849 2053 1931 2117 τὰ
1966 2057 2159 2117 πλεο-

135 2178 240 2230 218
258 2158 540 2236 νάζοντα
603 2166 719 2242 τῆς
778 2159 1116 2243 ὠφελείας.
1223 2161 1382 2237 τοὺς
1456 2156 1515 2223 δ’
1585 2156 2160 2242 ὑποτεταγμένους

238 2268 443 2341 λαοὺς
486 2262 626 2330 κατ’
683 2264 991 2330 ἐνιαυτὸν
1036 2264 1443 2351 ἐξορκίζουσι
1487 2261 1991 2350 πειθαρχήσειν·
2046 2262 2158 2329 καὶ

237 2380 372 2435 τῶν
417 2368 538 2455 μὲν
583 2370 1110 2436 ὑπακουσάντων
1157 2371 1247 2448 ὡς
1292 2372 1657 2455 συμμάχων
1704 2372 2155 2456 φροντίζουσι,

159 2495 213 2535 20
238 2485 373 2541 τῶν
428 2473 503 2542 δὲ
546 2477 633 2559 μὴ
688 2479 1154 2561 προσεχόντων
1206 2477 1510 2542 θάνατον
1571 2479 2009 2559 καταγνόντες
2067 2479 2157 2556 ὡς

239 2586 511 2667 λῃσταῖς
571 2587 993 2668 πολεμοῦσιν.
1087 2583 1122 2648 ὁ
1182 2578 1243 2648 δ’
1307 2583 1626 2669 ὁπλισμὸς
1690 2583 1911 2650 αὐτῶν
1975 2584 2155 2651 ἐστιν
2192 2605 2227 2656 4

238 2691 480 2766 οἰκεῖος
510 2698 625 2773 τῆς
650 2712 720 2754 τε
757 2691 975 2776 χώρας
1000 2689 1113 2755 καὶ
1149 2701 1286 2757 τῶν
1313 2690 1872 2776 ἐπιτηδευμάτων·
1908 2701 2156 2778 κοῦφοι

236 2797 365 2883 γὰρ
422 2798 611 2872 ὄντες
654 2807 793 2873 τοῖς
848 2798 1106 2881 σώμασι
1154 2795 1263 2863 καὶ
1319 2799 1544 2885 χώραν
1598 2800 1937 2876 οἰκοῦντες
1991 2801 2154 2865 κατὰ

237 2904 313 2968 τὸ
359 2907 672 2968 πλεῖστον
715 2904 1030 2989 πεδιάδα,
1075 2906 1240 2991 πρὸς
1284 2907 1443 2982 τοὺς
1496 2906 1856 2982 κινδύνους
1901 2905 2153 2991 ὁρμῶσι

154 3023 206 3066 25
231 3012 474 3093 λόγχας
527 3012 788 3094 ἔχοντες
840 3022 1017 3095 τρεῖς
1070 3009 1180 3075 καὶ
1235 3013 1478 3088 λίθους
1523 3010 1597 3076 ἐν
1651 3012 1881 3095 ἄγγεσι
1932 3012 2153 3074 σκυτί-

197 3111 399 3192 νοις·
440 3115 632 3200 ξίφος
669 3109 732 3180 δ’
767 3115 848 3181 οὐ
885 3125 1219 3203 φοροῦσιν
1267 3112 1427 3181 οὐδὲ
1471 3117 1716 3203 κράνος
1760 3112 1907 3180 οὐδ’
1943 3114 2153 3178 ὅπλον

232 3218 433 3288 οὐδὲν
469 3220 723 3308 ἕτερον,
756 3225 1222 3307 στοχαζόμενοι
1259 3230 1381 3287 τοῦ
1417 3231 1765 3307 προτερεῖν
1799 3228 1941 3294 ταῖς
1977 3217 2152 3283 εὐκι-

228 3330 492 3411 νησίαις
546 3328 621 3394 ἐν
675 3338 816 3406 τοῖς
871 3330 1189 3413 διωγμοῖς
1240 3326 1353 3394 καὶ
1405 3330 1609 3393 πάλιν
1662 3326 1737 3391 ἐν
1789 3333 1932 3400 ταῖς
1991 3322 2152 3389 ἀπο-

368 3561 436 3610 27
475 3556 623 3628 ταῖς]
665 3552 728 3612 ἐν
763 3563 889 3621 ταῖς
922 3557 1077 3627 vulg.
