2569 4061
931 302 1007 356 IV
1046 308 1130 355 42.
1171 307 1255 356 43.
1297 309 1382 358 44.
1990 303 2125 368 463

202 465 430 529 δύνων
477 462 754 540 ἑαυτοὺς
800 462 1245 547 ἀπηλλάχθαι.
1337 465 1443 528 διὸ
1499 463 1609 530 καὶ
1654 476 1793 542 τοῖς
1840 465 2129 549 ἐπιγινο-

199 571 425 655 μένοις
485 570 951 655 παραδοσίμου
1015 568 1459 654 γεγενημένης
1521 581 1638 654 τῆς
1696 575 2127 656 περιπετείας,

200 676 303 743 ἀεὶ
362 679 518 754 τοὺς
574 675 1088 760 χειμαζομένους
1152 687 1288 740 τῶν
1345 677 1685 741 πλεόντων
1749 677 1943 761 εὐχάς
2006 675 2129 763 μὲν

198 787 514 849 τίθεσθαι
548 785 690 859 ’τοῖς
726 781 1148 870 Σαμόθρᾳξι,
1193 784 1311 860 τὰς
1349 779 1423 848 δὲ
1459 794 1595 848 τῶν
1632 782 1928 869 ἀστέρων
1963 807 2128 872 παρ-

144 910 171 950 5
202 894 434 967 ουσίας
478 888 888 974 ἀναπέμπειν
943 892 1039 966 εἰς
1090 889 1215 972 τὴν
1264 899 1401 955 τῶν
1447 892 1846 976 Διοσκόρων
1892 890 2127 975 ἐπιφά-

197 1020 404 1062 νειαν.
504 997 588 1061 οὐ
642 996 776 1079 μὴν
833 995 1000 1060 ἀλλὰ
1052 997 1199 1061 τότε
1255 996 1574 1079 λήξαντος
1627 1006 1749 1063 τοῦ
1804 1008 2127 1081 χειμῶνος
2164 1021 2197 1069 3
2325 1035 2332 1044 ·

198 1103 528 1187 ἀποβῆναι
588 1099 709 1187 μὲν
767 1104 926 1177 τοὺς
987 1100 1275 1186 ἀριστεῖς
1338 1113 1453 1187 τῆς
1516 1101 1780 1191 Θρᾴκης
1843 1106 1939 1180 εἰς
2001 1104 2125 1187 τὴν

196 1209 326 1275 ὑπὸ
389 1207 646 1284 Φινέως
704 1206 1231 1292 βασιλευομένην
1287 1210 1549 1296 χώραν,
1609 1220 1990 1296 περιπεσεῖν
2051 1207 2126 1275 δὲ

198 1314 354 1381 δυσὶ
399 1317 774 1390 νεανίσκοις
829 1312 936 1378 ἐπὶ
988 1318 1271 1401 τιμωρίᾳ
1319 1315 1802 1402 διωρυγμένοις
1848 1315 1958 1383 καὶ
2003 1318 2124 1401 μά-

113 1441 167 1481 10
197 1422 366 1501 στιξι
401 1421 651 1505 πληγὰς
687 1431 987 1505 συνεχεῖς
1014 1420 1458 1504 λαμβάνουσι·
1502 1425 1783 1500 τούτους
1821 1418 1883 1488 δ’
1918 1424 2124 1509 ὑπάρ-

193 1552 337 1612 χειν
398 1525 654 1604 Φινέως
707 1527 900 1603 υίοὺς
957 1525 1070 1591 καὶ
1127 1528 1588 1613 Κλεοπάτρας,
1648 1530 1735 1612 ’ἥν
1790 1546 2000 1614 φασιν
2056 1529 2120 1608 ἐξ

190 1629 568 1718 Ὠρειθυίας
621 1642 736 1717 τῆς
784 1630 1148 1718 Ἐρεχθέως
1202 1641 1618 1718 γεννηθῆναι
1671 1633 1781 1700 καὶ
1836 1633 2121 1719 Βορέου,

196 1741 308 1805 διὰ
348 1736 477 1821 [δὲ]
517 1748 840 1827 μητρυιᾶς
874 1742 1127 1823 τόλμαν
1163 1738 1274 1805 καὶ
1313 1741 1630 1824 διαβολὰς
1664 1742 1938 1818 ψευδεῖς
1969 1763 2123 1823 τυγ-

191 1848 521 1931 χάνοντας
564 1847 695 1912 ὑπὸ
741 1855 864 1912 τοῦ
908 1848 1155 1931 πατρὸς
1202 1846 1447 1924 ἀδίκως
1490 1856 1606 1931 τῆς
1641 1845 2123 1933 προειρημένης

111 1972 163 2013 15
190 1956 534 2039 τιμωρίας·
593 1953 714 2017 τὸν
771 1953 900 2039 γὰρ
963 1950 1169 2017 Φινέα
1224 1954 1640 2037 γεγαμηκότα
1694 1948 1940 2018 Ἰδαίαν
1995 1953 2121 2036 τὴν
2157 1975 2193 2023 4

194 2061 561 2141 Δαρδάνου
623 2069 745 2126 τοῦ
810 2063 1109 2124 Σκυθῶν
1172 2058 1495 2142 βασιλέως
1557 2059 1935 2145 θυγατέρα,
2009 2057 2121 2124 καὶ

194 2165 307 2230 διὰ
350 2166 468 2230 τὸν
513 2168 676 2252 πρὸς
723 2166 934 2248 αὐτὴν
978 2167 1192 2254 ἔρωτα
1237 2166 1452 2230 πάντα
1496 2168 1961 2252 χαριζόμενον,
2016 2187 2120 2230 πι-

195 2279 464 2337 στεῦσαι
510 2274 682 2338 διότι
727 2281 806 2358 τῇ
853 2280 1142 2359 μητρυιᾷ
1188 2274 1345 2354 βίαν
1393 2267 1498 2357 ἐφ’
1549 2272 1742 2359 ὕβρει
1784 2273 2118 2357 προσήγα-

192 2399 316 2458 γον
364 2379 435 2442 οί
471 2381 825 2463 πρόγονοι,
880 2380 1281 2462 βουλόμενοι
1333 2386 1413 2463 τῇ
1469 2377 1668 2464 μητρὶ
1712 2381 2114 2464 χαρίζεσθαι.

109 2504 164 2545 20
190 2492 325 2548 τῶν
374 2477 447 2546 δὲ
492 2481 642 2568 περὶ
682 2485 802 2548 τὸν
839 2481 1168 2569 εΗρακλέα
1206 2483 1597 2569 παραδόξως
1634 2482 2115 2568 ἐπιφανέντων,
2154 2506 2187 2554 5

190 2587 358 2673 φασὶ
410 2591 568 2667 τοὺς
622 2586 746 2673 μὲν
800 2588 875 2654 ἐν
927 2601 1071 2666 ταῖς
1117 2589 1435 2672 ἀνάγκαις
1492 2591 1688 2667 ὄντας
1735 2587 2116 2655 ἐπικαλέσα-

189 2703 352 2762 σθαι
397 2697 702 2782 καθάπερ
747 2699 954 2774 θεοὺς
997 2700 1154 2774 τοὺς
1201 2696 1519 2782 ἀριστεῖς,
1575 2695 1686 2762 καὶ
1739 2698 1856 2774 τὰς
1903 2699 2116 2774 αἰτίας
2200 2724 2203 2728 ’

189 2805 617 2887 δηλώσαντας
651 2811 769 2887 τῆς
804 2811 927 2869 τοῦ
964 2805 1209 2888 πατρὸς
1236 2806 1653 2891 παρανομίας
1682 2804 1952 2868 δεῖσθαι
1980 2814 2117 2869 τῶν

188 2908 621 2994 ἀτυχημάτων
676 2908 921 2985 αὐτοὺς
975 2907 1333 2988 ἐξελέσθαι.
1434 2911 1554 2975 τὸν
1614 2906 1689 2975 δὲ
1751 2908 1959 2974 Φινέα
2010 2931 2115 2974 πι-
2133 2910 2222 2973 44

108 3035 160 3076 25
187 3026 361 3101 κρῶς
420 3013 889 3098 ἀπαντήσαντα
946 3024 1086 3092 τοῖς
1141 3012 1355 3093 ξένοις
1412 3020 1846 3102 παραγγεῖλαι
1908 2998 2117 3098 μηδὲν

186 3131 322 3185 τῶν
366 3118 523 3185 καθ’
578 3118 815 3187 ἑαυτὸν
862 3127 1473 3207 πολυπραγμονεῖν·
1522 3119 1775 3207 μηδένα
1819 3120 1947 3204 γὰρ
1994 3140 2116 3183 πα-

185 3226 343 3313 τέρα
396 3230 628 3311 λαβεῖν
682 3224 840 3314 παρ’
899 3229 1070 3295 υἱῶν
1124 3227 1442 3307 ἑκουσίως
1494 3230 1847 3313 τιμωρίαν,
1912 3227 1976 3290 εἰ
2026 3226 2114 3310 μὴ

183 3342 274 3423 τῷ
321 3332 594 3419 μεγέθει
638 3346 775 3401 τῶν
822 3335 1247 3420 ἀδικημάτων
1294 3333 1699 3421 ὑπέρθοιντο
1745 3333 1868 3416 τὴν
1915 3348 2112 3418 φυσι-

362 3497 394 3546 2
432 3491 743 3564 γενομένης
778 3494 831 3547 ΙΙ
1000 3499 1032 3548 8
1069 3497 1394 3562 περιτυχεῖν
1430 3492 1484 3545 II
1631 3497 1694 3546 12
1735 3489 2026 3560 ωροθύιας
2063 3488 2111 3542 D

185 3569 250 3616 13
290 3560 354 3618 δὲ
394 3563 596 3620 delevi.
1983 3614 1986 3615 ε
