2569 4061
901 382 927 434 Ι
967 388 1047 439 73.
1090 390 1173 439 74.
1828 448 1834 451 Α
1863 386 1986 449 127

69 545 295 621 ἄλλοις
350 544 737 631 ἀνθρώποις
793 544 865 609 ἐκ
920 545 1186 628 φύσεως
1241 544 1768 632 συντελουμένης
1813 546 1996 630 γενέ-

70 668 236 728 σεως
307 641 442 717 τῶν
515 648 883 737 εἰρημένων
951 646 1133 738 ζῴων
1203 648 1395 717 αὐτοὶ
1459 653 1571 717 διὰ
1630 663 1748 737 τῆς
1821 655 1994 730 ἰδίας

70 760 493 842 φιλοτεχνίας
536 756 887 841 ἀμύθητον
926 761 1185 840 πλῆθος
1230 754 1488 843 ὀρνέων
1532 756 1991 843 ἀθροίζουσιν·

0 867 31 916 6
71 863 153 928 οὐ
220 864 345 949 γὰρ
409 862 777 952 ἐπῳάζουσι
842 863 955 927 διὰ
1008 873 1143 928 τῶν
1199 862 1536 948 ὀρνίθων,
1601 858 1742 928 ἀλλ’
1803 863 1993 930 αὐτοὶ
2029 884 2062 933 5

0 989 18 1029 5
72 967 460 1055 παραδόξως
505 976 1054 1054 χειρουργοῦντες
1098 976 1178 1053 τῇ
1226 964 1493 1032 συνέσει
1538 965 1649 1032 καὶ
1695 972 1995 1053 φιλοτεχ-

70 1078 185 1162 νίᾳ
226 1084 343 1158 τῆς
379 1082 667 1159 φυσικῆς
714 1074 1047 1160 ἐνεργείας
1093 1074 1218 1139 οὐκ
1263 1073 1754 1139 ἀπολείπονται.
1830 1074 1996 1140 ἀλλὰ
2033 1096 2064 1145 6

71 1182 201 1265 μὴν
246 1180 359 1248 καὶ
402 1183 519 1259 τὰς
553 1178 787 1266 τέχνας
825 1182 997 1244 ἰδεῖν
1034 1181 1172 1244 ἔστι
1210 1182 1388 1267 παρὰ
1424 1191 1564 1258 τοῖς
1601 1182 1996 1263 Αἰγυπτίοις

67 1288 351 1370 μάλιστα
406 1285 978 1371 διαπεπονημένας
1030 1283 1143 1352 καὶ
1194 1288 1360 1372 πρὸς
1413 1289 1488 1352 τὸ
1545 1294 1848 1372 καθῆκον
1895 1285 1995 1352 τέ-

70 1399 184 1471 λος
230 1392 783 1481 διηκριβωμένας·
831 1393 1010 1477 παρὰ
1046 1393 1275 1475 μόνοις
1312 1394 1439 1478 γὰρ
1475 1394 1738 1472 τούτοις
1775 1394 1847 1459 οί
1879 1396 1994 1478 δη-

0 1518 42 1559 ιο
70 1497 382 1585 μιουργοὶ
435 1500 676 1575 πάντες
723 1492 865 1562 οὔτ’
919 1496 1228 1581 ἐργασίας
1282 1500 1486 1583 ἄλλης
1545 1501 1697 1565 οὔτε
1743 1506 1993 1567 πολιτι-

68 1615 188 1689 κῆς
234 1605 477 1683 τάξεως
522 1601 1047 1687 μεταλαμβάνειν
1085 1601 1322 1667 ἐῶνται
1362 1606 1536 1687 πλὴν
1580 1614 1697 1689 τῆς
1743 1605 1815 1672 ἐκ
1859 1618 1993 1672 τῶν

69 1712 301 1793 νόμων
348 1705 716 1793 ὡρισμένης
759 1705 870 1772 καὶ
916 1709 1093 1792 παρὰ
1146 1719 1280 1773 τῶν
1326 1708 1582 1791 γονέων
1626 1713 1994 1797 παραδεδο-

72 1812 306 1899 μένης,
364 1814 530 1879 ὥστε
585 1816 743 1897 μήτε
800 1814 1208 1879 διδασκάλου
1268 1816 1542 1898 φθόνον
1597 1818 1757 1899 μήτε
1812 1822 1996 1882 πολι-

72 1923 298 2006 τικοὺς
358 1922 855 2006 περισπασμοὺς
912 1917 1060 2004 μήτ’
1124 1921 1286 1985 ἄλλο
1352 1915 1565 2004 μηδὲν
1623 1919 1998 2005 ἐμποδίζειν

0 2051 39 2092 ιε
71 2028 294 2094 αὐτῶν
338 2027 461 2111 τὴν
506 2027 601 2104 εἰς
646 2036 851 2092 ταῦτα
897 2027 1217 2110 σπουδήν.
1299 2027 1479 2113 παρὰ
1524 2022 1646 2111 μὲν
1693 2028 1821 2115 γὰρ
1859 2038 1998 2105 τοῖς
2036 2049 2064 2098 7

72 2136 297 2211 ἄλλοις
345 2135 515 2199 ἰδεῖν
561 2135 700 2199 ἔστι
744 2137 901 2210 τοὺς
946 2137 1242 2218 τεχνίτας
1287 2131 1441 2220 περὶ
1477 2136 1690 2200 πολλὰ
1726 2144 1805 2222 τῇ
1853 2137 1996 2199 δια-

71 2244 223 2328 νοίᾳ
270 2237 814 2329 περισπωμένους
858 2237 969 2305 καὶ
1017 2241 1129 2304 διὰ
1174 2240 1299 2322 τὴν
1334 2240 1723 2318 πλεονεξίαν
1759 2242 1848 2324 μὴ
1887 2239 1997 2324 μέ-

72 2370 311 2425 νοντας
354 2349 431 2412 τὸ
477 2347 790 2434 παράπαν
838 2344 943 2411 ἐπὶ
988 2353 1104 2429 τῆς
1151 2347 1327 2422 ἰδίας
1373 2344 1709 2431 ἐργασίας·
1766 2347 1837 2410 οἰ
1875 2342 1998 2430 μὲν

75 2455 200 2538 γὰρ
257 2452 663 2537 ἐφάπτονται
716 2453 1072 2537 γεωργίας,
1139 2451 1211 2514 οἰ
1265 2447 1327 2515 δ’
1391 2450 1707 2538 ἐμπορίας
1760 2475 1996 2517 κοινω-

0 2581 49 2621 20
77 2567 345 2641 νοῢσιν,
411 2560 481 2624 οἰ
531 2554 605 2623 δὲ
661 2560 856 2622 δυοῖν
911 2556 952 2640 ἢ
1008 2567 1213 2643 τριῶν
1276 2567 1527 2641 τεχνῶν
1590 2556 1994 2644 ἀντέχονται,

76 2668 371 2729 πλεῖστοι
430 2662 491 2729 δ’
546 2664 619 2730 ἐν
671 2674 814 2740 ταῖς
871 2660 1524 2749 δημοκρατουμέναις
1582 2667 1855 2730 πόλεσιν
1901 2667 1995 2743 εἰς

73 2769 191 2845 τὰς
236 2767 581 2853 ἐκκλησίας
634 2765 1105 2854 σνντρέχοντες
1159 2770 1281 2852 τὴν
1329 2765 1452 2853 μὲν
1497 2773 1835 2837 πολιτείαν
1881 2775 1994 2837 λυ-

74 2878 446 2959 μαίνονται,
493 2877 569 2940 τὸ
619 2870 691 2939 δὲ
725 2871 1072 2952 ’λυσιτελὲς
1107 2884 1611 2961 περιποιοῦνται
1646 2879 1825 2964 παρὰ
1860 2888 1995 2944 τῶν

75 2981 695 3065 μισθοδοτούντων·
749 2982 928 3066 παρὰ
984 2976 1057 3045 δὲ
1109 2990 1249 3058 τοῖς
1305 2983 1728 3066 Αἰγυπτίοις,
1785 2989 1852 3048 εἰ
1897 3006 1996 3058 τις

0 3115 47 3158 25
76 3098 209 3152 τῶν
236 3097 554 3172 τεχνιτῶν
572 3087 883 3171 μετάσχοι
909 3095 1024 3170 τῆς
1040 3089 1373 3163 πολιτείας
1399 3086 1442 3170 ἢ
1469 3087 1702 3171 τέχνας
1728 3090 1996 3163 πλείους

77 3192 437 3277 ἐργάζοιτο,
486 3192 797 3276 μεγάλαις
842 3194 1212 3278 περιπίπτει
1256 3197 1615 3280 τιμωρίαις.

262 3300 401 3381 Τὴν
448 3294 569 3383 μὲν
616 3293 740 3364 οὖν
795 3300 1123 3385 διαίρεσιν
1164 3306 1282 3382 τῆς
1327 3301 1658 3374 πολιτείας
1709 3292 1819 3360 καὶ
1872 3293 1996 3374 τὴν
2031 3311 2064 3359 8

224 3497 289 3546 13
329 3487 833 3556 παραδιδασκάλου
873 3491 921 3543 D
1044 3495 1111 3543 19
1146 3488 1449 3561 γεωργίας]
1486 3487 1583 3541 καὶ
1619 3486 1889 3554 γεωργεῖν
1925 3481 1995 3548 D,

76 3561 175 3615 καὶ
211 3563 485 3631 γεωργίας
521 3562 745 3616 Bekker
918 3566 985 3616 25
1024 3559 1331 3628 πολιτείας]
1374 3554 1668 3624 ἐκκλησίας
1703 3550 1752 3603 D
1927 3555 1995 3604 26

77 3633 395 3704 τιμωρίαις]
436 3634 654 3702 ζημίαις
690 3632 757 3687 ΙΙ.
