2569 4061
370 277 506 344 234
1040 276 1350 333 DIODORI
1387 276 1618 334 SICULI

370 445 575 527 γόντα
629 441 747 517 τὰς
791 439 1014 524 κώμας
1069 441 1165 517 εἰς
1208 443 1368 516 τοὺς
1413 437 1736 514 εὐθέτους
1778 439 2058 519 τόπους,
2101 443 2305 519 τιμᾶν

374 572 443 615 τε
505 544 884 624 καταδεῖξαι
943 548 1018 611 τὸ
1076 552 1273 612 θεῖον
1331 544 1443 611 καὶ
1502 548 1755 630 νόμους
1814 544 2304 626 εἰσηγήσασθαι

369 650 482 717 καὶ
555 652 977 737 δικαστήρια,
1038 653 1343 717 καθόλου
1417 648 1492 716 δὲ
1564 655 1834 716 πολλῶν
1903 646 2016 713 καὶ
2078 652 2305 714 καλῶν

372 759 588 844 ἔργων
644 759 1002 843 εἰσηγητὴν
1062 760 1428 843 γενόμενον
1491 758 1661 823 θεὸν
1720 760 2131 841 νομισθῆναι
2191 751 2305 819 καὶ

300 886 331 935 6
369 876 597 950 τυχεῖν
662 865 1021 931 ἀθανάτων
1079 874 1307 949 τιμῶν.
1403 864 1747 950 ἱστοροῦσι
1810 856 1870 927 δ’
1924 861 2131 927 αὐτὸν
2190 857 2301 925 καὶ
2331 882 2361 923 ⁵

367 983 711 1055 γυναικῶν
764 978 1027 1054 πλῆθος
1081 971 1245 1056 μετὰ
1297 979 1422 1036 τοῦ
1467 968 1924 1057 στρατοπέδου
1979 968 2282 1053 περιάγε-
2304 993 2412 1043 152

370 1084 565 1161 σθαι,
629 1075 741 1143 καὶ
803 1079 969 1143 κατὰ
1021 1079 1138 1154 τὰς
1202 1077 1276 1144 ἐν
1339 1088 1480 1155 τοῖς
1536 1075 1850 1161 πολέμοις
1911 1074 2303 1161 παρατάξεις

368 1184 737 1269 τυμπάνοις
762 1182 874 1248 καὶ
901 1184 1265 1268 κυμβάλοις
1296 1190 1684 1270 κεχρῆσθαι,
1716 1186 1909 1267 μήπω
1938 1182 2302 1264 σάλπιγγος

370 1286 754 1373 εὑρημένης.
829 1290 1319 1373 βασιλεύσαντα
1357 1286 1432 1355 δὲ
1467 1291 1682 1373 πάσης
1716 1297 1832 1371 τῆς
1868 1286 2153 1370 Ἰνδικῆς
2188 1288 2300 1371 ἔτη

372 1396 497 1460 δύο
552 1395 717 1480 πρὸς
771 1405 913 1472 τοῖς
969 1399 1380 1480 πεντήκοντα
1433 1398 1608 1484 γήρᾳ
1664 1400 2065 1478 τελευτῆσαι.
2159 1396 2300 1459 δια-
2329 1415 2387 1455 10

373 1498 773 1586 δεξαμένους
820 1497 894 1566 δὲ
938 1505 1095 1580 τοὺς
1140 1503 1334 1580 υἱοὺς
1380 1503 1590 1568 αὐτοῦ
1626 1502 1750 1586 τὴν
1794 1500 2160 1586 ἡγεμονίαν
2200 1497 2301 1566 ἀεὶ

369 1617 511 1684 τοῖς
556 1605 673 1692 ἀφ’
719 1606 977 1675 ἑαυτῶν
1013 1609 1368 1675 ἀπολιπεῖν
1404 1611 1526 1693 τὴν
1574 1609 1808 1695 ἀρχήν·
1855 1608 1932 1672 τὸ
1971 1604 2045 1673 δὲ
2082 1611 2302 1672 τελευ-

369 1724 561 1779 ταῖον
622 1720 901 1792 πολλαῖς
962 1727 1224 1798 γενεαῖς
1286 1715 1571 1801 ὕστερον
1637 1715 2124 1797 καταλυθείσης
2185 1720 2305 1796 τῆς

368 1818 724 1905 ἡγεμονίας
771 1823 1364 1906 δημοκρατηθῆναι
1408 1823 1526 1899 τὰς
1568 1824 1814 1898 πόλεις.

264 1925 347 1990 39
549 1924 722 2013 Περὶ
759 1923 883 2012 μὲν
919 1922 1046 1993 οὖν
1082 1936 1204 1993 τοῦ
1240 1929 1592 1993 Διονύσου
1628 1926 1740 1993 καὶ
1774 1937 1910 1992 τῶν
1948 1926 2302 2009 ἀπογόνων
2330 1947 2386 1988 15

368 2033 577 2099 αὐτοῦ
640 2044 917 2101 τοιαῦτα
974 2040 1483 2121 μυθολογοῦσιν
1546 2036 1618 2101 οἱ
1665 2036 1790 2120 τὴν
1853 2034 2128 2120 ὀρεινὴν
2186 2043 2303 2117 τῆς

363 2133 644 2223 Ἰνδικῆς
698 2149 1179 2219 κατοικοῦντες.
1270 2143 1391 2206 τόν
1435 2164 1506 2205 τε
1543 2138 1873 2227 Ἡρακλέα
1928 2138 2095 2225 φασὶ
2138 2122 2295 2224 παρ’

368 2244 598 2321 αὑτοῖς
650 2251 1087 2331 γεγενῆσθαι,
1156 2245 1268 2310 καὶ
1321 2248 1795 2332 παραπλησίως
1846 2255 1988 2321 τοῖς
2026 2242 2303 2329 Ἕλλησι

365 2354 442 2417 τό
486 2374 555 2416 τε
603 2351 902 2438 ῥόπαλον
947 2350 1058 2417 καὶ
1102 2352 1226 2436 τὴν
1273 2357 1553 2435 λεοντῆν
1600 2352 1778 2440 αὐτῷ
1824 2352 2300 2438 προσάπτουσι.

296 2475 329 2523 2
368 2464 449 2541 τῇ
515 2452 589 2521 δὲ
651 2466 774 2521 τοῦ
848 2459 1150 2541 σώματος
1215 2457 1404 2544 ῥώμῃ
1467 2456 1578 2523 καὶ
1642 2458 1808 2543 ἀλκῇ
1870 2463 2095 2547 πολλῷ
2167 2469 2303 2524 τῶν
2330 2480 2388 2520 20

369 2562 592 2625 ἄλλων
639 2560 1022 2648 ἀνθρώπων
1069 2564 1466 2647 διενεγκεῖν,
1514 2563 1626 2629 καὶ
1671 2565 1982 2650 καθαρὰν
2027 2573 2303 2649 ποιῆσαι

367 2677 501 2732 τῶν
564 2671 830 2753 θηρίων
893 2676 1022 2752 γῆν
1086 2692 1156 2733 τε
1220 2666 1333 2734 καὶ
1394 2671 1754 2736 θάλατταν.
1860 2674 2163 2757 γήμαντα
2228 2668 2303 2737 δὲ

366 2775 637 2849 πλείους
681 2783 1003 2856 γυναῖκας
1055 2776 1248 2853 υἱοὺς
1295 2772 1418 2860 μὲν
1469 2777 1791 2860 πολλούς,
1836 2776 2179 2863 θυγατέρα
2225 2774 2302 2843 δὲ

366 2883 528 2965 μίαν
596 2889 945 2965 γεννῆσαι,
1007 2879 1123 2947 καὶ
1185 2883 1446 2949 τούτων
1519 2883 1844 2967 ἐνηλίκων
1915 2882 2300 2968 γενομένων

369 2996 593 3053 πᾶσαν
629 2987 753 3070 τὴν
783 2984 1074 3072 Ἰνδικὴν
1119 2990 1510 3073 διελόμενον
1548 2990 1643 3066 εἰς
1680 2995 1828 3065 ἴσας
1863 2999 2005 3065 τοῖς
2038 2988 2300 3067 τέκνοις
2328 3010 2387 3051 25

365 3095 668 3180 μερίδας,
727 3093 1021 3171 ἅπαντας
1084 3096 1242 3172 τοὺς
1306 3096 1499 3172 υἱοὺς
1561 3094 1902 3175 ἀποδεῖξαι
1965 3094 2299 3179 βασιλέας,

367 3203 528 3285 μίαν
567 3196 640 3265 δὲ
686 3192 1028 3284 θυγατέρα
1061 3199 1414 3286 θρέψαντα
1457 3200 1569 3266 καὶ
1604 3203 1854 3285 ταύτην
1899 3204 2300 3285 βασίλισσαν

295 3327 327 3375 3
368 3305 729 3385 ἀποδεῖξαι.
799 3310 1070 3391 κτίστην
1104 3331 1176 3372 τε
1211 3310 1473 3373 πόλεων
1511 3307 1636 3373 οὐκ
1672 3308 1918 3390 ὀλίγων
1955 3307 2299 3392 γενέσθαι,

511 3535 543 3580 3
583 3529 940 3600 δικαστήρια]
979 3533 1315 3598 καταδεῖξαι
1353 3532 1481 3588 add.
1519 3534 1569 3588 D
1718 3542 1788 3589 10
1823 3533 2062 3605 γηραιὸν
2100 3535 2165 3589 G.
