2569 4061
962 420 990 474 1
1025 426 1110 477 22.
1151 427 1235 476 23.
1993 421 2076 486 37

153 584 413 670 ρούσης.
507 584 790 668 Κάδμον
856 581 918 649 δ’
983 585 1395 668 αἰσθόμενον
1457 587 1532 650 τὸ
1597 586 1902 669 γεγονός,
1969 582 2080 650 καὶ
2119 587 2152 637 ὅ

149 692 449 776 χρησμὸν
495 692 731 775 ἔχοντα
779 690 1120 773 διατηρεῖν
1155 691 1236 755 τὰ
1281 701 1418 756 τῶν
1461 690 1763 778 πατέρων
1808 694 2079 777 νόμιμα,

150 798 497 881 χρυσῶσαί
544 819 614 862 τε
670 797 745 862 τὸ
801 794 1051 882 βρέφος
1108 795 1220 861 καὶ
1265 798 1382 874 τὰς
1426 799 1853 881 καθηκούσας
1897 798 2077 886 αὐτῷ

152 905 561 987 ποιήσασθαι
614 906 894 986 θυσίας,
950 904 1038 980 ὡς
1093 902 1484 988 ἐπιφανείας
1537 903 1718 980 τινὸς
1773 901 1912 968 κατ’
1967 904 2081 969 ἀν-

97 1031 125 1071 5
153 1009 469 1095 θρώπους
536 1004 864 1096 Ὀσίριδος
935 1008 1396 1094 γεγενημένης.
1498 1009 1750 1087 ἀνάψαι
1826 1005 1900 1074 δὲ
1971 1008 2081 1074 καὶ
2118 1014 2161 1070 6.

152 1117 275 1200 τὴν
328 1114 591 1199 γένεσιν
648 1117 743 1194 εἰς
797 1118 964 1199 Δία,
1028 1117 1445 1200 σεμνύνοντα
1498 1119 1618 1182 τὸν
1655 1114 1919 1202 ’Ὀσιριν
1973 1115 2086 1180 καὶ

151 1233 266 1305 τῆς
303 1226 681 1308 φθαρείσης
715 1223 839 1306 τὴν
879 1224 1200 1306 διαβολὴν
1248 1222 1778 1309 ἀφαιρούμενον·
1828 1223 1935 1287 διὸ
1972 1220 2084 1287 καὶ

151 1332 330 1414 παρὰ
373 1341 514 1408 τοῖς
546 1326 864 1413 ’Ἐλλησιν
910 1327 1276 1412 ἐκδοθῆναι
1322 1333 1527 1414 λόγον
1572 1331 1662 1408 ὡς
1706 1329 1748 1413 ἡ
1794 1329 2083 1414 Κάδμου

151 1434 411 1522 Σεμέλη
458 1435 725 1503 τέτοκεν
771 1434 843 1501 ἐκ
888 1437 1057 1512 Διὸς
1095 1425 1377 1522 Ὄσιριν.
1470 1435 1543 1502 ἐν
1589 1433 1664 1502 δὲ
1709 1447 1848 1514 τοῖς
1892 1436 2082 1502 ὕστε-

72 1566 125 1606 ιο
156 1566 280 1629 ρον
334 1546 603 1630 χρόνοις
660 1539 935 1628 Ὀρφέα,
1000 1542 1296 1627 μεγάλην
1351 1543 1583 1626 ἔχοντα
1640 1543 1844 1623 δόξαν
1902 1544 2082 1630 παρὰ

152 1660 293 1726 τοῖς
322 1647 640 1731 Ἕλλησιν
687 1645 794 1713 ἐπὶ
837 1649 1130 1735 μελῳδία
1183 1645 1294 1712 καὶ
1339 1652 1626 1725 τελεταῖς
1678 1646 1790 1713 καὶ
1841 1655 2081 1715 θεολο-

153 1756 363 1837 γίαις,
424 1753 907 1836 ἐπιξενωθῆναι
961 1762 1099 1829 τοῖς
1143 1754 1507 1837 Καδμείοις
1559 1751 1672 1818 καὶ
1727 1752 2082 1839 διαφερόν-

154 1882 287 1936 τως
322 1857 396 1924 ἐν
432 1869 576 1937 ταῖς
613 1860 863 1943 Θήβαις
898 1864 1276 1943 τιμηθῆναι.
1356 1860 1796 1945 μετεσχηκότα
1834 1856 1909 1925 δὲ
1944 1870 2080 1924 τῶν

152 1962 310 2051 παρ’
382 1965 778 2048 Αἰγυπτίοις
846 1961 1406 2051 θεολογουμένων
1478 1975 1896 2050 μετενεγκεῖν
1959 1966 2083 2049 τὴν
2123 1974 2153 2022 7

73 2101 126 2142 15
144 2071 477 2158 Ὀσίριδος
530 2081 652 2137 τοῦ
705 2077 994 2138 παλαιοῦ
1040 2069 1306 2154 γένεσιν
1354 2070 1461 2138 ἐπὶ
1514 2076 1673 2151 τοὺς
1716 2072 2084 2160 νεωτέρους

155 2181 468 2265 χρόνους,
533 2180 964 2264 χαριζόμενον
1021 2173 1095 2265 δὲ
1157 2189 1299 2256 τοῖς
1354 2180 1714 2264 Καδμείοις
1769 2177 2085 2263 ἐνστήσα-

159 2291 321 2350 σθαι
365 2286 606 2369 καινὴν
650 2287 940 2369 τελετήν,
987 2282 1145 2348 καθ’
1189 2284 1275 2367 ἣν
1312 2286 1733 2370 παραδοῦναι
1779 2295 1920 2360 τοῖς
1965 2307 2086 2367 μυ-

160 2390 467 2476 ουμένοις
502 2391 576 2458 ἐκ
610 2389 910 2476 Σεμέλης
945 2388 1057 2455 καὶ
1084 2392 1251 2467 Διὸς
1289 2394 1737 2474 γεγεννῆσθαι
1772 2391 1892 2456 τὸν
1919 2391 2088 2454 Διό-

158 2507 386 2564 νυσον.
459 2501 618 2574 τοὺς
663 2494 725 2562 δ’
770 2496 1173 2583 ἀνθρώπους
1217 2498 1299 2562 τά
1335 2492 1459 2582 μὲν
1496 2497 1608 2561 διὰ
1644 2496 1767 2579 τὴν
1805 2497 2086 2578 άγνοιαν

81 2633 134 2673 20
161 2602 723 2689 ἐξαπατωμένους,
768 2604 849 2668 τὰ
896 2599 971 2668 δὲ
1018 2604 1130 2668 διὰ
1174 2604 1299 2686 τὴν
1339 2596 1630 2689 Ὀρφέως
1671 2601 2086 2681 ἀξιοπιστίαν

160 2707 271 2775 καὶ
318 2710 522 2790 δόξαν
560 2709 634 2775 έν
668 2720 809 2786 τοϊς
852 2709 1183 2786 τοιούτοις
1224 2707 1692 2795 προσέχοντας,
1740 2711 1815 2775 τὸ
1863 2705 1937 2775 δὲ
1973 2709 2085 2794 μέ-

159 2833 392 2899 γιστον
427 2814 640 2900 ἡδέως
683 2814 1261 2901 προσδεχομένους
1296 2817 1416 2880 τὸν
1452 2817 1619 2881 θεὸν
1649 2813 1939 2900 Ἕλληνα
1974 2839 2083 2881 νο-

160 2925 537 3007 μιζόμενον,
584 2923 886 3008 καθάπερ
922 2925 1330 3009 προείρηται,
1375 2924 1755 3008 χρήσασθαι
1800 2932 1944 2998 ταῖς
1987 2945 2084 2988 τε·

55 3041 122 3092 28
159 3033 392 3107 λεταῖς.
477 3031 698 3095 ἔπειτα
741 3031 1265 3115 παραλαβόντων
1303 3038 1438 3093 τῶν
1473 3029 1939 3116 μυθογράφων
1975 3026 2087 3094 καὶ
2116 3040 2158 3123 ,8

83 3165 133 3204 25
158 3146 458 3220 ποιητῶν
492 3137 568 3201 τὸ
606 3134 819 3219 γένος,
867 3134 1327 3221 ἐμπεπλῆσθαι
1364 3137 1445 3199 τὰ
1478 3133 1753 3222 θέατρα,
1799 3132 1912 3198 καὶ
1947 3145 2090 3210 τοῖς

162 3241 651 3327 ἐπιγινομένοις
717 3244 999 3329 ἰσχυραν
1060 3245 1288 3307 πίστιν
1351 3238 1459 3305 καὶ
1515 3240 1927 3327 ἀμετάθετον
1982 3259 2090 3319 γε·-

161 3348 421 3415 νέσθαι.

297 3457 628 3521 Καθόλου
646 3452 728 3520 δέ
750 3470 916 3537 φασι
941 3457 1100 3531 τοὺς
1112 3451 1438 3537 Ἕλληνας
1465 3451 1906 3532 ἐξιδιάζεσθαι
1931 3448 2093 3524 τοὺς

273 3620 306 3668 6
333 3608 572 3684 Ὄσιριν]
595 3630 653 3666 τε
674 3611 774 3666 καὶ
800 3609 862 3666 τὸ
892 3606 1129 3681 γεγονὸς
1148 3608 1275 3664 add.
1298 3608 1347 3661 D
1425 3611 1491 3661 18
1520 3603 1869 3680 γεγενῆσθοξι
1896 3598 1946 3650 D
2021 3607 2090 3654 21

166 3681 552 3753 προσέχοντας
590 3683 699 3752 OG,
738 3688 957 3752 καιροῖς
994 3678 1220 3750 ἔχοντος
1257 3677 1433 3731 ceteri
1559 3679 1628 3728 25
1668 3668 1948 3739 ἐμπλῆσαι
1983 3669 2093 3723 CF.
