2569 4061
255 250 260 254 ἢ
372 173 418 235 4
1078 169 1390 226 monem
1427 170 1659 227 smum

312 338 354 402 2
375 344 516 420 μῆς.
593 336 895 399 καθόλου
934 329 1008 399 δὲ
1038 334 1150 398 διὰ
1175 335 1300 418 τὴν
1328 332 1400 399 ἐκ
1435 335 1678 418 ταύτης
1715 330 1815 399 ἐπ’
1862 331 2096 419 ἀγαθῷ
2137 335 2302 417 μνή-

374 465 508 526 μην
564 440 635 505 οἱ
694 436 817 525 μὲν
871 443 1127 506 κτίσται
1182 443 1446 506 πόλεων
1503 438 1824 523 γενέσθαι
1886 442 2304 525 προεκλήθη-

375 562 535 630 σαν,
601 549 674 612 οἱ
724 543 798 613 δὲ
863 550 1115 633 νόμους
1176 549 1666 631 εἰσηγήσασθαι
1729 545 2154 632 περιέχοντας
2210 553 2303 633 τῷ

374 661 582 742 κοινῷ
630 656 756 743 βίω
803 655 929 738 τὴν
976 654 1369 739 ἀσφάλειαν,
1416 651 1653 719 πολλοὶ
1691 650 1753 718 δ’
1799 652 2159 737 ἐπιστήμας
2192 649 2304 719 καὶ

377 758 610 843 τέχνας
676 759 972 847 ἐξευρεῖν
1045 760 1624 845 ἐφιλοτιμήθησαν
1688 759 1855 845 πρὸς
1918 759 2305 844 εὐεργεσίαν
2331 782 2357 821 5

374 874 498 930 τοῦ
551 866 792 949 γένους
846 879 983 933 τῶν
1040 867 1439 952 ἀνθρώπων.
1532 866 1599 945 ἐξ
1657 865 1968 931 ἁπάντων
2016 861 2090 929 δὲ
2141 881 2305 948 συμ-

373 972 845 1058 πληρουμένης
887 981 1004 1056 τῆς
1049 974 1504 1058 εὐδαιμονίας,
1550 970 1917 1038 ἀποδοτέον
1953 981 2088 1036 τῶν
2124 969 2305 1035 ἐπαί-

378 1102 518 1143 νων
563 1080 639 1142 τὸ
688 1088 1015 1164 πρωτεῖον
1060 1087 1138 1162 τῇ
1186 1079 1446 1144 τούτων
1492 1075 1750 1163 μάλιστ’
1785 1079 1980 1164 αἰτίᾳ
2028 1077 2305 1164 ἱστορίᾳ.

310 1209 341 1257 2
381 1180 665 1264 ἡγητέον
702 1184 828 1268 γὰρ
866 1178 1040 1248 εἶναι
1075 1183 1326 1267 ταύτην
1355 1185 1623 1268 φύλακα
1659 1180 1782 1268 μὲν
1809 1193 1925 1266 τῆς
1958 1193 2094 1248 τῶν
2131 1180 2306 1258 ἀξιο-

381 1290 601 1371 λόγων
647 1287 906 1374 ἀρετῆς,
954 1291 1255 1377 μάρτυρα
1295 1287 1368 1356 δὲ
1404 1298 1521 1374 τῆς
1565 1300 1702 1356 τῶν
1738 1289 2019 1374 φαύλων
2053 1291 2304 1372 κακίας,
2336 1317 2388 1357 10

379 1393 717 1480 εὐεργέτιν
738 1392 813 1462 δὲ
838 1405 959 1462 τοῦ
986 1406 1222 1462 κοινοῦ
1240 1396 1482 1481 γένους
1498 1407 1636 1463 τῶν
1657 1397 2054 1483 ἀνθρώπων.
2102 1397 2166 1460 εἰ
2178 1396 2306 1481 γὰρ

380 1500 423 1584 ἡ
451 1509 587 1567 τῶν
616 1501 691 1567 ἐν
718 1501 894 1591 ᾅδου
923 1508 1304 1589 μυθολογία
1332 1506 1457 1588 τὴν
1483 1504 1816 1571 ὑπόθεσιν
1843 1500 2310 1587 πεπλασμένην
2347 1516 2378 1567 5

382 1610 627 1692 ἔχουσα
691 1612 905 1675 πολλὰ
981 1612 1428 1695 συμβάλλεται
1493 1622 1634 1689 τοῖς
1698 1611 2084 1697 ἀνθρώποις
2146 1610 2311 1695 πρὸς

382 1714 728 1799 εὐσέβειαν
781 1715 892 1782 καὶ
957 1718 1427 1799 δικαιοσύνην,
1493 1720 1680 1805 πόσῳ
1745 1722 2000 1800 μᾶλλον
2062 1716 2310 1796 ὑπολη-

380 1819 582 1884 πτέον
649 1821 773 1903 τὴν
837 1829 1173 1904 προφῆτιν
1235 1827 1354 1902 τῆς
1417 1820 1737 1905 ἀληθείας
1802 1821 2131 1906 ἱστορίαν,
2195 1828 2312 1903 τῆς
2341 1857 2390 1896 15

384 1926 543 2008 ὅλης
581 1926 988 2009 φιλοσοφίας
1026 1922 1235 1991 οἱονεὶ
1282 1927 1695 2012 μητρόπολιν
1733 1922 1966 2010 οὖσαν,
2014 1926 2314 1992 ἐπισκευ-

385 2032 543 2097 άσαι
589 2032 934 2100 δύνασθαι
977 2034 1060 2098 τὰ
1102 2034 1241 2118 ἤθη
1282 2038 1538 2119 μᾶλλον
1576 2036 1743 2123 πρὸς
1776 2034 2309 2118 καλοκάγαθίαν;

313 2165 346 2213 3
383 2140 624 2219 πάντες
679 2143 806 2228 γὰρ
861 2142 1215 2228 ἄνθρωποι
1269 2142 1384 2208 διὰ
1438 2144 1565 2227 τὴν
1622 2153 1739 2228 τῆς
1793 2144 2058 2230 φύσεως
2112 2140 2314 2210 ἀσθέ-

383 2271 573 2312 νειαν
610 2251 839 2332 βιοῦσι
884 2245 1007 2331 μὲν
1044 2249 1393 2333 ἀκαριαῖόν
1428 2272 1494 2314 τι
1530 2249 1731 2335 μέρος
1775 2258 1897 2316 τοῦ
1931 2249 2179 2326 παντὸς
2215 2249 2313 2313 αἰ-

357 2362 578 2434 ·ῶνος,
625 2340 1124 2437 τετελευτήκασι
1169 2350 1245 2418 δὲ
1291 2354 1506 2419 πάντα
1551 2357 1671 2420 τὸν
1713 2355 1998 2441 ὕστερον
2043 2357 2312 2439 χρόνον,
2342 2391 2395 2431 20

384 2455 497 2527 καὶ
541 2466 682 2534 τοῖς
728 2455 851 2542 μὲν
897 2457 971 2523 ἐν
1014 2460 1107 2546 τῷ
1167 2461 1287 2541 ζῆν
1333 2455 1546 2542 μηδὲν
1591 2459 1942 2542 ἀξιόλογον
1987 2459 2316 2545 πράξασιν

385 2564 521 2648 ἅμα
584 2574 728 2642 ταῖς
783 2575 918 2630 τῶν
985 2565 1310 2649 σωμάτων
1372 2570 1709 2644 τελευταῖς
1774 2567 2315 2649 συναποθνήσκει

386 2668 498 2736 καὶ
542 2671 625 2735 τὰ
673 2672 841 2737 ἄλλα
885 2672 1100 2737 πάντα
1145 2673 1227 2737 τὰ
1272 2674 1440 2739 κατὰ
1500 2674 1619 2739 τὸν
1664 2675 1846 2757 βίον,
1904 2681 2044 2749 τοῖς
2098 2666 2173 2736 δὲ
2221 2664 2309 2735 δι’

389 2777 631 2865 ἀρετὴν
676 2776 1304 2865 περιποιησαμένοις
1360 2779 1565 2860 δόξαν
1612 2780 1687 2846 αἱ
1735 2778 2000 2866 πράξεις
2059 2779 2317 2843 ἅπαντα

387 2887 508 2952 τὸν
535 2886 746 2952 αἰῶνα
780 2887 1337 2972 μνημονεύονται,
1380 2888 1826 2972 διαβοώμεναι
1860 2893 1953 2975 τῷ
1988 2885 2315 2973 θειοτάτῳ
2345 2923 2397 2963 25

318 3017 353 3064 4
389 3001 506 3078 τῆς
544 2993 841 3080 ἱστορίας
872 2996 1161 3078 στόματι.
1233 2994 1447 3059 καλὸν
1485 2990 1576 3077 δ’,
1615 2987 1821 3078 οἶμαι,
1859 3001 2000 3069 τοῖς
2035 2985 2111 3056 εὖ
2149 3015 2316 3078 φρο-

389 3109 586 3168 νοῦσι
631 3107 907 3185 θνητῶν
951 3102 1178 3165 πόνων
1227 3098 1916 3179 ἀντικαταλλάξασθαι
1969 3099 2094 3181 τὴν
2149 3096 2318 3163 ἀθά-

538 3229 566 3275 1
606 3216 840 3293 ἀγαθῶ]
877 3216 1116 3290 ἄπειρον
1155 3220 1241 3275 OF
1360 3226 1393 3275 3
1430 3219 1784 3306 παρέχοντας
1821 3218 1919 3275 Oh.
1949 3218 2140 3275 Graux
2284 3227 2316 3276 8

393 3290 549 3365 αἰτίᾳ
587 3308 694 3348 om.
735 3276 852 3348 GF1
995 3297 1028 3346 9
1066 3291 1301 3361 φύλακα
1330 3291 1405 3359 G,
1444 3240 1671 3361 φυλακὴ
1676 3311 1709 3345 ν
1756 3289 1931 3347 ceteri
2075 3298 2141 3346 12
2179 3286 2318 3347 ὑπό·

393 3378 595 3446 μνησιν
622 3363 672 3418 D
805 3368 873 3418 14
910 3362 1118 3434 μᾶλλον
1156 3380 1264 3422 om.
1304 3360 1391 3418 CF
1518 3368 1583 3418 17
1623 3311 1734 3432 ἔθη
1774 3362 1859 3418 OF
2009 3367 2078 3417 27
2116 3358 2316 3419 ανταλ-

393 3429 678 3495 λάξασθαι
714 3434 764 3487 D
804 3435 894 3505 (cf.
933 3432 985 3489 X
1021 3439 1087 3490 21
1093 3437 1182 3507 ,.5)
