2569 4061
369 296 502 361 426
1037 294 1355 380 ΒΙΟΒΟΒΙ.
1378 294 1613 352 SICULI

370 461 582 525 ἔκτισε
635 460 833 523 πόλιν
890 456 1217 544 εὐμεγέθη
1273 459 1398 542 τὴν
1453 458 1951 543 ὀνομασθεῖσαν
1997 458 2127 525 ἀπὸ
2177 468 2303 543 τῆς

301 593 333 643 2
372 566 535 630 κατὰ
580 565 702 648 τὴν
750 567 1098 651 στρατείαν
1145 566 1308 650 ἄλης
1338 559 1663 649 Ἀλησίαν.
1737 569 2028 644 πολλοὺς
2074 563 2149 632 δὲ
2184 564 2300 632 καὶ

368 680 504 735 τῶν
551 669 892 757 ἐγχωρίων
947 669 1252 756 ἀνέμιξεν
1298 672 1393 747 εἰς
1436 671 1560 754 τὴν
1605 673 1830 736 πόλιν·
1886 666 1983 736 ὧν
2030 670 2299 757 ἐπικρα-

368 776 714 860 τησάντων
766 787 858 867 τῷ
904 780 1151 862 πλήθει
1204 778 1455 854 πάντας
1506 779 1665 853 τοὺς
1719 776 2147 856 ἐνοικοῦντας
2193 777 2298 844 έκ-

369 886 895 971 βαρβαρωθῆναι
950 882 1218 968 συνέβη.
1311 884 1382 949 οἱ
1423 879 1497 949 δὲ
1544 881 1785 949 Κελτοὶ
1838 881 2029 971 μέχρι
2077 886 2294 950 τῶνδε
2324 901 2352 943 5

367 1000 504 1056 τῶν
549 1002 799 1078 καιρῶν
852 1001 1092 1074 τιμῶσι
1143 991 1394 1074 ταύτην
1448 990 1572 1074 τὴν
1624 992 1854 1072 πόλιν,
1902 989 1992 1065 ὡς
2037 988 2296 1074 ἁπάσης

368 1103 486 1179 τῆς
513 1099 832 1179 Κελτικῆς
869 1091 1080 1162 οὖσαν
1108 1094 1335 1162 ἑστίαν
1371 1094 1483 1162 καὶ
1517 1099 1944 1181 μητρόπολιν.
2004 1094 2292 1181 διέμεινε

371 1200 432 1266 δ’
469 1203 634 1286 αὕτη
672 1204 887 1268 πάντα
923 1204 1043 1268 τὸν
1088 1200 1204 1286 ἀφ’
1231 1199 1640 1289 Ἡρακλέους
1675 1206 1923 1289 χρόνον
1966 1201 2294 1288 ἐλευθέρα

366 1308 479 1378 καὶ
525 1308 907 1394 ἀπόρθητος
949 1307 1141 1394 μέχρι
1186 1318 1309 1375 τοῦ
1354 1306 1509 1375 καθ’
1556 1308 1727 1394 ἡμᾶς
1770 1313 2046 1395 χρόνου·
2090 1313 2166 1376 τὸ
2215 1312 2292 1376 δὲ

365 1420 746 1482 τελευταῖον
780 1414 911 1480 ὑπὸ
953 1417 1164 1480 Γαΐου
1203 1417 1545 1503 Καίσαρος
1582 1425 1703 1481 τοῦ
1745 1418 1857 1482 διὰ
1892 1419 1968 1483 τὸ
2005 1415 2292 1501 μέγεθος
2322 1433 2375 1473 1⁰

366 1533 501 1588 τῶν
527 1520 832 1607 πράξεων
859 1528 1030 1588 θεοῦ
1057 1524 1724 1608 προσαγορευθέντος
1751 1522 1824 1588 ἐκ
1857 1526 2008 1607 βίας
2035 1522 2291 1589 ἁλοῦσα

368 1628 892 1712 συνηναγκάσθη
958 1628 1120 1712 μετὰ
1181 1629 1451 1694 πάντων
1522 1639 1659 1693 τῶν
1732 1628 1952 1694 ἄλλων
2015 1630 2289 1694 Κελτῶν

299 1761 331 1809 3
370 1735 783 1820 ὑποταγῆναι
827 1729 1183 1819 Ῥωμαίοις.
1288 1735 1325 1799 ὁ
1381 1730 1442 1799 δ’
1486 1730 1816 1821 οΗρακλῆς
1869 1735 1991 1819 τὴν
2047 1733 2119 1800 ἐκ
2174 1743 2293 1819 τῆς

370 1846 690 1925 Κελτικῆς
733 1843 1012 1927 πορείαν
1059 1838 1164 1906 ἐπὶ
1208 1840 1332 1923 τὴν
1371 1837 1656 1906 Ἰταλίαν
1700 1842 2128 1925 ποιούμενος,
2174 1838 2288 1906 καὶ

371 1947 635 2027 διεξιὼν
662 1948 785 2033 τὴν
814 1947 1083 2034 ὀρεινὴν
1110 1947 1232 2032 τὴν
1259 1948 1425 2012 κατὰ
1459 1947 1577 2023 τὰς
1597 1945 1883 2029 Ἄλπεις,
1913 1947 2284 2029 ὡδοποίησε
2318 1965 2373 2007 15

368 2058 492 2142 τὴν
540 2056 923 2144 ,τραχύτητα
984 2062 1101 2137 τῆς
1156 2052 1322 2118 ὁδοῦ
1381 2050 1491 2118 καὶ
1545 2054 1620 2117 τὸ
1688 2054 2056 2138 δύσβατον,
2121 2053 2290 2118 ὥστε

369 2162 708 2228 δύνασθαι
771 2158 1244 2247 στρατοπέδοις
1305 2157 1417 2225 καὶ
1486 2169 1632 2236 ταῖς
1702 2171 1840 2226 τῶν
1909 2160 2291 2243 ὑποζυγίων

298 2293 332 2340 4
370 2269 769 2347 ἀποσκευαῖς
802 2269 1093 2353 βάσιμον
1129 2262 1319 2333 εἶναι.
1383 2277 1518 2331 τῶν
1558 2262 1631 2332 δὲ
1666 2266 1790 2349 τὴν
1828 2265 2098 2351 ὀρεινὴν
2133 2267 2291 2331 ταύ-

365 2400 491 2461 την
526 2377 1015 2442 κατοικούντων
1061 2376 1419 2462 βαρβάρων
1455 2374 1798 2439 εἰωθότων
1841 2373 1923 2437 τὰ
1959 2371 2291 2451 διεξιόντα

366 2493 503 2547 τῶν
540 2479 1005 2568 στρατοπέδων
1040 2483 1461 2566 περικόπτειν
1496 2477 1607 2545 καὶ
1645 2478 1988 2565 λῃστεύειν
2036 2477 2109 2544 ἐν
2145 2490 2291 2556 ταῖς
2318 2499 2374 2539 20

367 2589 787 2674 δυσχωρίαις,
805 2587 1292 2671 χειρωσάμενος
1318 2586 1612 2662 ἅπαντας
1637 2582 1747 2650 καὶ
1775 2586 1933 2662 τοὺς
1956 2584 2291 2670 ἡγεμόνας

365 2700 481 2776 τῆς
514 2694 930 2776 παρανομίας
967 2691 1223 2758 ἀνελὼν
1269 2690 1580 2775 ἐποίησεν
1617 2691 1880 2776 ἀσφαλῆ
1922 2702 2064 2769 τοῖς
2098 2715 2289 2776 μετα-

367 2795 778 2883 γενεστέροις
812 2798 935 2881 τὴν
973 2796 1385 2883 ὁδοιπορίαν.
1441 2798 1736 2863 διελθὼν
1774 2794 1848 2864 δὲ
1883 2797 2289 2876 τὰς”Αλπεις

365 2902 475 2971 καὶ
493 2913 609 2989 τῆς
635 2912 765 2971 νῦν
791 2902 1196 2989 καλουμένης
1215 2906 1543 2981 Γαλατίας
1563 2905 1692 2989 ,τὴν
1719 2905 2004 2970 πεδιάδα
2023 2903 2289 2983 διεξιὼν

367 3011 718 3098 ἐποιήσατο
764 3013 888 3097 τὴν
930 3013 1210 3097 πορείαν
1256 3012 1370 3076 διὰ
1414 3019 1531 3094 τῆς
1573 3014 1994 3095 Λιγυστικῆς.
2311 3029 2364 3070 25

261 3121 349 3185 20
551 3120 641 3186 Οἱ
698 3115 773 3185 δὲ
835 3119 1085 3202 ταύτην
1145 3118 1271 3201 τὴν
1341 3117 1565 3203 χώραν
1628 3118 1970 3196 οἰκοῦντες
2040 3121 2289 3201 Λίγυες

363 3223 676 3308 νέμονται
713 3235 842 3309 γῆν
867 3233 1179 3310 τραχεῖαν
1213 3221 1326 3289 καὶ
1352 3226 1688 3299 παντελῶς
1726 3224 2015 3309 λυπράν·
2052 3235 2188 3290 τῶν
2218 3220 2280 3289 δ’

510 3418 537 3464 1
568 3409 992 3483 ὀνομαζομένην
1022 3414 1172 3482 vulg.
1247 3419 1283 3467 4
1321 3414 1727 3475 κατοικοῦντας
1757 3414 1867 3469 OF
1935 3420 1967 3468 6
1998 3411 2205 3485 ἐτίμων
2233 3415 2288 3468 Π

366 3482 431 3562 12,
469 3479 701 3537 πάντων
737 3499 845 3538 om.
883 3483 1036 3552 vulg.
1187 3490 1251 3537 17
1292 3481 1585 3537 δύνασθαι
1622 3482 1875 3540 abundat
2019 3490 2089 3540 20
2126 3504 2290 3556 περι-

360 3562 598 3600 κοπτειν
634 3551 734 3604 καὶ
771 3568 879 3605 om.
912 3552 960 3611 F
1087 3558 1155 3606 26
1194 3553 1595 3614 κατοικοῦντες
1633 3552 1705 3607 F.
