<?xml version="1.0" encoding="UTF-8"?>
<!DOCTYPE html PUBLIC "-//W3C//DTD XHTML 1.0 Transitional//EN"
    "http://www.w3.org/TR/xhtml1/DTD/xhtml1-transitional.dtd">
<html xmlns="http://www.w3.org/1999/xhtml" xml:lang="en" lang="en">
 <head>
  <title>
</title>
<meta http-equiv="Content-Type" content="text/html;charset=utf-8" />
  <meta name='ocr-system' content='tesseract 3.04.00' />
  <meta name='ocr-capabilities' content='ocr_page ocr_carea ocr_par ocr_line ocrx_word'/>
</head>
<body>
  <div class='ocr_page' id='page_1' title='image "./diodoribiblioth02dindgoog/diodoribiblioth02dindgoog_0385.png"; bbox 0 0 2569 4061; ppageno 0'>
   <div class='ocr_carea' id='block_1_1' title="bbox 1039 275 2183 348">
    <p class='ocr_par' dir='ltr' id='par_1_1' title="bbox 1039 275 2183 348">
     <span class='ocr_line' id='line_1_1' title="bbox 1039 275 2183 348; baseline -0.001 -18"><span class='ocrx_word' id='word_1_1' title='bbox 1039 275 1121 330; x_wconf 87' lang='lat'><strong><em>111</em></strong></span> <span class='ocrx_word' id='word_1_2' title='bbox 1161 279 1244 330; x_wconf 88' lang='lat'><strong><em>14.</em></strong></span> <span class='ocrx_word' id='word_1_3' title='bbox 1288 280 1370 331; x_wconf 82' lang='lat'><strong><em>15.</em></strong></span> <span class='ocrx_word' id='word_1_4' title='bbox 2050 279 2183 348; x_wconf 77' lang='lat'><strong><em>285</em></strong></span> 
     </span>
    </p>
   </div>
   <div class='ocr_carea' id='block_1_2' title="bbox 202 436 2307 3402">
    <p class='ocr_par' dir='ltr' id='par_1_2' title="bbox 268 436 2263 846">
     <span class='ocr_line' id='line_1_2' title="bbox 268 436 2263 526; baseline 0.003 -20"><span class='ocrx_word' id='word_1_5' title='bbox 268 438 509 506; x_wconf 81' lang='grc' dir='ltr'><strong><em>σιλέων</em></strong></span> <span class='ocrx_word' id='word_1_6' title='bbox 545 439 1069 522; x_wconf 78' lang='grc' dir='ltr'><strong><em>καταδειχθεῖσα.</em></strong></span> <span class='ocrx_word' id='word_1_7' title='bbox 1141 436 1296 526; x_wconf 83' lang='grc' dir='ltr'><strong><em>περὶ</em></strong></span> <span class='ocrx_word' id='word_1_8' title='bbox 1333 437 1407 504; x_wconf 75' lang='grc' dir='ltr'><strong><em>δὲ</em></strong></span> <span class='ocrx_word' id='word_1_9' title='bbox 1444 451 1578 505; x_wconf 84' lang='grc' dir='ltr'><strong><em>τῶν</em></strong></span> <span class='ocrx_word' id='word_1_10' title='bbox 1615 440 1839 508; x_wconf 83' lang='grc' dir='ltr'><strong><em>ἐθνῶν</em></strong></span> <span class='ocrx_word' id='word_1_11' title='bbox 1880 442 2191 524; x_wconf 91' lang='grc' dir='ltr'><strong><em>[τούτων]</em></strong></span> <span class='ocrx_word' id='word_1_12' title='bbox 2232 465 2263 513; x_wconf 82' lang='grc'><strong>6</strong></span> 
     </span>
     <span class='ocr_line' id='line_1_3' title="bbox 269 543 2197 635; baseline 0.001 -23"><span class='ocrx_word' id='word_1_13' title='bbox 269 558 407 613; x_wconf 90' lang='grc' dir='ltr'><strong><em>τῶν</em></strong></span> <span class='ocrx_word' id='word_1_14' title='bbox 460 546 953 611; x_wconf 81' lang='grc' dir='ltr'><strong><em>κατοικούντων</em></strong></span> <span class='ocrx_word' id='word_1_15' title='bbox 1006 549 1133 629; x_wconf 81' lang='grc' dir='ltr'><strong><em>τήν</em></strong></span> <span class='ocrx_word' id='word_1_16' title='bbox 1190 569 1262 611; x_wconf 88' lang='grc' dir='ltr'><strong><em>τε</em></strong></span> <span class='ocrx_word' id='word_1_17' title='bbox 1324 548 1654 632; x_wconf 78' lang='grc' dir='ltr'><strong><em>παράλιον</em></strong></span> <span class='ocrx_word' id='word_1_18' title='bbox 1707 558 1828 615; x_wconf 89' lang='grc' dir='ltr'><strong><em>τοῦ</em></strong></span> <span class='ocrx_word' id='word_1_19' title='bbox 1884 543 2197 635; x_wconf 77' lang='grc' dir='ltr'><strong><em>Ἀραβίου</em></strong></span> 
     </span>
     <span class='ocr_line' id='line_1_4' title="bbox 271 649 2198 740; baseline 0.001 -21"><span class='ocrx_word' id='word_1_20' title='bbox 271 656 526 720; x_wconf 90' lang='grc' dir='ltr'><strong><em>κόλπου</em></strong></span> <span class='ocrx_word' id='word_1_21' title='bbox 581 651 693 718; x_wconf 90' lang='grc' dir='ltr'><strong><em>καὶ</em></strong></span> <span class='ocrx_word' id='word_1_22' title='bbox 746 654 1332 738; x_wconf 83' lang='grc' dir='ltr'><strong><em>Τρωγλοδυτικήν,</em></strong></span> <span class='ocrx_word' id='word_1_23' title='bbox 1392 655 1489 719; x_wconf 82' lang='grc' dir='ltr'><strong><em>ἔτι</em></strong></span> <span class='ocrx_word' id='word_1_24' title='bbox 1543 649 1605 719; x_wconf 89' lang='grc' dir='ltr'><strong><em>δ’</em></strong></span> <span class='ocrx_word' id='word_1_25' title='bbox 1659 656 2031 721; x_wconf 69' lang='grc' dir='ltr'><strong><em>Αίθιοπίαν</em></strong></span> <span class='ocrx_word' id='word_1_26' title='bbox 2075 657 2198 740; x_wconf 81' lang='grc' dir='ltr'><strong><em>τὴν</em></strong></span> 
     </span>
     <span class='ocr_line' id='line_1_5' title="bbox 275 757 2197 846; baseline -0.001 -20"><span class='ocrx_word' id='word_1_27' title='bbox 275 762 443 846; x_wconf 89' lang='grc' dir='ltr'><strong><em>πρὸς</em></strong></span> <span class='ocrx_word' id='word_1_28' title='bbox 486 761 903 846; x_wconf 78' lang='grc' dir='ltr'><strong><em>μεσημβρίαν</em></strong></span> <span class='ocrx_word' id='word_1_29' title='bbox 945 757 1058 825; x_wconf 87' lang='grc' dir='ltr'><strong><em>καὶ</em></strong></span> <span class='ocrx_word' id='word_1_30' title='bbox 1101 762 1327 843; x_wconf 80' lang='grc' dir='ltr'><strong><em>νότον,</em></strong></span> <span class='ocrx_word' id='word_1_31' title='bbox 1363 763 1822 845; x_wconf 78' lang='grc' dir='ltr'><strong><em>πειρασόμεθα</em></strong></span> <span class='ocrx_word' id='word_1_32' title='bbox 1869 759 2197 841; x_wconf 82' lang='grc' dir='ltr'><strong><em>διεξιέναι.</em></strong></span> 
     </span>
    </p>

    <p class='ocr_par' dir='ltr' id='par_1_3' title="bbox 215 862 2307 1379">
     <span class='ocr_line' id='line_1_6' title="bbox 215 862 2307 953; baseline 0.001 -21"><span class='ocrx_word' id='word_1_33' title='bbox 215 899 242 939; x_wconf 83' lang='lat'>5</span> <span class='ocrx_word' id='word_1_34' title='bbox 274 864 428 953; x_wconf 87' lang='grc' dir='ltr'><strong><em>περὶ</em></strong></span> <span class='ocrx_word' id='word_1_35' title='bbox 497 867 779 952; x_wconf 83' lang='grc' dir='ltr'><strong><em>πρώτων</em></strong></span> <span class='ocrx_word' id='word_1_36' title='bbox 844 862 920 931; x_wconf 72' lang='grc' dir='ltr'><strong><em>δὲ</em></strong></span> <span class='ocrx_word' id='word_1_37' title='bbox 986 876 1121 931; x_wconf 84' lang='grc' dir='ltr'><strong><em>τῶν</em></strong></span> <span class='ocrx_word' id='word_1_38' title='bbox 1187 864 1656 951; x_wconf 75' lang='grc' dir='ltr'><strong><em>Ἰχθυοφάγων</em></strong></span> <span class='ocrx_word' id='word_1_39' title='bbox 1720 866 2002 953; x_wconf 79' lang='grc' dir='ltr'><strong><em>ἐροῦμεν</em></strong></span> <span class='ocrx_word' id='word_1_40' title='bbox 2065 877 2200 934; x_wconf 85' lang='grc' dir='ltr'><strong><em>τῶν</em></strong></span> <span class='ocrx_word' id='word_1_41' title='bbox 2223 870 2307 934; x_wconf 83' lang='grc'><strong><em>15</em></strong></span> 
     </span>
     <span class='ocr_line' id='line_1_7' title="bbox 274 971 2203 1059; baseline -0.001 -19"><span class='ocrx_word' id='word_1_42' title='bbox 274 975 769 1040; x_wconf 82' lang='grc' dir='ltr'><strong><em>κατοικούντων</em></strong></span> <span class='ocrx_word' id='word_1_43' title='bbox 803 972 928 1056; x_wconf 81' lang='grc' dir='ltr'><strong><em>τὴν</em></strong></span> <span class='ocrx_word' id='word_1_44' title='bbox 961 974 1294 1059; x_wconf 79' lang='grc' dir='ltr'><strong><em>παράλιον</em></strong></span> <span class='ocrx_word' id='word_1_45' title='bbox 1328 974 1452 1056; x_wconf 84' lang='grc' dir='ltr'><strong><em>τὴν</em></strong></span> <span class='ocrx_word' id='word_1_46' title='bbox 1490 973 1619 1038; x_wconf 84' lang='grc' dir='ltr'><strong><em>ἀπὸ</em></strong></span> <span class='ocrx_word' id='word_1_47' title='bbox 1664 975 2056 1059; x_wconf 78' lang='grc' dir='ltr'><strong><em>Καρμανίας</em></strong></span> <span class='ocrx_word' id='word_1_48' title='bbox 2090 971 2203 1039; x_wconf 87' lang='grc' dir='ltr'><strong><em>καὶ</em></strong></span> 
     </span>
     <span class='ocr_line' id='line_1_8' title="bbox 280 1079 2203 1165; baseline -0.001 -19"><span class='ocrx_word' id='word_1_49' title='bbox 280 1082 661 1164; x_wconf 78' lang='grc' dir='ltr'><strong><em>Γεδρωσίας</em></strong></span> <span class='ocrx_word' id='word_1_50' title='bbox 714 1079 838 1158; x_wconf 77' lang='grc' dir='ltr'><strong><em>ἕως</em></strong></span> <span class='ocrx_word' id='word_1_51' title='bbox 891 1089 1026 1146; x_wconf 89' lang='grc' dir='ltr'><strong><em>τῶν</em></strong></span> <span class='ocrx_word' id='word_1_52' title='bbox 1073 1079 1368 1165; x_wconf 79' lang='grc' dir='ltr'><strong><em>ἐσχάτων</em></strong></span> <span class='ocrx_word' id='word_1_53' title='bbox 1419 1089 1543 1146; x_wconf 89' lang='grc' dir='ltr'><strong><em>τοῦ</em></strong></span> <span class='ocrx_word' id='word_1_54' title='bbox 1602 1089 1818 1165; x_wconf 81' lang='grc' dir='ltr'><strong><em>μυχοῦ</em></strong></span> <span class='ocrx_word' id='word_1_55' title='bbox 1872 1088 1994 1145; x_wconf 86' lang='grc' dir='ltr'><strong><em>τοῦ</em></strong></span> <span class='ocrx_word' id='word_1_56' title='bbox 2039 1081 2203 1145; x_wconf 80' lang='grc' dir='ltr'><strong><em>κατὰ</em></strong></span> 
     </span>
     <span class='ocr_line' id='line_1_9' title="bbox 279 1184 2203 1272; baseline -0.001 -19"><span class='ocrx_word' id='word_1_57' title='bbox 279 1189 398 1253; x_wconf 89' lang='grc' dir='ltr'><strong><em>τὸν</em></strong></span> <span class='ocrx_word' id='word_1_58' title='bbox 437 1184 748 1272; x_wconf 89' lang='grc' dir='ltr'><strong><em>Ἀράβιον</em></strong></span> <span class='ocrx_word' id='word_1_59' title='bbox 805 1188 1056 1252; x_wconf 82' lang='grc' dir='ltr'><strong><em>κόλπον</em></strong></span> <span class='ocrx_word' id='word_1_60' title='bbox 1112 1184 1509 1272; x_wconf 74' lang='grc' dir='ltr'><strong><em>ἱδρυμένου,</em></strong></span> <span class='ocrx_word' id='word_1_61' title='bbox 1572 1186 1644 1264; x_wconf 87' lang='grc' dir='ltr'><strong><em>ὃς</em></strong></span> <span class='ocrx_word' id='word_1_62' title='bbox 1699 1188 1794 1264; x_wconf 86' lang='grc' dir='ltr'><strong><em>εἰς</em></strong></span> <span class='ocrx_word' id='word_1_63' title='bbox 1846 1187 1992 1269; x_wconf 78' lang='grc' dir='ltr'><strong><em>τὴν</em></strong></span> <span class='ocrx_word' id='word_1_64' title='bbox 2015 1189 2203 1271; x_wconf 85' lang='grc' dir='ltr'><strong><em>μεσό-</em></strong></span> 
     </span>
     <span class='ocr_line' id='line_1_10' title="bbox 280 1290 2205 1379; baseline 0 -21"><span class='ocrx_word' id='word_1_65' title='bbox 280 1317 468 1377; x_wconf 88' lang='grc' dir='ltr'><strong><em>γειον</em></strong></span> <span class='ocrx_word' id='word_1_66' title='bbox 540 1293 806 1377; x_wconf 84' lang='grc' dir='ltr'><strong><em>ἀνήκων</em></strong></span> <span class='ocrx_word' id='word_1_67' title='bbox 879 1295 1162 1359; x_wconf 76' lang='grc' dir='ltr'><strong><em>ἄπιστον</em></strong></span> <span class='ocrx_word' id='word_1_68' title='bbox 1234 1294 1563 1377; x_wconf 88' lang='grc' dir='ltr'><strong><em>διάστημα</em></strong></span> <span class='ocrx_word' id='word_1_69' title='bbox 1637 1290 1836 1359; x_wconf 87' lang='grc' dir='ltr'><strong><em>δυσὶν</em></strong></span> <span class='ocrx_word' id='word_1_70' title='bbox 1906 1293 2205 1379; x_wconf 73' lang='grc' dir='ltr'><strong><em>ἠπείροις</em></strong></span> 
     </span>
    </p>

    <p class='ocr_par' dir='ltr' id='par_1_4' title="bbox 203 1396 2281 1911">
     <span class='ocr_line' id='line_1_11' title="bbox 203 1396 2209 1486; baseline -0.003 -15"><span class='ocrx_word' id='word_1_71' title='bbox 203 1431 256 1471; x_wconf 84' lang='lat'><strong><em>10</em></strong></span> <span class='ocrx_word' id='word_1_72' title='bbox 283 1402 720 1486; x_wconf 83' lang='grc' dir='ltr'><strong><em>περικλείεται</em></strong></span> <span class='ocrx_word' id='word_1_73' title='bbox 782 1402 949 1480; x_wconf 88' lang='grc' dir='ltr'><strong><em>πρὸς</em></strong></span> <span class='ocrx_word' id='word_1_74' title='bbox 1009 1401 1130 1465; x_wconf 90' lang='grc' dir='ltr'><strong><em>τὸν</em></strong></span> <span class='ocrx_word' id='word_1_75' title='bbox 1193 1400 1512 1483; x_wconf 80' lang='grc' dir='ltr'><strong><em>ἔκπλουν,</em></strong></span> <span class='ocrx_word' id='word_1_76' title='bbox 1579 1409 1659 1485; x_wconf 75' lang='grc' dir='ltr'><strong><em>τῇ</em></strong></span> <span class='ocrx_word' id='word_1_77' title='bbox 1723 1396 1846 1485; x_wconf 75' lang='grc' dir='ltr'><strong><em>μὲν</em></strong></span> <span class='ocrx_word' id='word_1_78' title='bbox 1898 1399 2030 1464; x_wconf 84' lang='grc' dir='ltr'><strong><em>ὑπὸ</em></strong></span> <span class='ocrx_word' id='word_1_79' title='bbox 2094 1408 2209 1484; x_wconf 82' lang='grc' dir='ltr'><strong><em>τῆς</em></strong></span> 
     </span>
     <span class='ocr_line' id='line_1_12' title="bbox 281 1502 2207 1592; baseline -0.001 -20"><span class='ocrx_word' id='word_1_80' title='bbox 281 1507 681 1590; x_wconf 84' lang='grc' dir='ltr'><strong><em>εὐδαίμονος</em></strong></span> <span class='ocrx_word' id='word_1_81' title='bbox 709 1502 1042 1591; x_wconf 82' lang='grc' dir='ltr'><strong><em>Ἀραβίας,</em></strong></span> <span class='ocrx_word' id='word_1_82' title='bbox 1087 1513 1168 1592; x_wconf 77' lang='grc' dir='ltr'><strong><em>τῇ</em></strong></span> <span class='ocrx_word' id='word_1_83' title='bbox 1208 1504 1274 1571; x_wconf 89' lang='grc' dir='ltr'><strong><em>δ’</em></strong></span> <span class='ocrx_word' id='word_1_84' title='bbox 1318 1506 1451 1572; x_wconf 85' lang='grc' dir='ltr'><strong><em>ὑπὸ</em></strong></span> <span class='ocrx_word' id='word_1_85' title='bbox 1487 1514 1604 1591; x_wconf 82' lang='grc' dir='ltr'><strong><em>τῆς</em></strong></span> <span class='ocrx_word' id='word_1_86' title='bbox 1646 1506 2207 1591; x_wconf 76' lang='grc' dir='ltr'><strong><em>Τρωγλοδυτικῆς.</em></strong></span> 
     </span>
     <span class='ocr_line' id='line_1_13' title="bbox 283 1608 2281 1701; baseline 0.003 -26"><span class='ocrx_word' id='word_1_87' title='bbox 283 1612 543 1676; x_wconf 92' lang='grc' dir='ltr'><strong><em>τούτων</em></strong></span> <span class='ocrx_word' id='word_1_88' title='bbox 617 1608 690 1676; x_wconf 74' lang='grc' dir='ltr'><strong><em>δὲ</em></strong></span> <span class='ocrx_word' id='word_1_89' title='bbox 764 1621 900 1676; x_wconf 90' lang='grc' dir='ltr'><strong><em>τῶν</em></strong></span> <span class='ocrx_word' id='word_1_90' title='bbox 970 1614 1330 1701; x_wconf 88' lang='grc' dir='ltr'><strong><em>βαρβάρων</em></strong></span> <span class='ocrx_word' id='word_1_91' title='bbox 1393 1608 1568 1690; x_wconf 71' lang='grc' dir='ltr'><strong><em>τινες</em></strong></span> <span class='ocrx_word' id='word_1_92' title='bbox 1638 1608 1762 1695; x_wconf 77' lang='grc' dir='ltr'><strong><em>μὲν</em></strong></span> <span class='ocrx_word' id='word_1_93' title='bbox 1826 1611 2072 1697; x_wconf 85' lang='grc' dir='ltr'><strong><em>γυμνοὶ</em></strong></span> <span class='ocrx_word' id='word_1_94' title='bbox 2133 1613 2209 1677; x_wconf 91' lang='grc' dir='ltr'><strong><em>τὸ</em></strong></span> <span class='ocrx_word' id='word_1_95' title='bbox 2247 1631 2281 1680; x_wconf 79' lang='lat'>2</span> 
     </span>
     <span class='ocr_line' id='line_1_14' title="bbox 284 1715 2211 1804; baseline 0.001 -23"><span class='ocrx_word' id='word_1_96' title='bbox 284 1715 601 1801; x_wconf 91' lang='grc' dir='ltr'><strong><em>παράπαν</em></strong></span> <span class='ocrx_word' id='word_1_97' title='bbox 643 1720 946 1801; x_wconf 86' lang='grc' dir='ltr'><strong><em>βιοῦντες</em></strong></span> <span class='ocrx_word' id='word_1_98' title='bbox 999 1720 1228 1796; x_wconf 81' lang='grc' dir='ltr'><strong><em>κοινὰς</em></strong></span> <span class='ocrx_word' id='word_1_99' title='bbox 1284 1721 1514 1804; x_wconf 81' lang='grc' dir='ltr'><strong><em>ἔχουσι</em></strong></span> <span class='ocrx_word' id='word_1_100' title='bbox 1567 1719 1684 1795; x_wconf 82' lang='grc' dir='ltr'><strong><em>τὰς</em></strong></span> <span class='ocrx_word' id='word_1_101' title='bbox 1736 1729 2057 1802; x_wconf 82' lang='grc' dir='ltr'><strong><em>γυναῖκας</em></strong></span> <span class='ocrx_word' id='word_1_102' title='bbox 2100 1716 2211 1782; x_wconf 88' lang='grc' dir='ltr'><strong><em>καὶ</em></strong></span> 
     </span>
     <span class='ocr_line' id='line_1_15' title="bbox 288 1820 2213 1911; baseline 0.002 -24"><span class='ocrx_word' id='word_1_103' title='bbox 288 1824 369 1888; x_wconf 80' lang='grc' dir='ltr'><strong><em>τὰ</em></strong></span> <span class='ocrx_word' id='word_1_104' title='bbox 423 1820 621 1888; x_wconf 81' lang='grc' dir='ltr'><strong><em>τέκνα</em></strong></span> <span class='ocrx_word' id='word_1_105' title='bbox 673 1826 1148 1909; x_wconf 83' lang='grc' dir='ltr'><strong><em>παραπλησίως</em></strong></span> <span class='ocrx_word' id='word_1_106' title='bbox 1207 1836 1353 1904; x_wconf 79' lang='grc' dir='ltr'><strong><em>ταῖς</em></strong></span> <span class='ocrx_word' id='word_1_107' title='bbox 1414 1836 1549 1891; x_wconf 91' lang='grc' dir='ltr'><strong><em>τῶν</em></strong></span> <span class='ocrx_word' id='word_1_108' title='bbox 1606 1825 2010 1911; x_wconf 88' lang='grc' dir='ltr'><strong><em>θρεμμάτων</em></strong></span> <span class='ocrx_word' id='word_1_109' title='bbox 2064 1822 2213 1907; x_wconf 81' lang='grc' dir='ltr'><strong><em>ἀγέ-</em></strong></span> 
     </span>
    </p>

    <p class='ocr_par' dir='ltr' id='par_1_5' title="bbox 202 1927 2286 2443">
     <span class='ocr_line' id='line_1_16' title="bbox 202 1927 2215 2018; baseline 0 -22"><span class='ocrx_word' id='word_1_110' title='bbox 202 1964 257 2006; x_wconf 78' lang='lat'><strong><em>15</em></strong></span> <span class='ocrx_word' id='word_1_111' title='bbox 288 1936 456 2014; x_wconf 90' lang='grc' dir='ltr'><strong><em>λαις,</em></strong></span> <span class='ocrx_word' id='word_1_112' title='bbox 502 1930 749 2016; x_wconf 79' lang='grc' dir='ltr'><strong><em>ἡδονῆς</em></strong></span> <span class='ocrx_word' id='word_1_113' title='bbox 787 1927 862 1996; x_wconf 72' lang='grc' dir='ltr'><strong><em>δὲ</em></strong></span> <span class='ocrx_word' id='word_1_114' title='bbox 896 1930 1008 1998; x_wconf 89' lang='grc' dir='ltr'><strong><em>καὶ</em></strong></span> <span class='ocrx_word' id='word_1_115' title='bbox 1042 1935 1258 1998; x_wconf 93' lang='grc' dir='ltr'><strong><em>πόνου</em></strong></span> <span class='ocrx_word' id='word_1_116' title='bbox 1296 1933 1419 2016; x_wconf 83' lang='grc' dir='ltr'><strong><em>τὴν</em></strong></span> <span class='ocrx_word' id='word_1_117' title='bbox 1458 1933 1751 2018; x_wconf 83' lang='grc' dir='ltr'><strong><em>φυσικὴν</em></strong></span> <span class='ocrx_word' id='word_1_118' title='bbox 1787 1934 1998 2016; x_wconf 90' lang='grc' dir='ltr'><strong><em>μόνον</em></strong></span> <span class='ocrx_word' id='word_1_119' title='bbox 2036 1930 2215 1997; x_wconf 83' lang='grc' dir='ltr'><strong><em>ἀντί-</em></strong></span> 
     </span>
     <span class='ocr_line' id='line_1_17' title="bbox 286 2039 2217 2126; baseline 0 -22"><span class='ocrx_word' id='word_1_120' title='bbox 286 2043 492 2123; x_wconf 80' lang='grc' dir='ltr'><strong><em>ληψιν</em></strong></span> <span class='ocrx_word' id='word_1_121' title='bbox 536 2040 928 2124; x_wconf 83' lang='grc' dir='ltr'><strong><em>ποιούμενοι</em></strong></span> <span class='ocrx_word' id='word_1_122' title='bbox 971 2049 1108 2105; x_wconf 90' lang='grc' dir='ltr'><strong><em>τῶν</em></strong></span> <span class='ocrx_word' id='word_1_123' title='bbox 1146 2043 1441 2126; x_wconf 79' lang='grc' dir='ltr'><strong><em>αἰσχρῶν</em></strong></span> <span class='ocrx_word' id='word_1_124' title='bbox 1476 2039 1587 2105; x_wconf 88' lang='grc' dir='ltr'><strong><em>καὶ</em></strong></span> <span class='ocrx_word' id='word_1_125' title='bbox 1631 2044 1855 2105; x_wconf 87' lang='grc' dir='ltr'><strong><em>καλῶν</em></strong></span> <span class='ocrx_word' id='word_1_126' title='bbox 1893 2039 2217 2125; x_wconf 86' lang='grc' dir='ltr'><strong><em>οὐδεμίαν</em></strong></span> 
     </span>
     <span class='ocr_line' id='line_1_18' title="bbox 291 2141 2286 2229; baseline 0.001 -19"><span class='ocrx_word' id='word_1_127' title='bbox 291 2146 751 2229; x_wconf 90' lang='grc' dir='ltr'><strong><em>λαμβάνουσιν</em></strong></span> <span class='ocrx_word' id='word_1_128' title='bbox 796 2147 1085 2210; x_wconf 81' lang='grc' dir='ltr'><strong><em>ἔννοιαν.</em></strong></span> <span class='ocrx_word' id='word_1_129' title='bbox 1166 2146 1283 2221; x_wconf 80' lang='grc' dir='ltr'><strong><em>τὰς</em></strong></span> <span class='ocrx_word' id='word_1_130' title='bbox 1322 2141 1396 2210; x_wconf 75' lang='grc' dir='ltr'><strong><em>δὲ</em></strong></span> <span class='ocrx_word' id='word_1_131' title='bbox 1443 2148 1732 2229; x_wconf 80' lang='grc' dir='ltr'><strong><em>οἰκήσεις</em></strong></span> <span class='ocrx_word' id='word_1_132' title='bbox 1776 2147 2045 2229; x_wconf 82' lang='grc' dir='ltr'><strong><em>ἔχουσιν</em></strong></span> <span class='ocrx_word' id='word_1_133' title='bbox 2092 2146 2216 2211; x_wconf 85' lang='grc' dir='ltr'><strong><em>οὐκ</em></strong></span> <span class='ocrx_word' id='word_1_134' title='bbox 2254 2164 2286 2213; x_wconf 84' lang='grc'><strong>3</strong></span> 
     </span>
     <span class='ocr_line' id='line_1_19' title="bbox 293 2249 2220 2337; baseline 0 -21"><span class='ocrx_word' id='word_1_135' title='bbox 293 2254 570 2318; x_wconf 77' lang='grc' dir='ltr'><strong><em>ἄπωθεν</em></strong></span> <span class='ocrx_word' id='word_1_136' title='bbox 632 2259 748 2334; x_wconf 82' lang='grc' dir='ltr'><strong><em>τῆς</em></strong></span> <span class='ocrx_word' id='word_1_137' title='bbox 806 2250 1140 2334; x_wconf 85' lang='grc' dir='ltr'><strong><em>θαλάττης</em></strong></span> <span class='ocrx_word' id='word_1_138' title='bbox 1202 2252 1381 2336; x_wconf 80' lang='grc' dir='ltr'><strong><em>παρὰ</em></strong></span> <span class='ocrx_word' id='word_1_139' title='bbox 1439 2252 1555 2329; x_wconf 76' lang='grc' dir='ltr'><strong><em>τὰς</em></strong></span> <span class='ocrx_word' id='word_1_140' title='bbox 1609 2251 1868 2337; x_wconf 75' lang='grc' dir='ltr'><strong><em>ῥαχίας,</em></strong></span> <span class='ocrx_word' id='word_1_141' title='bbox 1931 2249 2087 2316; x_wconf 89' lang='grc' dir='ltr'><strong><em>καθ’</em></strong></span> <span class='ocrx_word' id='word_1_142' title='bbox 2142 2252 2220 2328; x_wconf 81' lang='grc' dir='ltr'><strong><em>ἅς</em></strong></span> 
     </span>
     <span class='ocr_line' id='line_1_20' title="bbox 292 2355 2222 2443; baseline -0.002 -18"><span class='ocrx_word' id='word_1_143' title='bbox 292 2361 465 2425; x_wconf 86' lang='grc' dir='ltr'><strong><em>εἰσιν</em></strong></span> <span class='ocrx_word' id='word_1_144' title='bbox 503 2358 586 2425; x_wconf 83' lang='grc' dir='ltr'><strong><em>οὐ</em></strong></span> <span class='ocrx_word' id='word_1_145' title='bbox 622 2360 1136 2443; x_wconf 79' lang='grc' dir='ltr'><strong><em>μόνονβαθεϊαι</em></strong></span> <span class='ocrx_word' id='word_1_146' title='bbox 1171 2357 1497 2440; x_wconf 86' lang='grc' dir='ltr'><strong><em>κοιλάδες,</em></strong></span> <span class='ocrx_word' id='word_1_147' title='bbox 1536 2356 1703 2422; x_wconf 81' lang='grc' dir='ltr'><strong><em>ἀλλὰ</em></strong></span> <span class='ocrx_word' id='word_1_148' title='bbox 1737 2355 1849 2421; x_wconf 87' lang='grc' dir='ltr'><strong><em>καὶ</em></strong></span> <span class='ocrx_word' id='word_1_149' title='bbox 1884 2356 2222 2441; x_wconf 76' lang='grc' dir='ltr'><strong><em>φάραγγες</em></strong></span> 
     </span>
    </p>

    <p class='ocr_par' dir='ltr' id='par_1_6' title="bbox 206 2459 2228 2977">
     <span class='ocr_line' id='line_1_21' title="bbox 206 2459 2223 2549; baseline 0 -22"><span class='ocrx_word' id='word_1_150' title='bbox 206 2499 261 2538; x_wconf 79' lang='lat'><strong><em>20</em></strong></span> <span class='ocrx_word' id='word_1_151' title='bbox 293 2463 634 2549; x_wconf 83' lang='grc' dir='ltr'><strong><em>ἀνώμαλοι</em></strong></span> <span class='ocrx_word' id='word_1_152' title='bbox 695 2462 806 2529; x_wconf 89' lang='grc' dir='ltr'><strong><em>καὶ</em></strong></span> <span class='ocrx_word' id='word_1_153' title='bbox 871 2459 1092 2529; x_wconf 88' lang='grc' dir='ltr'><strong><em>στενοὶ</em></strong></span> <span class='ocrx_word' id='word_1_154' title='bbox 1156 2467 1498 2541; x_wconf 82' lang='grc' dir='ltr'><strong><em>παντελῶς</em></strong></span> <span class='ocrx_word' id='word_1_155' title='bbox 1570 2463 1865 2539; x_wconf 82' lang='grc' dir='ltr'><strong><em>αὐλῶνες</em></strong></span> <span class='ocrx_word' id='word_1_156' title='bbox 1928 2467 2223 2541; x_wconf 76' lang='grc' dir='ltr'><strong><em>σκολιαῖς</em></strong></span> 
     </span>
     <span class='ocr_line' id='line_1_22' title="bbox 283 2564 2223 2658; baseline 0.004 -27"><span class='ocrx_word' id='word_1_157' title='bbox 283 2564 637 2658; x_wconf 74' lang='grc' dir='ltr'><strong><em>ἐκτροπαῖς</em></strong></span> <span class='ocrx_word' id='word_1_158' title='bbox 694 2571 826 2637; x_wconf 85' lang='grc' dir='ltr'><strong><em>ὑπὸ</em></strong></span> <span class='ocrx_word' id='word_1_159' title='bbox 890 2578 1007 2654; x_wconf 79' lang='grc' dir='ltr'><strong><em>τῆς</em></strong></span> <span class='ocrx_word' id='word_1_160' title='bbox 1073 2571 1340 2654; x_wconf 88' lang='grc' dir='ltr'><strong><em>φύσεως</em></strong></span> <span class='ocrx_word' id='word_1_161' title='bbox 1401 2567 1872 2655; x_wconf 78' lang='grc' dir='ltr'><strong><em>διειλημμένοι.</em></strong></span> <span class='ocrx_word' id='word_1_162' title='bbox 1960 2572 2223 2638; x_wconf 90' lang='grc' dir='ltr'><strong><em>τούτων</em></strong></span> 
     </span>
     <span class='ocr_line' id='line_1_23' title="bbox 304 2674 2223 2765; baseline 0.001 -22"><span class='ocrx_word' id='word_1_163' title='bbox 304 2674 378 2743; x_wconf 75' lang='grc' dir='ltr'><strong><em>δὲ</em></strong></span> <span class='ocrx_word' id='word_1_164' title='bbox 421 2687 501 2764; x_wconf 76' lang='grc' dir='ltr'><strong><em>τῇ</em></strong></span> <span class='ocrx_word' id='word_1_165' title='bbox 547 2681 737 2765; x_wconf 77' lang='grc' dir='ltr'><strong><em>χρείᾳ</em></strong></span> <span class='ocrx_word' id='word_1_166' title='bbox 781 2687 919 2744; x_wconf 91' lang='grc' dir='ltr'><strong><em>τῶν</em></strong></span> <span class='ocrx_word' id='word_1_167' title='bbox 962 2676 1302 2765; x_wconf 84' lang='grc' dir='ltr'><strong><em>ἐγχωρίων</em></strong></span> <span class='ocrx_word' id='word_1_168' title='bbox 1347 2680 1742 2763; x_wconf 86' lang='grc' dir='ltr'><strong><em>πεφυκότων</em></strong></span> <span class='ocrx_word' id='word_1_169' title='bbox 1787 2676 2223 2763; x_wconf 78' lang='grc' dir='ltr'><strong><em>ἁρμοζόντως,</em></strong></span> 
     </span>
     <span class='ocr_line' id='line_1_24' title="bbox 302 2782 2228 2870; baseline 0.001 -22"><span class='ocrx_word' id='word_1_170' title='bbox 302 2786 420 2861; x_wconf 84' lang='grc' dir='ltr'><strong><em>τὰς</em></strong></span> <span class='ocrx_word' id='word_1_171' title='bbox 492 2784 812 2870; x_wconf 78' lang='grc' dir='ltr'><strong><em>ἐκτροπὰς</em></strong></span> <span class='ocrx_word' id='word_1_172' title='bbox 882 2782 994 2849; x_wconf 89' lang='grc' dir='ltr'><strong><em>καὶ</em></strong></span> <span class='ocrx_word' id='word_1_173' title='bbox 1067 2783 1412 2863; x_wconf 82' lang='grc' dir='ltr'><strong><em>διεξόδους</em></strong></span> <span class='ocrx_word' id='word_1_174' title='bbox 1482 2784 1934 2869; x_wconf 83' lang='grc' dir='ltr'><strong><em>συγκεχώκασι</em></strong></span> <span class='ocrx_word' id='word_1_175' title='bbox 2005 2788 2228 2862; x_wconf 86' lang='grc' dir='ltr'><strong><em>λίθοις</em></strong></span> 
     </span>
     <span class='ocr_line' id='line_1_25' title="bbox 298 2884 2226 2977; baseline 0.001 -22"><span class='ocrx_word' id='word_1_176' title='bbox 298 2891 639 2975; x_wconf 87' lang='grc' dir='ltr'><strong><em>μεγάλοις,</em></strong></span> <span class='ocrx_word' id='word_1_177' title='bbox 706 2884 795 2955; x_wconf 89' lang='grc' dir='ltr'><strong><em>δι’</em></strong></span> <span class='ocrx_word' id='word_1_178' title='bbox 848 2885 945 2956; x_wconf 81' lang='grc' dir='ltr'><strong><em>ὧν</em></strong></span> <span class='ocrx_word' id='word_1_179' title='bbox 998 2891 1217 2977; x_wconf 80' lang='grc' dir='ltr'><strong><em>ὥσπερ</em></strong></span> <span class='ocrx_word' id='word_1_180' title='bbox 1286 2892 1576 2958; x_wconf 89' lang='grc' dir='ltr'><strong><em>δικτύων</em></strong></span> <span class='ocrx_word' id='word_1_181' title='bbox 1630 2892 1753 2974; x_wconf 84' lang='grc' dir='ltr'><strong><em>τὴν</em></strong></span> <span class='ocrx_word' id='word_1_182' title='bbox 1811 2893 2037 2977; x_wconf 84' lang='grc' dir='ltr'><strong><em>θήραν</em></strong></span> <span class='ocrx_word' id='word_1_183' title='bbox 2091 2904 2226 2958; x_wconf 90' lang='grc' dir='ltr'><strong><em>τῶν</em></strong></span> 
     </span>
    </p>

    <p class='ocr_par' dir='ltr' id='par_1_7' title="bbox 217 2997 2297 3402">
     <span class='ocr_line' id='line_1_26' title="bbox 217 2997 2297 3086; baseline 0.002 -25"><span class='ocrx_word' id='word_1_184' title='bbox 217 3030 271 3071; x_wconf 72' lang='lat'><strong><em>25</em></strong></span> <span class='ocrx_word' id='word_1_185' title='bbox 305 2997 565 3082; x_wconf 84' lang='grc' dir='ltr'><strong><em>ἰχθύων</em></strong></span> <span class='ocrx_word' id='word_1_186' title='bbox 618 3005 985 3064; x_wconf 86' lang='grc' dir='ltr'><strong><em>ποιοῦνται.</em></strong></span> <span class='ocrx_word' id='word_1_187' title='bbox 1070 2999 1232 3063; x_wconf 81' lang='grc' dir='ltr'><strong><em>ὅταν</em></strong></span> <span class='ocrx_word' id='word_1_188' title='bbox 1286 3000 1415 3086; x_wconf 79' lang='grc' dir='ltr'><strong><em>γὰρ</em></strong></span> <span class='ocrx_word' id='word_1_189' title='bbox 1460 2998 1502 3082; x_wconf 81' lang='grc' dir='ltr'>ἡ</span> <span class='ocrx_word' id='word_1_190' title='bbox 1548 2998 1878 3085; x_wconf 88' lang='grc' dir='ltr'><strong><em>πλημυρὶς</em></strong></span> <span class='ocrx_word' id='word_1_191' title='bbox 1928 3008 2044 3082; x_wconf 84' lang='grc' dir='ltr'><strong><em>τῆς</em></strong></span> <span class='ocrx_word' id='word_1_192' title='bbox 2099 3005 2226 3064; x_wconf 76' lang='grc' dir='ltr'><strong><em>θα·</em></strong></span> <span class='ocrx_word' id='word_1_193' title='bbox 2263 3018 2297 3066; x_wconf 88' lang='lat'>4</span> 
     </span>
     <span class='ocr_line' id='line_1_27' title="bbox 296 3100 2223 3190; baseline -0.001 -22"><span class='ocrx_word' id='word_1_194' title='bbox 296 3103 537 3186; x_wconf 93' lang='grc' dir='ltr'><strong><em>λάττης</em></strong></span> <span class='ocrx_word' id='word_1_195' title='bbox 573 3100 681 3168; x_wconf 87' lang='grc' dir='ltr'><strong><em>ἐπὶ</em></strong></span> <span class='ocrx_word' id='word_1_196' title='bbox 715 3104 839 3187; x_wconf 86' lang='grc' dir='ltr'><strong><em>τὴν</em></strong></span> <span class='ocrx_word' id='word_1_197' title='bbox 873 3101 1116 3189; x_wconf 84' lang='grc' dir='ltr'><strong><em>χέρσον</em></strong></span> <span class='ocrx_word' id='word_1_198' title='bbox 1153 3102 1438 3190; x_wconf 79' lang='grc' dir='ltr'><strong><em>φέρηται</em></strong></span> <span class='ocrx_word' id='word_1_199' title='bbox 1485 3105 1767 3190; x_wconf 90' lang='grc' dir='ltr'><strong><em>λάβρως,</em></strong></span> <span class='ocrx_word' id='word_1_200' title='bbox 1814 3104 1850 3169; x_wconf 86' lang='grc' dir='ltr'><em>ὃ</em></span> <span class='ocrx_word' id='word_1_201' title='bbox 1897 3113 2077 3168; x_wconf 76' lang='grc' dir='ltr'><strong><em>ποιεῖ</em></strong></span> <span class='ocrx_word' id='word_1_202' title='bbox 2119 3101 2223 3179; x_wconf 88' lang='grc' dir='ltr'><strong><em>δὶς</em></strong></span> 
     </span>
     <span class='ocr_line' id='line_1_28' title="bbox 304 3207 2230 3298; baseline 0.001 -26"><span class='ocrx_word' id='word_1_203' title='bbox 304 3217 420 3291; x_wconf 84' lang='grc' dir='ltr'><strong><em>τῆς</em></strong></span> <span class='ocrx_word' id='word_1_204' title='bbox 473 3207 724 3298; x_wconf 80' lang='grc' dir='ltr'><strong><em>ἡμέρας</em></strong></span> <span class='ocrx_word' id='word_1_205' title='bbox 777 3208 929 3296; x_wconf 88' lang='grc' dir='ltr'><strong><em>περὶ</em></strong></span> <span class='ocrx_word' id='word_1_206' title='bbox 985 3213 1215 3296; x_wconf 86' lang='grc' dir='ltr'><strong><em>τρίτην</em></strong></span> <span class='ocrx_word' id='word_1_207' title='bbox 1278 3208 1391 3277; x_wconf 89' lang='grc' dir='ltr'><strong><em>καὶ</em></strong></span> <span class='ocrx_word' id='word_1_208' title='bbox 1454 3210 1697 3295; x_wconf 80' lang='grc' dir='ltr'><strong><em>ἐνάτην</em></strong></span> <span class='ocrx_word' id='word_1_209' title='bbox 1750 3210 2030 3296; x_wconf 87' lang='grc' dir='ltr'><strong><em>μάλιστά</em></strong></span> <span class='ocrx_word' id='word_1_210' title='bbox 2090 3229 2230 3285; x_wconf 90' lang='grc' dir='ltr'><strong><em>πως</em></strong></span> 
     </span>
     <span class='ocr_line' id='line_1_29' title="bbox 300 3312 2225 3402; baseline 0.001 -25"><span class='ocrx_word' id='word_1_211' title='bbox 300 3314 513 3400; x_wconf 81' lang='grc' dir='ltr'><strong><em>ὥραν,</em></strong></span> <span class='ocrx_word' id='word_1_212' title='bbox 581 3316 623 3400; x_wconf 81' lang='grc' dir='ltr'>ἡ</span> <span class='ocrx_word' id='word_1_213' title='bbox 679 3312 802 3400; x_wconf 73' lang='grc' dir='ltr'><strong><em>μὲν</em></strong></span> <span class='ocrx_word' id='word_1_214' title='bbox 855 3317 1155 3382; x_wconf 86' lang='grc' dir='ltr'><strong><em>θάλαττα</em></strong></span> <span class='ocrx_word' id='word_1_215' title='bbox 1212 3326 1437 3383; x_wconf 79' lang='grc' dir='ltr'><strong><em>πᾶσαν</em></strong></span> <span class='ocrx_word' id='word_1_216' title='bbox 1490 3317 1614 3400; x_wconf 83' lang='grc' dir='ltr'><strong><em>τὴν</em></strong></span> <span class='ocrx_word' id='word_1_217' title='bbox 1671 3316 1909 3402; x_wconf 75' lang='grc' dir='ltr'><strong><em>ῥαχίαν</em></strong></span> <span class='ocrx_word' id='word_1_218' title='bbox 1964 3315 2225 3380; x_wconf 86' lang='grc' dir='ltr'><strong><em>ἐπικλύ-</em></strong></span> 
     </span>
    </p>
   </div>
   <div class='ocr_carea' id='block_1_3' title="bbox 291 3465 2216 3599">
    <p class='ocr_par' dir='ltr' id='par_1_8' title="bbox 291 3465 2216 3599">
     <span class='ocr_line' id='line_1_30' title="bbox 415 3465 2216 3599; baseline -0.003 -72"><span class='ocrx_word' id='word_1_219' title='bbox 415 3478 462 3564; x_wconf 55' lang='grc' dir='ltr'><strong><em>ἱ1</em></strong></span> <span class='ocrx_word' id='word_1_220' title='bbox 477 3473 721 3599; x_wconf 44' lang='grc' dir='ltr'><strong><em>1ὀτούτων</em></strong></span> <span class='ocrx_word' id='word_1_221' title='bbox 760 3472 869 3528; x_wconf 79' lang='lat' dir='ltr'><strong>del.</strong></span> <span class='ocrx_word' id='word_1_222' title='bbox 908 3472 1073 3529; x_wconf 85' lang='lat' dir='ltr'>Dind.</span> <span class='ocrx_word' id='word_1_223' title='bbox 1269 3479 1301 3529; x_wconf 75' lang='lat'>7</span> <span class='ocrx_word' id='word_1_224' title='bbox 1339 3473 1668 3543; x_wconf 82' lang='grc' dir='ltr'><strong><em>Κεδρωσίας</em></strong></span> <span class='ocrx_word' id='word_1_225' title='bbox 1704 3472 1745 3526; x_wconf 89' lang='lat' dir='ltr'>C</span> <span class='ocrx_word' id='word_1_226' title='bbox 1931 3474 1996 3524; x_wconf 88' lang='lat'><strong><em>18</em></strong></span> <span class='ocrx_word' id='word_1_227' title='bbox 2033 3465 2216 3540; x_wconf 76' lang='grc' dir='ltr'><strong><em>παρὰ]</em></strong></span> 
     </span>
     <span class='ocr_line' id='line_1_31' title="bbox 291 3563 1178 3599; baseline 0.001 -1"><span class='ocrx_word' id='word_1_228' title='bbox 291 3563 440 3598; x_wconf 79' lang='grc' dir='ltr'><strong><em>κατα</em></strong></span> <span class='ocrx_word' id='word_1_229' title='bbox 531 3584 543 3598; x_wconf 92' lang='grc'><strong>.</strong></span> <span class='ocrx_word' id='word_1_230' title='bbox 1170 3593 1178 3599; x_wconf 88' lang='grc'><em>.</em></span> 
     </span>
    </p>
   </div>
  </div>
 </body>
</html>
