2569 4061
1076 367 1128 421 ΙΙ
1167 373 1250 423 25.
1291 374 1377 422 26.
2083 369 2214 433 213

291 555 416 619 περ
460 541 575 615 τῆς
621 532 966 615 δυνάμεως
1012 529 1269 613 ἀπάσης
1317 527 1739 614 ἑστιωμένης,
1791 533 1863 597 oc
1900 529 2054 617 περὶ
2098 532 2219 596 τὸν

288 636 615 723 Ἀρβάκην
659 638 840 722 παρά
884 660 1090 702 τινων
1128 636 1520 720 αὐτομόλων
1555 640 1928 721 πυθόμενοι
1973 640 2098 723 τὴν
2144 636 2219 702 έν

295 754 376 830 τῇ
421 748 799 831 παρεμβολῇ
857 753 992 809 τῶν
1036 745 1374 827 πολεμίων
1423 742 1766 829 ῥαθυμίαν
1819 741 1930 808 καὶ
1976 745 2214 830 μέθην,

193 876 298 924 140
316 853 553 928 νυκτὸς
625 851 1138 936 ἀπροσδοκήτως
1208 850 1332 933 τὴν
1414 848 1722 914 ἐπίθεσιν
1803 847 2214 932 ἐποιήσαντο.

241 980 268 1020 5
295 960 780 1041 προσπεσόντες
846 953 920 1022 δὲ
984 953 1500 1039 συντεταγμένοι
1573 950 1697 1038 μὲν
1762 953 2215 1039 ἀσυντάκτοις,
2252 976 2286 1025 5

293 1062 546 1148 ἕτοιμοι
593 1061 653 1128 δ’
709 1063 1225 1146 ἀπαρασκεύοις,
1280 1070 1398 1145 τῆς
1449 1084 1520 1126 τε
1565 1064 1985 1148 παρεμβολῆς
2030 1061 2218 1148 ἐκρά-

295 1187 504 1255 τησαν
547 1166 660 1235 καὶ
702 1180 838 1234 τῶν
884 1177 1304 1255 στρατιωτῶν
1344 1171 1633 1245 πολλοὺς
1678 1167 2027 1245 ἀνελόντες
2060 1170 2219 1244 τοὺς

293 1278 539 1354 ἄλλους
574 1274 764 1362 μέχρι
800 1283 917 1359 τῆς
951 1279 1206 1351 πόλεως
1231 1274 1651 1353 κατεδίωξαν.
1718 1277 1878 1360 μετὰ
1909 1271 2215 1341 δὲταῦτα
2254 1296 2287 1344 6

294 1383 331 1448 ὁ
388 1380 511 1467 μὲν
565 1384 878 1465 βασιλεὺς
934 1380 1354 1464 Γαλαιμένην
1406 1383 1525 1446 τὸν
1582 1381 1879 1466 ἀδελφὸν
1929 1391 2045 1465 τῆς
2098 1405 2217 1464 γυ-

212 1513 267 1552 10
294 1490 524 1565 ναικὸς
578 1486 928 1565 ἀποδείξας
981 1488 1382 1572 στρατηγόν,
1438 1488 1638 1563 αὐτὸς
1689 1499 1824 1553 τῶν
1876 1491 2039 1554 κατὰ
2093 1489 2218 1572 τὴν

294 1597 496 1660 πόλιν
542 1592 917 1676 ἐπιμέλειαν
963 1592 1273 1658 ἐποιεῖτο·
1323 1592 1393 1657 οἰ
1433 1588 1495 1656 δ’
1540 1593 1900 1658 ἀποστάται
1939 1596 2103 1660 κατὰ
2138 1596 2214 1659 τὸ

295 1700 532 1764 πεδίον
576 1699 652 1762 τὸ
699 1700 827 1783 πρὸ
873 1707 988 1782 τῆς
1021 1701 1276 1775 πόλεως
1320 1697 1849 1784 παραταξάμενοι
1896 1697 2051 1764 δυσὶ
2098 1700 2217 1782 μά-

296 1828 446 1888 χαις
492 1803 805 1887 ἐνίκησαν
848 1807 1007 1881 τοὺς
1059 1798 1478 1891 Ἀσσυρίους,
1535 1802 1647 1869 καὶ
1699 1805 1817 1868 τόν
1861 1826 1931 1868 τε
1977 1805 2218 1869 Γαλαι-

296 1910 508 1994 μένην
553 1910 821 1976 ἀνεῖλον
865 1911 976 1977 καὶ
1021 1922 1157 1976 τῶν
1195 1909 1728 1993 ἀντιταξαμένων
1773 1913 1930 1987 τοὺς
1975 1906 2099 1995 μὲν
2144 1910 2220 1975 ἐν

211 2039 265 2080 15
292 2025 372 2102 τῇ
419 2025 603 2102 φυγῇ
658 2015 1105 2102 κατέσφαξαν,
1160 2020 1321 2095 τοὺς
1376 2013 1435 2082 δ’
1492 2014 2052 2094 ἀποκλεισθέντας
2103 2025 2219 2101 τῆς

291 2126 387 2200 εἰς
421 2124 546 2207 τὴν
580 2127 779 2190 πόλιν
816 2124 1175 2190 ἐπανόδου.
1196 2122 1310 2189 καὶ
1355 2122 2031 2208 συναναγκασθέντας
2067 2121 2218 2189 ἑαυ-

290 2233 448 2306 τοὺς
495 2229 751 2316 ῥιπτεῖν
797 2232 892 2307 είς
936 2232 1056 2295 τὸν
1099 2230 1471 2316 Εὐφράτην
1516 2230 1815 2312 ποταμὸν
1859 2230 2034 2312 πλὴν
2081 2229 2216 2295 ὀλί-

291 2360 432 2429 γων
477 2336 774 2412 ἅπαντας
819 2336 1105 2401 ἀνεῖλον.
1194 2345 1478 2401 τοσοῦτο
1525 2333 1601 2400 δὲ
1646 2340 1905 2418 πλῆθος
1949 2331 2035 2418 ἦν
2079 2346 2218 2401 τῶν
2256 2357 2290 2404 ’τ

294 2441 772 2526 φονευθέντων
817 2443 984 2507 ὥστε
1028 2444 1104 2507 τὸ
1144 2445 1519 2528 φερόμενον
1567 2442 1779 2527 ῥεῦμα
1822 2438 2078 2528 κραθὲν
2116 2442 2217 2507 αἴ-

211 2568 270 2608 20
297 2570 449 2630 ματι
486 2550 607 2632 τὴν
642 2552 853 2633 χρόαν
881 2545 986 2633 ἐφ’
1025 2550 1257 2614 ἰκανὸν
1293 2552 1503 2614 τόπον
1530 2551 1938 2633 μεταβαλεῖν.
1994 2551 2216 2614 ἔπειτα

293 2663 417 2719 τοῦ
461 2654 781 2737 βασιλέως
827 2654 1381 2739 συγκλεισθέντος
1426 2658 1520 2733 είς
1564 2659 1957 2742 πολιορκίαν
2001 2658 2214 2724 πολλὰ

290 2771 426 2826 τῶν
464 2761 688 2827 ἐθνῶν
727 2762 1071 2847 ἀφίστατο,
1120 2761 1400 2828 ἑκάστου
1445 2764 1611 2849 πρὸς
1655 2763 1779 2846 τὴν
1821 2762 2214 2849 ἐλευθερίαν
2282 2778 2287 2783 ’

291 2867 840 2952 αὐτομολοῦντος.
913 2869 950 2935 ὁ
981 2866 1056 2934 δὲ
1083 2870 1657 2955 Σαρδανάπαλλος
1694 2869 1872 2955 ὁρῶν
1898 2871 2021 2954 τὴν
2049 2870 2213 2954 ὅλην
2251 2887 2286 2935 8

291 2976 638 3056 βασιλείαν
685 2975 758 3040 ἐν
801 2986 942 3052 τοῖς
987 2978 1321 3067 μεγίστοις
1367 2970 1579 3040 οὖσαν
1625 2976 1997 3059 κινδύνοις,
2056 2979 2214 3050 τοὺς

210 3099 264 3140 25
293 3076 415 3164 μὲν
461 3081 653 3156 υἱοὺς
689 3091 865 3166 τρεῖς
902 3081 1099 3157 ὄντας
1133 3079 1245 3145 καὶ
1280 3079 1658 3167 θυγατέρας
1696 3082 1820 3146 δύο
1858 3082 2018 3165 μετὰ
2054 3085 2213 3144 πολ-

290 3190 429 3251 λῶν
498 3187 852 3272 χρημάτων
927 3189 1020 3264 εἰς
1084 3191 1575 3271 Παφλαγονίαν
1647 3186 1986 3253 ἀπέστειλε
2048 3185 2215 3269 πρὸς

290 3294 554 3358 Κότταν
599 3294 718 3357 τὸν
763 3295 1083 3380 ἔπαρχον,
1139 3295 1303 3359 ὄντα
1353 3305 1492 3359 τῶν
1546 3293 1934 3378 ἀρχομένων
1979 3289 2214 3356 εὐνού-

289 3414 560 3482 στατον,
635 3399 836 3478 αὐτὸς
901 3397 974 3466 δὲ
1045 3403 1531 3486 βιβλιαφόρους
1595 3398 1987 3472 ἀποστείλας
2049 3396 2216 3480 πρὸς

432 3563 465 3611 9
504 3559 564 3610 eiz
602 3564 667 3612 13
705 3555 1073 3627 Σαλαιμένην
1111 3557 1161 3610 ΙΙ
1310 3563 1377 3610 22
1416 3550 1722 3624 ἀφίστατο]
1760 3550 2074 3622 ἀφίσταντο
2111 3551 2215 3607 τοῦ

287 3626 559 3696 βασιλέως
594 3626 644 3679 D
789 3634 857 3684 27
893 3624 995 3683 τὸν
1032 3645 1140 3683 om.
1179 3628 1246 3681 D.
