2569 4061
363 304 496 370 380
1029 304 1339 360 monom
1377 302 1609 359 smum

365 464 438 533 δὲ
483 466 753 552 μεγέθει
798 465 909 532 καὶ
953 476 1045 555 τῷ
1091 468 1318 533 κάλλει
1363 469 1776 550 θαυμαστόν.
1851 465 2301 549 ὑπερκεῖσθαι

363 576 490 659 γὰρ
546 573 757 639 αὐτοῦ
811 583 1109 658 πανταχῇ
1169 575 1470 659 κρημνὸν
1524 574 1689 659 πρὸς
1742 571 1915 650 ὕψος
1974 572 2298 656 ἐξαίσιον,

364 677 603 764 πέτρας
631 682 868 765 ἔχοντα
896 692 1036 758 τοῖς
1070 681 1371 766 χρώμασι
1409 681 1807 765 διαφόρους·
1846 679 2125 759 ἐναλλὰξ
2164 681 2298 766 γὰρ

365 785 790 870 ἀποστίλβειν
842 789 960 864 τὰς
1014 783 1136 870 μὲν
1181 789 1507 872 θαλαττίᾳ
1551 787 1872 873 πορφύρᾳ
1914 786 2038 869 τὴν
2082 789 2299 871 χρόαν

366 892 645 976 ἐχούσας
689 897 1176 980 παραπλήσιον,
1231 894 1349 970 τὰς
1396 889 1469 957 δὲ
1516 901 1763 981 κυανῷ,
1820 892 2007 969 τινὰς
2064 889 2125 957 δ’
2179 894 2298 957 ἄλ-
2330 911 2361 952 5

366 1004 512 1078 λαις
575 1003 821 1086 φύσεσι
883 999 1524 1085 περιλαμπομέναις,
1599 1000 1766 1064 ὥστε
1840 995 2050 1085 μηδὲν
2123 993 2298 1064 εἶναι

366 1117 595 1191 χρῶμα
652 1117 787 1171 τῶν
847 1104 1246 1190 ἑωραμένων
1304 1104 1461 1191 παρ’
1517 1105 1905 1192 ἀνθρώποις
1964 1103 2116 1191 περὶ
2175 1107 2298 1169 τὸν

366 1214 573 1276 τόπον
632 1211 1040 1296 ἀθεώρητον.
1129 1214 1259 1297 πρὸ
1320 1209 1393 1277 δὲ
1447 1220 1565 1297 τῆς
1609 1212 1880 1277 εἰσόδου
1925 1209 2298 1295 πεφυκέναι

368 1315 613 1401 δένδρα
650 1318 1030 1401 θαυμαστά,
1075 1319 1157 1382 τὰ
1207 1315 1332 1403 μὲν
1376 1320 1691 1403 κάρπιμα,
1737 1319 1818 1383 τὰ
1865 1314 1941 1383 δὲ
1988 1317 2296 1400 ἀειθαλῆ,

366 1424 530 1506 πρὸς
588 1423 797 1506 αὐτὴν
851 1426 1064 1508 μόνον
1117 1425 1242 1508 τὴν
1300 1425 1427 1491 ἀπὸ
1482 1434 1598 1509 τῆς
1651 1424 1817 1502 θέας
1869 1424 2106 1510 τέρψιν
2162 1424 2293 1489 ὑπὸ
2327 1444 2383 1483 10

364 1535 480 1610 τῆς
518 1528 782 1614 φύσεως
821 1530 1468 1616 δεδημιουργημένα·
1516 1531 1590 1597 ἐν
1628 1528 1702 1597 δὲ
1736 1532 2001 1608 τούτοις
2039 1531 2297 1596 ἐννεοτ-

366 1635 585 1700 τεύειν
631 1638 834 1723 ὄρνεα
878 1640 1271 1704 παντοδαπὰ
1310 1649 1454 1715 ταῖς
1492 1640 1803 1723 φύσεσιν,
1852 1637 1893 1703 ἃ
1928 1639 2053 1722 τὴν
2088 1640 2298 1723 χρόαν

368 1743 542 1825 ἔχειν
602 1742 913 1830 ἐπιτερπῆ
976 1743 1088 1810 καὶ
1145 1745 1270 1828 τὴν
1336 1746 1668 1832 μελῳδίαν
1731 1745 2294 1830 προσηνεστάτην.

371 1849 479 1913 διὸ
535 1847 646 1913 καὶ
699 1850 913 1915 πάντα
957 1852 1076 1915 τὸν
1120 1853 1332 1915 τόπον
1378 1850 1702 1935 ὑπάρχειν
1747 1851 1835 1935 μὴ
1883 1853 2095 1935 μόνον
2137 1857 2297 1914 θεο-

367 1965 582 2041 πρεπῆ
628 1957 792 2019 κατὰ
837 1956 960 2040 τὴν
995 1959 1355 2042 πρόσοψιν,
1403 1956 1571 2021 ἀλλὰ
1605 1956 1717 2021 καὶ
1753 1959 1917 2022 κατὰ
1952 1957 2068 2023 τὸν
2102 1951 2292 2042 ἦχον,
2325 1974 2381 2015 15

370 2062 459 2138 ὡς
505 2063 588 2128 ἂν
631 2072 748 2147 τῆς
794 2062 1278 2129 αὐτοδιδάκτου
1325 2067 1798 2149 γλυκυφωνίας
1843 2066 2140 2148 νικώσης·
2174 2065 2297 2148 τὴν

303 2188 312 2203 ·
371 2168 772 2254 ἐναρμόνιον
816 2179 931 2252 τῆς
975 2169 1208 2254 τέχνης
1255 2173 1606 2259 μελῳδίαν.
1683 2172 2027 2237 διελθόντι
2064 2169 2139 2238 δὲ
2173 2174 2298 2255 τὴν

371 2277 639 2342 εἴσοδον
685 2283 1098 2362 θεωρεῖσθαι
1143 2274 1265 2362 μὲν
1312 2279 1560 2362 ἄντρον
1607 2277 2152 2363 ἀναπεπταμένον
2187 2278 2298 2344 καὶ

370 2391 448 2467 τῇ
495 2384 659 2448 κατὰ
703 2384 824 2448 τὸν
869 2384 1063 2466 ἥλιον
1110 2384 1282 2469 αὐγῇ
1341 2386 1938 2469 περιλαμπόμενον,
1997 2386 2174 2469 ἄνθη
2223 2383 2297 2451 δὲ

370 2490 761 2554 παντοδαπὰ
815 2492 1188 2573 πεφυκότα,
1248 2487 1361 2555 καὶ
1421 2491 1701 2575 μάλιστα
1754 2494 1878 2575 τήν
1933 2514 2003 2556 τε
2057 2495 2298 2558 κασίαν
2323 2509 2377 2548 20

368 2592 480 2658 καὶ
536 2596 741 2658 τᾶλλα
786 2596 867 2658 τὰ
915 2596 1257 2679 δυνάμενα
1307 2594 1395 2660 δι’
1451 2596 1775 2663 ἐνιαυτῶν
1823 2599 2297 2683 διαφυλάττειν

369 2699 492 2782 τὴν
559 2699 872 2765 εὐωδίαν
950 2700 1240 2785 ὁρᾶσθαι
1308 2699 1382 2767 δὲ
1448 2701 1558 2768 καὶ
1621 2715 1908 2789 νυμφῶν
1974 2705 2171 2781 εὐνὰς
2225 2703 2297 2770 ἐν

370 2804 548 2892 αὐτῷ
615 2807 885 2882 πλείους
951 2805 1016 2885 ἐξ
1082 2806 1317 2872 ἀνθῶν
1386 2811 1863 2893 παντοδαπῶν,
1939 2811 2021 2876 οὐ
2085 2835 2296 2896 χειρο-

370 2914 722 2995 ποιήτους,
789 2908 933 2978 ἀλλ’
996 2911 1109 2978 ὑπ’
1174 2913 1377 2998 αὐτῆς
1439 2924 1555 2999 τῆς
1620 2917 1887 3001 φύσεως
1951 2916 2298 3003 ἀνειμένας

373 3027 780 3105 θεοπρεπῶς.
870 3021 1035 3085 κατὰ
1097 3022 1315 3087 πάντα
1379 3017 1452 3086 δὲ
1514 3023 1634 3087 τὸν
1698 3031 1814 3105 τῆς
1876 3027 2299 3109 περιφερείας
2322 3040 2372 3081 25

370 3128 619 3193 κύκλον
667 3124 808 3192 οὔτ’
853 3127 1068 3204 ἄνθος
1105 3129 1258 3193 οὔτε
1298 3129 1560 3212 φύλλον
1604 3130 1942 3206 πεπτωκὸς
1989 3128 2295 3215 ὁρᾶσθαι.

548 3357 583 3404 4
628 3355 965 3416 θαλαττίαις
1000 3349 1324 3422 πορφύραις
1362 3354 1426 3407 F
1593 3362 1624 3409 6
1661 3354 2159 3425 περιλαμπομένας
2205 3374 2293 3412 00-

368 3418 549 3484 dioeS,
598 3436 738 3476 corr.
778 3424 953 3479 Wess.
1138 3430 1204 3478 10
1252 3421 1432 3493 μόνην
1469 3423 1521 3477 A
1704 3433 1769 3480 15
1807 3422 1954 3480 κατὰ
1991 3445 2100 3482 om.
2140 3428 2292 3496 vulg.

369 3490 435 3537 19
485 3487 549 3541 δὲ
590 3490 655 3553 D,
700 3511 760 3545 τε
799 3494 951 3563 vulg.
1135 3499 1201 3547 21
1253 3489 1334 3548 δι’
1377 3491 1596 3549 ἑαυτῶν
1632 3494 1683 3547 D
1864 3501 1934 3550 24
1972 3493 2103 3570 ὑπ’]
2147 3495 2206 3564 ἐξ
2241 3497 2294 3551 11

368 3556 436 3601 25
475 3553 540 3607 δὲ
580 3572 688 3609 om.
727 3560 792 3612 D.
