2569 4061
366 270 501 336 324
1033 266 1343 323 DIODORI
1380 264 1612 322 SICULI

337 434 643 500 ’παλαιὸν
696 431 950 516 ὑπῆρχε
1005 433 1260 517 πλήρης
1313 431 1759 494 παντοδαπῶν
1802 426 1915 494 καὶ
1961 433 2276 516 φοβερῶν
2298 442 2415 494 206

360 540 672 625 ἑρπετῶν,
721 531 836 622 ἀφ’
884 532 979 603 ὧν
1015 534 1127 602 καὶ
1161 536 1408 620 ταύτης
1444 538 1632 620 ἔτυχε
1668 545 1783 620 τῆς
1818 539 2295 623 προσηγορίας,

359 644 434 710 ἐν
489 640 564 709 δὲ
617 655 759 721 τοῖς
812 640 1387 729 μεταγενεστέροις
1441 644 1710 729 χρόνοις
1761 642 1892 707 ὑπὸ
1948 654 2085 708 τῶν
2129 646 2300 709 κατὰ

358 750 483 833 τὴν
513 748 1016 837 Ἀλεξάνδρειαν
1052 746 1384 833 βασιλέων
1425 748 1639 826 οὕτως
1675 747 2062 835 ἐξημερώθη
2104 755 2298 834 φι-λο-

358 856 563 939 τίμως
637 857 804 921 ὥστε
869 851 1079 939 μηδὲν
1142 857 1239 919 ἔτι
1303 849 1446 920 κατ’
1519 855 1732 938 αὐτὴν
1798 854 2089 942 ὁρᾶσθαι
2158 866 2298 922 τῶν
2327 873 2355 914 5

291 983 324 1033 5
362 962 932 1049 προϋπαρξάντων
996 957 1198 1048 ζῴων.
1304 961 1386 1026 οὐ
1452 959 1937 1047 παραλειπτέον
2002 960 2063 1027 δ’
2135 963 2298 1047 ἡμῖν

325 1130 340 1143 ,
364 1065 525 1134 οὐδὲ
570 1069 694 1150 τὴν
741 1069 961 1132 αἰτίαν
1004 1075 1122 1150 τῆς
1167 1066 1321 1153 περὶ
1365 1068 1491 1151 τὴν
1526 1065 1864 1153 ἡμέρωσιν
1901 1072 2296 1154 φιλοτιμίας.

362 1174 737 1257 εὑρίσκεται
793 1175 922 1259 γὰρ
978 1171 1052 1238 ἐν
1106 1182 1187 1258 τῇ
1242 1176 1428 1260 νήσῳ
1483 1174 1690 1259 ταύτῃ
1744 1175 1820 1239 τὸ
1879 1176 2297 1261 καλούμενον

361 1279 705 1361 τοπάζιον,
772 1277 934 1365 ὅπερ
1004 1277 1141 1345 ἐστὶ
1206 1282 1403 1358 λίθος
1464 1281 1984 1365 διαφαινόμενος
2044 1280 2298 1369 ἐπιτερ-

361 1386 489 1467 πής
504 1432 523 1466 ,
588 1384 773 1473 ὑάλφ
837 1387 1265 1471 παρεμφερὴς
1329 1384 1441 1451 καὶ
1503 1388 1904 1470 θαυμαστὴν
1967 1390 2297 1474 ἔγχρυσον
2328 1422 2382 1462 10

290 1512 323 1560 6
361 1492 698 1576 πρόσοψιν
743 1494 1208 1577 παρεχόμενος.
1294 1494 1526 1579 διόπερ
1572 1492 1963 1576 ἀνεπίβατος
2009 1503 2148 1571 τοῖς
2183 1495 2299 1559 άλ-

363 1602 506 1676 λοις
549 1607 863 1685 τηρεῖται,
910 1596 1424 1684 θανατουμένου
1470 1601 1716 1676 παντὸς
1759 1606 1882 1663 τοῦ
1926 1602 2299 1685 προσπλεύ-

361 1720 607 1783 σαντος
641 1704 773 1771 ὑπό
818 1716 954 1770 τῶν
997 1704 1518 1789 καθεσταμένων
1565 1699 1665 1770 ἐπ’
1710 1703 1913 1789 αὐτῆς
1958 1707 2297 1789 φυλάκων.

366 1806 556 1878 οὗτοι
617 1809 692 1877 δὲ
751 1813 871 1877 τὸν
933 1811 1227 1897 ἀριθμὸν
1289 1813 1477 1887 ὄντες
1538 1811 1756 1893 ὀλίγοι
1814 1814 1963 1895 βίον
2024 1814 2298 1894 ἔχουσιν

367 1919 591 2003 ἀτυχῆ.
666 1917 779 1982 ἵνα
815 1913 937 2000 μὲν
972 1918 1099 2004 γὰρ
1147 1916 1375 2001 μηδεὶς
1421 1919 1616 1995 λίθος
1662 1918 2007 2002 διακλαπῇ,
2051 1920 2295 1981 πλοῖον
2331 1951 2384 1992 15

368 2025 491 2091 οὐκ
552 2022 973 2090 ἀπολείπεται
1029 2025 1105 2089 τὸ
1166 2023 1481 2109 παράπαν
1542 2021 1615 2089 έν
1671 2032 1752 2109 τῇ
1816 2026 2026 2112 νήσω·
2092 2022 2162 2087 οἱ
2223 2019 2299 2089 δὲ

365 2130 855 2215 παραπλέοντες
894 2132 1102 2215 αὐτὴν
1132 2132 1243 2195 διὰ
1272 2132 1393 2197 τὸν
1424 2130 1551 2196 ἀπὸ
1581 2138 1700 2195 τοῦ
1729 2129 2053 2215 βασιλέως
2080 2132 2300 2215 φόβον

366 2240 725 2324 πόρρωθεν
770 2237 1215 2322 παραθέουσι·
1264 2234 1512 2324 τροφαὶ
1560 2234 1633 2302 δὲ
1670 2238 1745 2302 αἰ
1776 2234 1899 2321 μὲν
1934 2259 2300 2325 παρακομι-

370 2347 633 2429 ζόμεναι
690 2343 937 2428 ταχέως
991 2344 1432 2426 ἐκλείπουσιν,
1491 2342 1708 2431 ἕτεραι
1755 2342 1816 2409 δ’
1872 2342 2180 2431 ἐγχώριοι
2225 2346 2299 2410 τὸ

297 2470 328 2517 7
368 2451 661 2514 σύνολον
717 2450 838 2533 οὐχ
893 2450 1283 2534 ὑπάρχουσι.
1379 2451 1613 2537 διόπερ
1669 2449 1830 2515 ὅταν
1884 2461 2020 2515 τῶν
2065 2451 2298 2515 σιτίων
2327 2485 2380 2525 20

368 2554 561 2637 ὀλίγα
613 2556 1115 2637 καταλείπηται,
1170 2555 1503 2638 κάθηνται
1559 2557 1799 2634 πάντες
1854 2558 1926 2622 οἰ
1965 2559 2131 2622 κατὰ
2177 2559 2301 2640 τὴν

365 2659 598 2743 κώμην
635 2659 1155 2743 προσδεχόμενοι
1191 2662 1312 2725 τὸν
1357 2672 1493 2727 τῶν
1539 2665 1945 2747 κομιζόντων
1990 2665 2107 2741 τὰς
2149 2685 2301 2749 τρο-

369 2766 502 2852 φας
554 2764 964 2829 κατάπλουν·
1021 2760 1117 2830 ὧν
1174 2767 1653 2853 βραδυνόντων
1708 2772 1802 2848 εἰς
1855 2771 1971 2846 τὰς
2026 2769 2301 2854 ἐσχάτας

300 2892 333 2941 8
372 2872 644 2950 ἐλπίδας
720 2870 1207 2938 συστέλλονται.
1321 2874 1357 2939 ὁ
1425 2872 1500 2940 δὲ
1564 2874 2042 2962 προειρημένος
2105 2878 2303 2954 λίθος

371 2983 707 3066 φυόμενος
762 2978 838 3044 ἐν
893 2990 1037 3057 ταῖς
1090 2978 1357 3066 πέτραις
1411 2982 1536 3064 τὴν
1592 2979 1714 3066 μὲν
1767 2981 2020 3069 ἡμέραν
2067 2984 2179 3047 διὰ
2222 2983 2298 3046 τὸ
2331 3016 2384 3057 25

370 3099 606 3170 πνῖγος
653 3087 773 3171 οὐχ
832 3086 1093 3173 ὁρᾶται,
1149 3088 1599 3173 κρατούμενος
1643 3088 1774 3153 ὑπὸ
1821 3098 1941 3154 τοῦ
1986 3087 2137 3175 περὶ
2181 3089 2302 3154 τὸν

369 3193 564 3272 ’ἥλιον
593 3191 906 3276 φέγγους,
946 3200 1060 3275 τῆς
1089 3189 1163 3257 δὲ
1190 3195 1432 3268 νυκτὸς
1467 3191 1931 3279 ἐπιγινομένης
1971 3193 2044 3259 ἐν
2082 3197 2302 3260 σκότει

372 3296 725 3378 διαλάμπει
769 3293 880 3361 καὶ
925 3299 1284 3383 πόρρωθεν
1333 3299 1533 3380 δῆλός
1579 3299 1760 3363 ἐστιν
1807 3299 1880 3364 ἐν
1926 3292 1979 3387 ᾧ
2025 3294 2172 3366 ποτ’
2215 3299 2300 3365 ἂν

399 3509 408 3518 .
486 3510 497 3521 .
549 3451 580 3496 5
621 3443 788 3518 ὥστε]
828 3445 903 3510 ὡς
938 3450 991 3503 II
1175 3457 1240 3505 13
1281 3447 1375 3507 ἐπ’
1419 3448 1596 3519 αὐτῆς
1633 3453 1918 3523 Hertlein‚
1956 3451 2063 3509 ὑπ’
2105 3451 2296 3511 αὐτῶν

370 3506 502 3560 hbn
649 3520 714 3568 16
753 3519 1153 3574 καταλείπεται
1189 3522 1229 3575 C
1375 3528 1444 3576 28
1482 3522 1654 3589 δῆλον
1695 3523 1833 3595 012⁷.ss
