2569 4061
1050 329 1128 384 IV
1167 332 1252 383 85.
1985 326 2116 393 533

279 490 406 566 οὓς
451 491 650 567 αὐτὸς
692 493 1101 574 κατέπεφνεν
1147 490 1222 555 ἐν
1269 491 1682 555 οἰοπόλοισιν
1728 492 1982 576 ὄρεσσι,

279 593 517 680 χερσὶν
565 599 733 680 ἔχων
779 597 1076 683 ῥόπαλον
1120 596 1560 679 παγχάλκεον,
1608 591 1754 659 αἰὲν
1800 596 2011 680 ἀαγές.

181 738 444 822 ὁμοίως
501 733 574 802 δὲ
629 736 740 802 καὶ
793 737 945 823 περὶ
999 748 1120 803 τοῦ
1176 736 1506 822 μεγέθους
1552 736 1947 822 ἐμφανίζων,
2004 737 2115 804 καὶ
2156 762 2184 809 7

181 843 689 930 προεκθέμενος
733 846 812 908 τὰ
858 843 1006 929 περὶ
1052 847 1210 921 τοὺς
1248 842 1604 932 Ἀλῳάδας,
1652 843 1753 908 ὅτι
1792 844 2116 922 ἐνναετεῖς

122 969 151 1009 5
182 947 369 1035 ἡσαν
416 952 490 1015 τὸ
538 946 659 1034 μὲν
707 945 901 1035 εὖρος
945 963 1175 1035 πηχῶν
1222 951 1444 1034 ἐννέα,
1493 953 1566 1015 τὸ
1617 948 1689 1016 δὲ
1736 959 1940 1035 μῆκος
1983 963 2117 1016 τῶν

186 1063 366 1122 ἴσων
413 1057 726 1142 ὀργυιῶν,
776 1056 1071 1142 ἐπιφέρει

281 1201 443 1275 τοὺς
490 1200 571 1282 δὴ
620 1201 977 1283 μηκίστους
1021 1198 1233 1284 θρέψε
1284 1199 1592 1283 ζείδωρος
1637 1200 1895 1284 ἄρουρα

281 1303 396 1370 καὶ
440 1308 611 1370 πολὺ
656 1307 1047 1381 καλλίστους
1092 1306 1252 1388 μετά
1298 1329 1373 1388 γε
1418 1307 1664 1371 κλυτὸν
1705 1302 2004 1391 Ὠρίωνα.

188 1447 383 1530 ἡμεῖς
448 1444 520 1512 δὲ
583 1448 746 1512 κατὰ
808 1448 930 1530 τὴν
995 1446 1067 1511 ἐν
1132 1446 1298 1532 ἀρχῇ
1362 1450 1692 1532 πρόθεσιν
1763 1448 1915 1535 περὶ
1979 1460 2113 1515 τῶν

106 1588 162 1626 10
191 1554 436 1637 ἡρώων
498 1553 608 1619 καὶ
670 1553 972 1638 ἡμιθέων
1046 1554 1427 1638 ἀρκούντως
1501 1555 1831 1638 εἰρηκότες
1905 1556 2115 1622 αὐτοῦ

194 1660 691 1745 περιγράψομεν
734 1662 934 1744 τήνδε
979 1662 1102 1743 τὴν
1146 1664 1401 1745 βίβλον.

344 1858 371 1905 1
414 1848 502 1923 ε’ν]
543 1848 630 1907 ἑνὶ
666 1854 713 1907 D
877 1860 911 1908 4
952 1850 1118 1908 ἐννεα
1159 1852 1301 1916 έτεις
1338 1853 1388 1906 D
1554 1859 1618 1907 11
1656 1851 2109 1924 παραγράψομεν

202 1922 440 1989 codices,
488 1940 627 1979 corr.
659 1926 837 1980 Wess,

344 2007 636 2082 Διοδώρου
658 2008 999 2068 Σικελιώτου
1022 2011 1390 2087 βιβλιοθήκης
1411 2012 1688 2084 ἴστορικῆς
1701 2001 1775 2068 Z:
1816 2013 2024 2069 subscr.
2047 2013 2114 2070 D.

611 2766 844 2859 ρων,
906 2758 1015 2819 οε·
1077 2754 1550 2828 wewam.

827 2952 999 3029 ΛΑΝ
1052 2951 1094 3035 ᾧ.
1121 2950 1159 3027 1
1198 2943 1383 3029 1912

312 3683 562 3725 onnonus
592 3685 632 3725 Ι.
1644 3681 1789 3737 34**
