2569 4061
7 62 2556 174 —d

1082 375 1136 429 ΙΙ
1175 383 1259 433 34.
1291 382 1376 431 35.
2056 381 2184 445 227

262 537 594 623 σαμένους
647 541 774 626 γὰρ
828 540 1172 626 πυραμίδα
1224 540 1557 625 τρίγωνον
1609 551 1811 626 τριῶν
1867 538 1990 627 μὲν
2037 558 2189 606 στα-

263 647 433 711 δίων
460 645 742 731 ἑκάστην
768 647 1066 732 πλευρὰν
1095 645 1300 729 αὐτῆς
1335 647 1819 712 κατασκευάσαι
1846 650 1920 713 τὸ
1958 658 2186 733 μῆκος,

220 763 225 767 ’
256 753 335 816 τὸ
374 750 436 817 δ’
470 753 642 831 ὕψος
677 754 1045 835 σταδιαῖον,
1093 754 1188 829 είς
1225 752 1346 831 ὀξὺ
1384 750 1805 835 συνηγμένης
1839 762 1954 837 τῆς
1990 754 2188 842 κορυ-

260 866 417 942 φῆς·
490 858 835 943 ἐπιστῆσαι
900 855 974 924 δὲ
1038 867 1129 945 τῷ
1194 859 1387 947 τάφῳ
1451 855 1563 922 καὶ
1634 867 1891 943 χρυσῆν
1963 861 2189 926 εἰκόνα

202 982 232 1024 5
259 969 669 1051 κολοττικήν,
715 963 826 1031 καὶ
862 966 1055 1050 τιμὰς
1089 964 1381 1051 ἡρωικὰς
1418 963 1789 1048 ἀπονεῖμαι,
1836 962 1948 1029 καὶ
1984 966 2190 1031 τᾶλλα

257 1071 472 1137 πάντα
509 1070 1165 1158 μεγαλοπρεπέστερα
1211 1080 1432 1135 ποιεῖν
1468 1080 1603 1135 τῶν
1649 1081 1790 1148 τοῖς
1829 1073 2191 1156 προγόνοις

260 1177 462 1263 αὐτῆς
507 1176 1100 1265 συγχωρηθέντων.
1177 1174 1530 1263 Ἀστιβάρα
1576 1174 1650 1243 δὲ
1695 1187 1816 1243 τοῦ
1863 1176 2187 1261 βασιλέως
2225 1201 2258 1247 6
2303 1189 2309 1195 ’

258 1293 392 1348 τῶν
427 1287 692 1369 Μήδων
737 1283 811 1349 ἐν
841 1282 1268 1367 Ἐκβατάνοις
1305 1285 1476 1370 γήρᾳ
1513 1287 2028 1369 τελευτήσαντος
2063 1285 2189 1368 τὴν

259 1388 470 1475 ἀρχὴν
519 1385 896 1456 Ἀσπάνδαν
948 1391 1068 1454 τὸν
1129 1389 1284 1454 υἱὸν
1350 1389 1813 1475 διαδέξασθαι,
1881 1393 1999 1458 τὸν
2056 1391 2187 1457 ὑπὸ

177 1516 231 1555 10
257 1507 393 1561 τῶν
447 1494 787 1580 Ἑλλήνων
839 1493 1212 1579 Ἀστυάγην
1274 1497 1704 1581 καλούμενον.
1808 1499 2053 1563 τούτου
2117 1496 2180 1563 δ’

256 1601 387 1667 ὑπὸ
452 1602 691 1688 Κύρου
756 1610 877 1666 τοῦ
944 1600 1215 1687 Πέρσου
1277 1601 1938 1686 καταπολεμηθέντος
1997 1627 2186 1687 μετα-

253 1718 487 1772 πεσεῖν
533 1708 656 1789 τὴν
691 1709 1036 1790 βασιλείαν
1082 1708 1177 1784 εἰς
1216 1705 1504 1792 Πέρσας,
1550 1706 1701 1794 περὶ
1740 1703 1836 1773 ὧν
1880 1707 2068 1791 ἡμεῖς
2102 1710 2183 1773 τὰ

255 1813 423 1877 κατὰ
484 1810 684 1898 μέρος
747 1813 820 1879 ἐν
882 1823 1022 1891 τοῖς
1088 1814 1288 1891 ἰδίοις
1349 1817 1620 1900 χρόνοις
1684 1812 1972 1898 ἀκριβῶς
2030 1813 2187 1879 ἀνα-

255 1919 620 2004 γράψομεν.

176 2046 229 2087 15
439 2022 610 2112 Περὶ
648 2020 770 2110 μὲν
808 2020 935 2093 οὖν
980 2035 1095 2111 τῆς
1126 2024 1498 2113 Ἀσσυρίων
1542 2024 1654 2091 καὶ
1689 2025 1954 2110 Μήδων
1999 2027 2187 2108 βασι-
2226 2049 2255 2098 7

257 2135 437 2209 λείας
490 2129 602 2197 καὶ
655 2142 772 2217 τῆς
825 2144 959 2199 τῶν
1013 2126 1461 2220 συγγραφέων
1517 2135 1889 2219 διαφωνίας
1946 2134 2188 2210 ἱκανῶς

255 2240 568 2326 εἰρῆσθαι
623 2241 1002 2324 νομίζομεν·
1056 2238 1210 2326 περὶ
1266 2237 1342 2305 δὲ
1395 2248 1513 2323 τῆς
1550 2237 1833 2322 Ἰνδικῆς
1886 2237 1997 2304 καὶ
2052 2250 2187 2304 τῶν

256 2343 333 2409 ἐν
378 2345 545 2430 αὐτῇ
593 2344 1209 2430 μυθολογουμένων
1256 2345 1331 2410 ἐν
1377 2343 1561 2432 μέρει
1605 2344 1913 2429 διέξιμεν.

428 2447 522 2515 Ἡ
566 2455 802 2517 τοίνυν
841 2450 1086 2535 Ἰνδικὴ
1145 2453 1627 2538 τετράπλευρος
1671 2446 1841 2517 οὖσα
1891 2460 1982 2540 τῷ
2030 2454 2184 2536 σχή-
2204 2454 2296 2519 35

174 2577 230 2618 20
258 2580 436 2641 ματι,
481 2560 605 2642 τὴν
642 2556 765 2643 μὲν
799 2560 966 2645 πρὸς
1003 2560 1330 2636 ἀνατολὰς
1364 2560 1699 2624 νεύουσαν
1742 2559 2039 2644 πλευρὰν
2074 2557 2184 2624 καὶ

256 2663 384 2745 τὴν
435 2667 600 2751 πρὸς
655 2669 1070 2750 μεσημβρίαν
1123 2666 1163 2751 ἡ
1214 2666 1465 2751 μεγάλη
1519 2663 1805 2752 περιέχει
1862 2666 2184 2750 θάλαττα,

254 2769 380 2853 τὴν
428 2766 503 2835 δὲ
546 2774 712 2857 πρὸς
756 2773 871 2849 τὰς
916 2773 1200 2858 ἄρκτους
1243 2774 1320 2838 τὸ
1353 2767 1660 2857 Ἠμωδὸν
1707 2774 1863 2858 ὄρος
1910 2773 2183 2859 διείργει

252 2885 372 2959 τῆς
417 2880 745 2961 Σκυθίας,
791 2879 878 2962 ἣν
921 2888 1306 2944 κατοικοῦσι
1350 2890 1485 2944 τῶν
1523 2884 1821 2944 Σκυθῶν
1868 2879 1939 2943 οἰ
1977 2896 2183 2966 προσ-

254 2987 734 3069 αγορευόμενοι
791 2985 1036 3049 Σάκαι·
1100 2985 1221 3068 τὴν
1278 2981 1353 3050 δὲ
1405 2986 1724 3071 τετάρτην
1783 2986 1958 3069 [τὴν]
2018 2987 2185 3071 πρὸς

144 3100 227 3151 '25
257 3090 458 3154 δύσιν
504 3088 961 3176 ἐστραμμένην
1009 3091 1355 3176 διείληφεν
1402 3089 1439 3155 ὁ
1477 3087 1689 3166 Ἰνδὸς
1732 3106 2183 3176 προσαγορευ-

255 3197 497 3279 όμενος
540 3200 853 3281 ποταμός,
899 3195 1206 3281 μέγιστος
1253 3197 1349 3262 ὢν
1386 3207 1519 3261 τῶν
1554 3197 1823 3261 πάντων
1859 3195 2020 3279 μετὰ
2065 3195 2183 3256 τὸν

400 3429 432 3478 6
469 3444 748 3494 προγεγον
717 3421 840 3479 νόσι
823 3446 877 3479 ιν
913 3424 967 3478 11
1041 3431 1072 3480 7
1105 3419 1253 3479 Ἀστυ
1221 3423 1368 3512 υβάρ
1372 3444 1409 3478 α
1447 3421 1727 3477 Gemistus
1816 3425 1849 3474 8
1887 3437 2032 3504 γήρα
2068 3420 2179 3471 tea..

255 3489 320 3549 ἐν
359 3496 494 3566 Εκβ.
542 3497 697 3584 vulg.
826 3502 857 3550 9
893 3492 1170 3551 Ἀσπάδαν
1213 3494 1280 3562 0,
1324 3490 1604 3548 Ἀπάνδαν
1641 3493 1683 3546 F
1794 3496 1861 3544 21
1900 3506 2005 3555 την
2040 3482 2182 3551 πρὸς

252 3564 506 3631 Bekker‚
543 3564 685 3637 πρὸς
718 3567 787 3637 D,
824 3564 926 3654 τὴν
963 3564 1121 3653 πρὸς
1140 3562 1245 3653 τὴν
1282 3566 1438 3634 vulg.
1558 3569 1628 3617 24
1665 3557 1767 3628 τὴν
1806 3575 1915 3612 om.
1954 3557 2002 3610 D
2112 3560 2181 3609 26

253 3636 369 3691 τῶν
405 3636 660 3709 πάντων]
701 3611 903 3709 σχεδὸν
939 3639 1055 3693 τῶν
1091 3633 1250 3691 ἆπάν
1218 3655 1364 3689 ντων
1404 3633 1521 3689 OF

1755 3715 1862 3768 15*
