2569 4061
379 196 410 256 1
427 192 509 257 14
1044 189 1349 248 DIODORI
1387 189 1621 246 SICULI

381 366 627 442 φορᾶς,
694 355 729 419 ὁ
786 350 908 438 μὲν
976 355 1406 438 Ψαμμήτιχος
1459 354 1531 417 ἔκ
1583 375 1654 417 τε
1708 362 1823 437 τῆς
1878 353 2136 438 Καρίας
2188 352 2301 418 καὶ

376 471 491 544 τῆς
549 458 802 536 Ἰωνίας
865 461 1333 545 μισθοφόρους
1397 459 1981 544 μεταπεμψάμενος
2034 458 2299 543 ἐνίκησε

375 565 732 653 παρατάξει
767 564 918 651 περὶ
953 568 1154 630 πόλιν
1196 567 1322 649 τὴν
1358 564 1853 650 ὀνομαζομένην
1889 567 2298 651 Μώμεμφιν,

376 684 510 738 τῶν
548 671 609 737 δ’
655 670 1186 756 ἀντιταξαμένων
1215 669 1546 754 βασιλέων
1574 672 1647 738 οἰ
1676 668 1798 756 μὲν
1826 673 1991 738 κατὰ
2027 674 2151 756 τὴν
2179 673 2298 756 μά-

375 803 502 864 χην
567 776 1029 865 ἀνῃρέθησαν)
1094 777 1167 842 οἰ
1215 775 1276 842 δ’
1345 778 1441 854 εἰς
1493 778 1761 862 Λιβύην
1826 776 2300 862 ἐκδιωχθέντες
2325 794 2356 834 ⁵

380 884 600 951 οὐκέτι
646 882 797 969 περὶ
841 892 957 967 τῆς
1003 882 1206 969 ἀρχῆς
1252 889 1536 968 ἴσχυσαν
1582 883 2095 969 ἀμφισβητῆσαι.

271 991 353 1055 67
564 994 695 1072 Τῆς
732 983 794 1052 δ’
837 988 996 1072 ὅλης
1031 991 1369 1072 βασιλείας
1406 989 1762 1075 κυριεύσας
1794 990 1829 1054 ὁ
1872 991 2300 1074 Ψαμμήτιχος

245 1145 250 1150 -
376 1105 467 1184 τῷ
505 1093 628 1179 μὲν
664 1094 738 1160 ἐν
778 1094 1051 1179 Μέμφει
1085 1100 1226 1183 θεῷ
1265 1096 1340 1160 τὸ
1379 1097 1547 1182 πρὸς
1573 1094 1660 1160 ἕω
1697 1096 2115 1182 προπύλαιον
2149 1118 2299 1161 κατ-

378 1203 688 1268 εσκεύασε
765 1199 877 1266 καὶ
939 1209 1029 1288 τῷ
1094 1209 1235 1288 ναῷ
1298 1203 1419 1267 τὸν
1480 1205 1871 1288 περίβολον,
1943 1203 2300 1278 κολοττοὺς

377 1308 756 1390 ὑποστήσας
801 1304 949 1398 ἀντὶ
993 1317 1129 1372 τῶν
1173 1310 1423 1373 κιόνων
1468 1308 1978 1392 δωδεκαπήχεις·
2039 1317 2178 1383 τοῖς
2225 1303 2298 1372 δὲ
2328 1324 2382 1364 10

379 1414 829 1498 μισθοφόροις
889 1410 1092 1498 χωρὶς
1144 1424 1281 1478 τῶν
1336 1411 1867 1497 ὡμολογημένων
1922 1410 2298 1492 συντάξεων

378 1518 632 1602 δωρεάς
685 1541 755 1583 τε
811 1516 1200 1602 ἀξιολόγους
1253 1517 1561 1603 ἀπένειμε
1614 1516 1726 1584 καὶ
1787 1520 1870 1584 τὰ
1921 1520 2298 1603 καλούμενα

378 1626 789 1710 στρατόπεδα
843 1628 1049 1691 τόπον
1105 1626 1315 1690 οἰκεῖν
1371 1626 1575 1690 ἔδωκε
1619 1622 1730 1690 καὶ
1774 1626 2001 1711 χώραν
2045 1627 2299 1708 πολλὴν

376 1732 942 1818 κατεκληρούχησε
970 1732 1209 1816 μικρὸν
1238 1729 1458 1795 ἐπάνω
1495 1739 1617 1795 τοῦ
1647 1735 2123 1815 Πηλουσιακοῦ
2150 1734 2300 1797 στό-

378 1858 610 1922 ματος·
659 1836 777 1913 οὓς
822 1836 1139 1902 ἐντεῦθεν
1166 1835 1444 1920 ’Ἀμασις
1481 1836 1763 1923 ὕστερον
1808 1842 2081 1913 πολλοῖς
2126 1838 2299 1901 ἔτεσι
2328 1854 2381 1896 15

378 1944 778 2027 βασιλεύσας
850 1941 1167 2027 ἀνέστησε
1239 1940 1352 2008 καὶ
1414 1940 1779 2033 κατῴκισεν
1843 1946 1937 2021 εἰς
1999 1942 2297 2028 Μέμφιν.

306 2062 339 2110 2
380 2053 491 2116 διὰ
539 2049 613 2116 δὲ
648 2061 782 2116 τῶν
819 2053 1265 2137 μισθοφόρων
1299 2053 1763 2137 κατωρθωκὼς
1797 2053 1921 2135 τὴν
1956 2054 2300 2136 βασιλείαν

379 2158 414 2222 ὁ
493 2159 920 2242 Ψαμμήτιχος
980 2158 1241 2234 τούτοις
1306 2157 1380 2221 τὸ
1446 2159 1684 2223 λοιπὸν
1756 2156 2015 2243 μάλιστ’
2087 2156 2301 2224 ἐνεπί-

379 2279 571 2329 στευε
616 2265 697 2328 τὰ
742 2265 905 2330 κατὰ
940 2265 1064 2347 τὴν
1100 2263 1312 2348 ἀρχὴν
1348 2260 1460 2327 καὶ
1505 2261 1828 2329 διετέλεσε
1878 2263 2301 2349 ξενοτροφῶν

307 2380 339 2428 3
378 2370 665 2453 μεγάλας
720 2370 1049 2453 δυνάμεις.
1142 2367 1669 2453 στρατεύσαντος
1724 2363 1785 2433 δ’
1839 2369 1934 2445 εἰς
1985 2371 2108 2453 τὴν
2163 2374 2299 2433 Συ-
2328 2387 2383 2428 20

379 2477 534 2557 ρίαν
580 2473 787 2538 αὐτοῦ
833 2468 943 2537 καὶ
986 2471 1151 2536 κατὰ
1195 2472 1313 2547 τὰς
1365 2470 1757 2556 παρατάξεις
1808 2475 1966 2549 τοὺς
2019 2470 2143 2558 μὲν
2197 2500 2299 2559 μι-
2338 2497 2408 2547 78

380 2580 773 2663 σθοφόρους
816 2586 1269 2664 προτιμῶντος
1313 2574 1423 2641 καὶ
1457 2577 1809 2655 τάττοντος
1854 2579 1950 2655 εἰς
1992 2580 2073 2642 τὰ
2119 2579 2302 2658 δεξιὰ

380 2683 575 2770 μέρη,
640 2686 797 2758 τοὺς
863 2680 923 2747 δ’
987 2681 1348 2768 ἐγχωρίους
1408 2683 1795 2770 ἀτιμότερον
1826 2684 2132 2766 ἄγοντος
2189 2684 2300 2750 καὶ

378 2790 497 2855 τὸν
562 2788 910 2873 εὐώνυμον
972 2791 1181 2854 τόπον
1245 2788 1696 2874 ἀπονέμοντος
1755 2796 1873 2873 τῆς
1936 2791 2298 2875 φάλαγγος,

378 2897 452 2962 οἰ
486 2894 606 2981 μὲν
644 2895 1001 2978 Αἰγύπτιοι
1049 2896 1159 2960 διὰ
1184 2898 1329 2983 ,τὴν
1375 2896 1575 2982 ὕβριν
1611 2894 2144 2980 παροξυνθέντες
2189 2896 2300 2962 καὶ
2328 2918 2384 2959 25

380 3007 727 3089 γενόμενοι
770 3003 846 3067 τὸ
893 3007 1152 3087 πλῆθος
1196 3005 1466 3079 πλείους
1519 3011 1653 3067 τῶν
1699 3008 1909 3068 εἴκοσι
1954 3003 2301 3089 μυριάδων

382 3110 757 3194 ἀπέστησαν
810 3107 921 3174 καὶ
975 3117 1272 3194 προῆγον
1329 3106 1429 3173 ἐπ’
1482 3109 1877 3193 Αἰθιοπίας,
1931 3111 2301 3195 κεκρικότες

528 3309 554 3355 1
596 3300 699 3372 μὲν
767 3301 872 3386 μὲν
917 3298 1025 3390 γὰρ
1062 3301 1159 3356 vul
1400 3296 1464 3356 ἐκ
1510 3320 1568 3356 τε
1615 3305 1715 3370 τῆς
1763 3297 2020 3374 Ἀραβίας
2063 3302 2162 3356 καὶ
2202 3303 2304 3369 τῆς

381 3374 601 3439 Καρίας
638 3303 735 3428 καὶ
780 3373 882 3442 τῆς
917 3322 1133 3435 Ιωνίας
1161 3319 1244 3443 2⁷,
1299 3368 1362 3427 ἔκ
1408 3390 1467 3427 τε
1517 3371 1616 3425 καὶ
1659 3376 1761 3441 τῆς
1810 3375 2015 3436 κακίας
2059 3373 2158 3428 καὶ
2201 3393 2232 3427 τ
2235 3393 2305 3441 ης

387 3442 497 3490 Ιων
502 3444 592 3502 ίας
620 3444 775 3497 καὶτ
745 3445 842 3512 τῆς
860 3445 1077 3515 Καρίας
1106 3441 1147 3497 C
1258 3448 1292 3498 3
1314 3440 1527 3513 μέμφιν
1549 3443 1596 3497 D
1710 3448 1779 3497 18
1801 3439 2157 3500 ἔνεπίστευσε
2181 3442 2302 3500 GF.
