2569 4061
1875 88 2024 99 w*

984 299 1063 352 IV
1100 305 1182 354 69.
1227 304 1310 353 το.
1990 300 2122 369 509

178 461 254 528 δ’
315 458 623 540 Ἠϊονεὺς
684 463 802 538 τὰς
865 462 1108 538 ἵππους
1172 459 1324 528 ἀντὶ
1377 463 1633 528 τούτων
1696 463 2122 550 ἠνεχύρασεν.

185 570 226 635 ὁ
273 567 342 635 δ’
372 564 583 650 Ἰξίων
617 570 737 635 τὸν
758 566 1027 635 Ἠϊονέα
1068 566 1522 655 μετεπέμψατο
1561 568 2124 655 ἐπαγγελλόμενος

185 676 416 741 πάντα
442 676 965 759 ὑπακούσεσθαι,
994 674 1105 741 καὶ
1132 677 1252 742 τὸν
1273 672 1543 741 Ἠϊονέα
1579 679 2122 761 παραγενόμενον

99 796 104 800 ’
182 785 439 868 ἔβαλεν
478 785 572 860 εἰς
612 785 874 869 βόθρον
902 784 1113 868 πυρὸς
1148 784 1410 875 μεστόν.
1476 782 1587 846 διά
1615 777 1689 845 δὲ
1725 781 1801 846 τὸ
1837 780 2123 864 μέγεθος

122 918 160 958 5
190 898 318 973 τῆς
388 892 803 976 παρανομίας
874 886 1130 974 μηδένα
1201 888 1572 971 βούλεσθαι
1642 892 1936 973 καθᾶραι
2003 889 2123 953 τὸν

191 999 435 1080 φόνον.
526 994 714 1073 τέλος
761 993 821 1060 δ’
865 995 995 1060 ὑπὸ
1050 1003 1172 1060 τοῦ
1217 996 1387 1072 Διὸς
1430 996 1594 1059 κατὰ
1646 996 1803 1070 τοὺς
1857 995 2123 1079 μύθους

193 1101 571 1186 ἁγνισθείς,
618 1102 884 1187 ἠράσθη
932 1097 1055 1185 μὲν
1100 1110 1216 1185 τῆς
1235 1099 1448 1184 ’Ἠρας
1491 1099 1603 1166 καὶ
1638 1098 2123 1184 κατετόλμησεν

190 1205 368 1294 ὑπὲρ
417 1210 779 1284 συνουσίας
823 1210 1067 1289 λόγους
1115 1214 1474 1273 ποιεῖσθαι.
1567 1210 1788 1273 ἔπειτα
1833 1208 1952 1272 τὸν
1998 1203 2122 1291 μὲν
2159 1231 2192 1281 5

193 1317 338 1380 Δία
386 1316 667 1380 εἴδωλον
721 1316 1090 1397 ποιήσαντα
1143 1323 1258 1397 τῆς
1289 1312 1502 1399 ’Ήρας
1545 1312 1836 1398 νεφέλην
1892 1313 2121 1393 ἐξαπο-

101 1450 164 1489 10
196 1426 473 1500 στεῖλαι,
518 1422 638 1487 τὸν
685 1417 760 1486 δὲ
790 1415 1027 1498 Ἰξίονα
1072 1428 1151 1504 τῆ
1197 1418 1445 1504 νεφέλῃ
1483 1418 1757 1503 μιγέντα
1802 1429 2123 1504 γεννῆσαι

195 1530 361 1603 τοὺς
451 1525 980 1612 ὀνομαζομένους
1073 1527 1500 1608 Κενταύρους
1582 1525 2118 1612 ἀνθρωποφυεῖς.

196 1631 389 1710 τέλος
444 1629 518 1698 δὲ
571 1637 1032 1718 μυθολογοῦσι
1085 1635 1206 1698 τὸν
1244 1626 1484 1710 Ἰξίονα
1540 1632 1653 1696 διά
1705 1633 1780 1697 τὸ
1836 1630 2121 1715 μέγεθος

195 1750 335 1804 τῶν
380 1739 861 1826 ἡμαρτημένων
904 1739 1036 1805 ὑπὸ
1086 1740 1252 1816 Διὸς
1299 1740 1394 1815 εἰς
1438 1740 1681 1824 τροχὸν
1736 1737 2119 1820 ἐνδεθῆναι,

197 1844 312 1912 καὶ
346 1847 827 1930 τελευτήσαντα
862 1847 986 1929 τὴν
1022 1847 1348 1931 τιμωρίαν
1386 1847 1561 1929 ἔχειν
1598 1845 1892 1910 αἰώνιον.
1963 1846 2120 1921 τοὺς
2142 1849 2227 1914 70

118 1979 173 2019 15
202 1949 277 2019 δὲ
321 1954 751 2040 Κενταύρους
795 1948 970 2028 τινὲς
1015 1951 1138 2036 μέν
1184 1968 1393 2037 φασιν
1438 1950 1512 2017 ἐν
1556 1959 1647 2040 τῷ
1686 1953 1919 2039 Πηλίῳ
1966 1972 2121 2037 τρα-

204 2067 413 2141 φῆναι
456 2060 587 2127 ὑπὸ
634 2064 974 2145 Νυμφῶν,
1020 2058 1494 2146 ἀνδρωθέντας
1538 2055 1613 2123 δὲ
1656 2056 1768 2124 καὶ
1812 2055 2123 2142 μιγέντας

205 2163 430 2241 ἵπποις
456 2171 757 2250 θηλείαις
783 2174 1103 2251 γεννῆσαι
1119 2168 1278 2243 τοὺς
1306 2163 1834 2250 ὀνομαζομένους
1857 2166 2122 2249 διφυεῖς

196 2266 808 2359 Ἱπποκενταύρους·
855 2270 1032 2351 τινὲς
1079 2270 1153 2338 δὲ
1200 2271 1472 2355 λέγουσι
1507 2275 1665 2348 τοὺς
1701 2271 1773 2336 ἐκ
1809 2271 2123 2355 Νεφέλης

206 2374 314 2440 καὶ
352 2374 624 2455 Ἰξίονος
679 2378 1130 2462 γεννηθέντας
1182 2379 1615 2465 Κενταύρους
1667 2378 1972 2464 πρώτους
2019 2379 2122 2443 ἶπ-

130 2509 183 2550 20
208 2483 448 2559 πεύειν,
490 2482 1027 2571 ἐπιχειρήσαντας
1072 2484 1666 2571 Ἱπποκενταύρους
1728 2484 2123 2570 ὠνομάσθαι

208 2587 314 2654 καὶ
368 2592 462 2666 εἰς
525 2593 793 2675 πλάσμα
852 2594 1081 2675 μύθου
1144 2598 1639 2677 καταταχθῆναι
1703 2591 1792 2668 ὡς
1857 2594 2123 2677 διφυεῖς

209 2696 414 2773 ὄντας.
507 2695 676 2781 φασὶ
721 2693 797 2762 δὲ
849 2699 1128 2775 τούτους
1172 2700 1262 2775 ὡς
1318 2708 1660 2783 συγγενεῖς
1703 2697 2122 2785 ὑπάρχοντας
2159 2720 2191 2767 2

209 2802 555 2887 ἀπαιτῆσαι
618 2805 738 2871 τὸν
805 2807 1182 2890 Πειρίθουν
1239 2807 1316 2870 τὸ
1381 2803 1579 2892 μέρος
1641 2815 1756 2890 τῆς
1817 2804 2123 2895 πατρῴας

108 2918 208 2968 315
229 2908 450 2995 ἀρχῆς·
497 2909 620 2976 οὐκ
665 2909 1108 2989 ἀποδιδόντος
1155 2907 1229 2976 δὲ
1272 2920 1395 2976 τοῦ
1444 2915 1779 2998 Πειρίθου
1827 2914 2121 2995 πόλεμον

139 3039 187 3080 25
214 3013 567 3099 ἐξενεγκεῖν
611 3019 778 3103 πρὸς
824 3017 1031 3082 αὐτόν
1074 3039 1144 3082 τε
1188 3016 1301 3082 καὶ
1343 3021 1501 3096 τοὺς
1538 3020 1868 3094 Λαπίθας.
1931 3017 2119 3082 ὕστε-
2157 3038 2188 3085 3

212 3144 325 3207 ρον
381 3118 455 3187 δὲ
512 3122 974 3189 διαλυθέντων
1029 3122 1251 3188 αὐτῶν
1309 3126 1680 3211 Πειρίθους
1734 3119 1855 3207 μὲν
1910 3125 2122 3207 γήμας

203 3224 663 3313 Ἱπποδάμειαν
707 3231 830 3313 τὴν
875 3230 1171 3314 Βούτου,
1216 3227 1331 3297 καὶ
1374 3229 1776 3307 καλέσαντος
1823 3232 1918 3306 εἰς
1961 3231 2121 3307 τοὺς

211 3419 428 3491 γυναικὶ
455 3420 565 3476 del.
597 3419 776 3477 Cobet
847 3427 879 3475 2
920 3418 1065 3491 ἐπαγ
1105 3420 1403 3493 ελλόμενος
1438 3422 1626 3477 πάντα
1654 3437 1764 3477 om.
1795 3422 1843 3476 D
1919 3428 1951 3477 3
1982 3417 2119 3477 ἔπα-

172 3558 177 3561 ,
211 3486 513 3576 κούσεσθαι
547 3491 598 3547 D
672 3496 704 3546 5
745 3487 1055 3562 βούλεσθαι
1118 3490 1409 3549 δύνασθαι
1448 3494 1497 3550 0
1561 3499 1626 3548 21
1668 3494 2031 3575 καταχθῆναι
2067 3493 2120 3547 II

214 3567 273 3617 2⁷
315 3563 441 3633 την]
492 3564 590 3619 τοῦ
644 3563 798 3634 vulg.
908 3560 1126 3619 Βούτου
1165 3565 1412 3632 Palmer‚
1451 3562 1660 3637 βύστου
1699 3565 1938 3621 cedmae.
