2569 4061
0 62 2564 152 '‘ff-F

951 370 1005 424 ΙΙ
1046 377 1128 425 13.
1170 375 1252 425 14.
1297 375 1379 426 15.
2000 372 2131 437 193

201 534 329 616 τὴν
358 530 583 598 Ἀσίαν
628 532 818 619 μέχρι
861 542 986 599 τοῦ
1030 542 1162 599 νῦν
1207 529 1505 616 διαμένει
1549 544 1684 598 τῶν
1718 534 1832 600 ὑπ’
1877 535 2135 619 ἐκείνης

206 637 882 704 κατασκευασθέντων
935 636 1045 704 καὶ
1098 643 1394 705 καλεῖται
1447 641 1896 724 Σεμιράμιδος
1950 644 2128 728 ἔργα.

209 746 371 829 μετὰ
418 742 489 811 δὲ
532 754 739 812 ταῦτα
782 748 907 829 τήν
949 768 1020 810 τε
1067 750 1416 829 Αἴγυπτον
1460 753 1683 810 πᾶσαν
1729 744 1974 828 ἐπῆλθε
2018 748 2128 814 καὶ
2168 770 2201 818 3

209 859 327 933 τῆς
354 853 607 936 Λιβύης
632 853 713 916 τα
749 856 1023 917 πλεῖστα
1048 848 1635 937 καταστρεψαμένη
1664 855 2008 935 παρῆλθεν
2037 855 2130 928 εἰς

108 976 153 1017 -5
194 955 529 1041 ’Ἀμμωνα,
576 956 954 1043 χρησομένη
983 965 1074 1046 τῷ
1103 963 1244 1046 θεῷ
1275 955 1429 1043 περὶ
1455 966 1571 1040 τῆς
1610 958 1783 1033 ἰδίας
1808 961 2130 1040 τελευτῆς.

207 1063 465 1146 λέγεται
502 1063 564 1130 δ’
614 1065 780 1149 αὐτῇ
816 1062 1134 1148 γενέσθαι
1172 1066 1404 1147 λόγιον
1440 1063 1507 1143 ἐξ
1544 1063 1928 1149 ἀνθρώπων
1964 1062 2134 1148 ἀφα-

208 1174 659 1255 νισθήσεσθαι
713 1169 824 1236 καὶ
887 1172 1054 1237 κατὰ
1107 1170 1232 1253 τὴν
1270 1166 1498 1236 Ἀσίαν
1543 1165 1699 1256 παρ’
1751 1168 1955 1246 ἐνίοις
1999 1179 2134 1234 τῶν

208 1276 433 1342 ἐθνῶν
472 1276 820 1342 ἀθανάτου
845 1276 1199 1356 τεύξεσθαι
1234 1284 1450 1360 τιμῆς·
1479 1277 1638 1363 ὅπερ
1667 1278 1942 1342 ἔσεσθαι
1969 1270 2128 1341 καθ’

208 1381 288 1448 ὃν
308 1382 393 1448 ἂν
420 1384 669 1467 χρόνον
697 1382 734 1447 ὁ
761 1383 909 1460 υίὸς
936 1382 1104 1466 αὐτῇ
1124 1383 1387 1459 Νινύας
1415 1383 1870 1469 ἐπιβουλεύσῃ.
1909 1381 2037 1447 ἀπὸ
2060 1377 2133 1447 δὲ
2170 1404 2206 1452 4

120 1509 179 1549 10
207 1490 469 1554 τούτων
506 1487 831 1573 γενομένη
878 1497 993 1571 τῆς
1029 1490 1396 1565 Αὐθιοπίας
1441 1488 1690 1573 ἐπῆλθε
1733 1490 1814 1554 τὰ
1860 1493 2133 1554 πλεῖστα

206 1592 796 1678 καταστρεφομένη
851 1593 963 1659 καὶ
1015 1595 1097 1658 τα
1150 1595 1315 1660 κατὰ
1369 1595 1493 1677 τὴν
1546 1595 1771 1680 χώραν
1823 1592 2131 1680 θεωμένη

209 1698 571 1783 παράδοξα.
620 1694 792 1764 εἶναι
811 1700 939 1784 γὰρ
959 1699 1032 1766 ἐν
1052 1699 1218 1785 αὐτῇ
1248 1716 1414 1784 φασι
1434 1700 1674 1784 λίμνην
1692 1702 2131 1786 τετράγωνον,

208 1805 336 1887 τὴν
381 1801 503 1889 μὲν
547 1808 942 1892 περίμετρον
987 1809 1275 1892 ἔχουσαν
1311 1808 1542 1872 ποδῶν
1578 1807 1667 1884 ὡς
1713 1806 1945 1872 ἑκατὸν
1991 1806 2129 1891 ἑξή-

207 1933 434 1995 κοντα,
479 1913 555 1977 τὸ
603 1910 664 1976 δ’
707 1912 892 1998 ὕδωρ
928 1922 1009 1998 τῇ
1047 1910 1169 1998 μὲν
1205 1916 1374 2001 χρόᾳ
1409 1908 1872 1999 παραπλήσιον
1907 1938 2127 1980 κιννα-

124 2039 181 2080 15
208 2019 420 2104 βάρει,
448 2019 572 2103 τὴν
601 2013 663 2085 δ’
698 2020 914 2105 ὀσμὴν
940 2014 1097 2086 καθ’
1131 2020 1512 2108 ὑπερβολὴν
1538 2020 1795 2106 ἡδεῖαν,
1827 2020 1950 2087 οὐκ
1979 2019 2133 2085 ἀνό-

208 2150 404 2211 μοιον
461 2134 622 2216 οἴνῳ
677 2131 963 2215 παλαιῷ·
1026 2128 1315 2212 δύναμιν
1372 2124 1433 2191 δ’
1498 2129 1671 2211 ἔχειν
1724 2126 2133 2212 παράδοξον·

209 2236 328 2300 τὸν
384 2236 512 2321 γὰρ
577 2237 816 2300 πιόντα
879 2231 1090 2318 φασὶν
1153 2235 1247 2309 εἰς
1310 2235 1555 2316 μανίαν
1619 2232 1962 2315 ἐμπίπτειν
2024 2230 2135 2296 καὶ

209 2338 413 2406 πάνθ’
452 2340 493 2406 ἃ
529 2343 858 2426 πρότερον
895 2337 1211 2405 διέλαθεν
1249 2338 1630 2423 ἁμαρτήσας
1666 2335 1907 2402 ἑαυτοῦ
1943 2359 2137 2421 κατη-

211 2457 454 2529 γορεῖν.
546 2456 685 2525 τοῖς
741 2443 866 2533 μὲν
921 2440 1048 2511 οὖν
1100 2452 1308 2510 ταῦτα
1364 2441 1678 2526 λέγουσιν
1733 2443 1857 2508 οὐκ
1911 2445 1995 2509 ἄν
2038 2466 2138 2522 τις

128 2570 187 2612 20
217 2550 463 2637 ῥᾳδίως
507 2553 1015 2635 συγκατάθοιτο.

402 2660 628 2743 Ταφὰς
681 2655 757 2725 δὲ
809 2669 945 2724 τῶν
997 2658 1535 2742 τελευτησάντων
1602 2658 1788 2735 ἰδίως
1853 2657 1925 2722 οἰ
1972 2661 2134 2725 κατὰ
2161 2660 2241 2724 15

213 2765 335 2847 τὴν
396 2766 765 2831 Αὐθιοπίαω
828 2774 1204 2832 ποιοῦνται·
1278 2765 1783 2851 ταριχεύσαντες
1855 2765 1984 2850 γὰρ
2052 2767 2132 2831 τὰ

215 2871 481 2956 σώματα
527 2870 639 2937 καὶ
681 2870 1100 2959 περιχέαντες
1136 2872 1363 2948 αὐτοῖς
1406 2873 1662 2955 πολλὴν
1706 2870 1907 2937 ὕελον
1956 2872 2133 2938 ἱστᾶ-

216 2995 322 3043 σιν
369 2976 477 3044 ἐπὶ
523 2981 794 3064 στήλης,
850 2980 1017 3044 ὥστε
1062 2989 1202 3055 τοῖς
1246 2987 1563 3065 παριοῦσι
1609 2979 1975 3064 φαίνεσθαι
2023 2979 2134 3044 διὰ

136 3102 190 3143 25
214 3093 327 3169 τῆς
379 3083 583 3150 ὑέλου
636 3084 715 3151 τὸ’
767 3094 890 3150 τοῦ
947 3089 1483 3170 τετελευτηκότος
1547 3095 1762 3171 σῶμα,
1827 3085 2131 3166 καθάπερ

206 3187 568 3277 Ἡρόδοτος
614 3197 848 3278 εἴρηκε.
923 3194 1216 3276 Κτησίας
1261 3189 1323 3257 δ’
1369 3190 1405 3257 ὁ
1444 3194 1722 3269 Κνίδιος
1768 3187 2134 3273 ἀποφαινό-
2173 3204 2204 3251 2

216 3321 410 3383 μενος
453 3307 698 3364 τοῦτον
744 3299 1138 3383 σχεδιάζειν,
1199 3297 1399 3375 αὐτός
1446 3314 1613 3381 φησι
1657 3298 1732 3362 τὸ
1779 3292 1901 3380 μὲν
1947 3302 2135 3375 σῶμα

216 3407 712 3491 ταριχεύεσθαι,
770 3407 895 3488 τὴν
940 3403 1167 3490 μέντοι
1213 3428 1289 3487 γε
1334 3403 1535 3468 ὕελον
1582 3403 1669 3485 μὴ
1717 3401 2133 3483 περιχεῖσθαι

355 3639 423 3688 21
464 3629 614 3696 ἰδίας
648 3631 813 3689 Dind.
959 3638 1029 3687 23
1066 3625 1248 3686 πολὺν
1284 3630 1352 3682 D.

319 3730 572 3774 Dmnonus
600 3733 639 3772 Ι.
1752 3714 1818 3761 18
