2569 4061
26 3965 29 3990 Ἢ
26 3845 45 3948 ‘v

26 210 29 217 ι

751 337 847 392 ΒΕ
886 337 1186 395 sERMON
1189 338 1234 392 E
1273 337 1665 396 DIODOREO.
1964 340 2169 399 LXVII

222 506 461 586 πλήθει
503 505 804 568 παντοίων
851 502 1085 583 ὄφεων,
1141 509 1204 565 et
1247 506 1313 565 in
1356 526 1474 567 uno
1521 509 1592 567 de
1649 508 1893 585 optimis
1940 501 2054 590 (A)
2106 512 2163 587 3,

222 609 336 684 68,
370 609 406 666 3
438 613 554 686 γῆν
590 603 997 675 παντοδαποῖς
1032 607 1284 683 καρποῖς
1311 602 1691 683 πλήθουσαν,
1728 609 1790 666 et
1824 606 1889 666 in
1930 606 2165 667 duobus

224 708 334 779 17,
367 705 471 781 50,
503 708 536 764 1
592 698 858 781 δένδρων
903 699 1144 779 πλήθει,
1188 701 1349 761 idem
1394 721 1504 778 pro
1542 702 1801 780 πληθύω
1837 705 2163 765 restituen-

219 803 376 860 dum
406 805 463 877 2,
496 805 553 877 1,
583 803 620 860 5
661 797 962 877 πληθύειν
991 796 1255 875 ἀλκίμων
1293 796 1562 877 ἀνδρῶν·
1604 803 1662 877 2,
1685 801 1786 874 35,
1818 803 1855 860 3
1896 797 2165 880 δένδρεσι

218 895 609 973 πληθύοντα·
651 899 709 970 2,
731 897 834 974 54,
867 897 904 955 3
946 894 1208 972 πληθύει
1243 904 1549 978 γεωργῶν·
1591 900 1648 974 2,
1681 899 1785 973 54,
1816 900 1853 957 5
1892 899 2162 977 θρεμμά-

223 1015 351 1054 των
379 992 663 1071 πληθύει·
702 997 762 1072 3,
793 996 897 1071 16,
929 996 964 1054 6
1007 991 1159 1054 ἐπὰν
1196 992 1294 1055 ἐπὶ
1334 995 1581 1055 πλείονα
1609 992 1827 1073 χρόνον
1862 994 2164 1072 πληθύειν

223 1092 533 1175 συμβαίνῃ
568 1089 673 1151 τὸν
711 1087 1001 1152 ὠκεανόν·
1052 1093 1110 1171 5,
1142 1095 1244 1170 19,
1274 1096 1316 1153 4
1366 1091 1466 1152 διὰ
1510 1091 1576 1153 τὸ
1621 1091 1802 1169 φύσει
1837 1089 1941 1153 τὸν
1978 1088 2163 1152 ὠκεα-

219 1186 339 1250 νὸν
392 1197 658 1271 πανταχῇ
722 1188 1021 1266 πληθύειν
1083 1190 1487 1251 παντοδαπῶν
1552 1189 1820 1269 ἰχθύων·
1878 1192 1938 1267 5,
1978 1192 2080 1264 25,
2122 1195 2159 1250 2

218 1286 441 1366 πάγοις
479 1285 752 1359 ἐξαισίοις
788 1285 1073 1364 πληθύει·
1114 1289 1173 1365 5,
1202 1290 1307 1366 43,
1342 1292 1374 1346 1
1407 1288 1793 1364 πληθύοντος
1829 1294 1936 1349 τοῦ
1971 1286 2160 1349 τόπου

217 1384 594 1461 ναματιαίων
648 1382 910 1444 ὑδάτων·
960 1405 1147 1461 quum
1201 1386 1302 1446 vel
1362 1385 1758 1463 πληθυούσης
1804 1382 2025 1465 ἀγορᾶς
2080 1387 2162 1447 sit

220 1483 387 1558 apud
417 1482 638 1542 Athen.
673 1485 707 1541 6
747 1503 805 1558 p.
837 1484 966 1543 270
1004 1482 1079 1559 D,
1118 1485 1181 1542 et
1216 1482 1280 1540 in
1326 1482 1482 1543 libro
1522 1484 1749 1559 optimo
1788 1483 1935 1545 Xen.
1963 1484 2158 1544 Anab.

222 1583 287 1657 2,
330 1582 386 1657 1,
429 1582 463 1639 7
521 1599 558 1639 a
611 1580 808 1656 prima
876 1598 1060 1638 manu
1119 1576 1555 1657 πληθύουσαν,
1619 1584 1690 1639 ut
1743 1582 1808 1639 in
1862 1582 2158 1642 Vaticano

218 1677 503 1753 Dionysii
537 1678 612 1739 A.
649 1678 720 1737 R.
761 1679 821 1752 3,
851 1679 911 1750 3,
947 1697 1005 1751 p.
1036 1677 1184 1752 411,
1217 1678 1253 1735 6
1302 1668 1729 1756 πληθυούσης,
1776 1679 1937 1753 quod
1984 1696 2158 1738 nemo

226 1774 453 1835 dixisse
486 1776 747 1850 videtur,
787 1774 893 1834 sed
928 1770 1307 1850 πληθούσης,
1344 1776 1415 1833 ut
1451 1781 1557 1834 τοῦ
1594 1772 1853 1851 θεάτρου
1888 1773 2159 1851 πλήθον-

220 1892 324 1943 τος
363 1874 454 1932 est
491 1874 650 1949 apud
676 1871 1012 1932 Diodorum
1052 1872 1153 1948 13,
1187 1873 1289 1945 97,
1321 1873 1376 1948 6,
1416 1870 1521 1947 qui
1558 1868 1779 1950 ἀγορᾶς
1805 1869 2160 1947 πληθούσης

230 1974 334 2048 13,
367 1973 515 2051 104,
545 1973 603 2033 5.
692 1970 820 2030 Nec
868 1969 1121 2030 dubium
1168 1968 1353 2029 etiam
1398 1968 1561 2046 apud
1606 1968 1757 2028 alios
1803 1968 2029 2028 multos
2077 1968 2161 2028 sic

222 2088 357 2129 esse
383 2072 716 2146 peccatum,
753 2088 940 2145 quum
967 2067 1351 2128 Herodianus
1396 2070 1556 2130 certe
1584 2063 1737 2147 Περὶ
1765 2088 1897 2144 μον.
1925 2070 1977 2125 λ.
2009 2068 2066 2142 5,
2091 2070 2156 2127 2:

223 2166 311 2226 Εἰ
352 2164 433 2244 μὴ
482 2164 766 2242 πληθύον
809 2173 1114 2244 πανταχοῦ
1160 2161 1242 2236 ὦς
1286 2161 1704 2245 ἡμαρτημένον
1742 2162 1991 2245 ἐλέγχειν
2029 2161 2157 2223 ἐπι-

222 2264 627 2344 χειρήσαιμεν,
669 2263 990 2323 manifesto
1037 2264 1351 2340 scripserit
1395 2263 1556 2339 quod
1603 2262 1845 2339 scripsit
1889 2282 1947 2337 p.
1988 2265 2046 2337 3,
2088 2266 2154 2321 1:

228 2365 365 2422 Τῶν
417 2357 634 2430 λέξεων
680 2356 748 2415 αἱ
789 2354 896 2433 μὲν
930 2358 1235 2437 πλήθουσι
1272 2353 1410 2419 καθ’
1455 2356 1789 2436 ὁμοιότητα,
1836 2356 1904 2418 αἱ
1944 2353 2008 2417 δὲ
2055 2354 2154 2417 οὔ·

219 2455 327 2519 καὶ
363 2464 485 2515 τῶν
523 2450 631 2531 μὲν
666 2458 1034 2532 πληθουσῶν
1068 2462 1208 2535 κτλ,
1245 2461 1308 2517 et
1344 2478 1403 2534 p.
1433 2460 1493 2531 5,
1517 2460 1603 2517 24
1640 2451 1763 2516 ἔσθ’
1808 2454 1900 2515 ὅτε
1935 2454 2157 2533 πλήθει

223 2554 295 2616 ἐν
341 2550 740 2632 δμοιώμασιν,
794 2550 952 2625 ὅπως
1000 2552 1098 2614 διὰ
1143 2562 1251 2615 τοῦ
1296 2554 1679 2632 πληθύοντος
1716 2597 1731 2613 .
1760 2602 1772 2614 .
1813 2550 2156 2633 ἐλέγχωμεν,

220 2653 386 2713 haud
433 2651 613 2712 dubie
657 2648 1017 2729 πλήθοντος,
1061 2671 1254 2728 neque
1301 2653 1496 2730 aliter,
1540 2656 1611 2711 ut
1658 2653 1885 2729 opinor,
1930 2652 2156 2712 Pausa-

223 2751 355 2811 nias
405 2753 463 2827 6,
496 2751 599 2825 25,
630 2750 696 2809 5:
752 2747 989 2809 Καθότι
1037 2745 1102 2808 δὲ
1140 2743 1389 2809 Ἠλείων
1432 2743 1473 2825 ή
1519 2748 1688 2820 πόλις
1715 2748 1996 2825 ’πληθύει
2041 2748 2153 2825 μά-

225 2852 388 2907 λιστα
424 2843 795 2925 ἀνθρώποις,
842 2846 947 2905 ubi
992 2847 1147 2906 liber
1193 2847 1458 2923 optimus
1492 2843 1764 2923 πληθύη,
1812 2846 1966 2907 alius
2003 2850 2154 2923 πλη-

227 2944 398 3022 θείη,
446 2963 630 3021 supra
676 2944 899 3020 scripto
945 2963 1068 3020 υει,
1115 2943 1269 3003 alius
1316 2941 1645 3020 πληθύνει,
1699 2946 1771 3001 ut
1814 2944 2054 3021 Polybii
2095 2945 2151 3019 5,

227 3044 328 3116 44,
370 3046 479 3102 11:
542 3041 738 3102 Πεδία
790 3039 1148 3117 πληθύοντα
1200 3038 1432 3117 πόλεσι,
1495 3040 1823 3100 deteriores
1880 3040 2152 3100 inferunt

225 3138 644 3217 πληθύνοντα,
708 3143 780 3199 ut
831 3157 987 3198 unus
1047 3136 1350 3197 Athenaei
1405 3137 1536 3197 loco
1592 3136 1776 3196 citato
1792 3182 1808 3214 ,
1861 3137 2152 3215 Polybius

227 3239 446 3314 autem,
491 3239 718 3314 opinor,
766 3236 1092 3312 scripserat
1134 3231 1467 3310 πλήθοντα.

401 3332 750 3413 Πλημύρειν
789 3336 851 3394 et
885 3329 1181 3411 πλημυρὶς
1227 3331 1344 3391 etsi
1390 3330 1613 3407 duplici
1648 3354 1691 3408 μ
1728 3334 1956 3409 scripta
1992 3328 2151 3389 exhi-

226 3433 371 3493 bent
394 3432 538 3492 libri
563 3431 837 3507 Diodori,
870 3433 1075 3489 tamen
1102 3429 1286 3489 etiam
1313 3428 1455 3487 huic
1484 3430 1738 3488 alteram
1766 3447 1878 3508 ego
1906 3419 2149 3486 restitui

226 3531 497 3611 formam,
539 3531 613 3589 ut
658 3528 914 3605 simplex
958 3550 1001 3604 μ
1048 3527 1234 3587 semel
1281 3527 1486 3585 servat
1528 3523 1684 3583 liber
1729 3524 1991 3598 optimus
2028 3515 2150 3572 Va·

225 3628 456 3687 ticanus
505 3624 816 3685 Strabonis
867 3626 966 3698 15,
1013 3645 1069 3700 p.
1104 3626 1248 3685 742.

1756 3708 1827 3759 e*
