2569 4061
367 174 656 232 LXXVIII
948 173 1476 230 ARGUMENTUM
1510 174 1643 229 LIB.
1681 176 1724 229 Ι.

366 290 473 343 Gap.

550 370 771 409 cursum
808 353 1284 409 accommodatus.
1360 353 1648 408 Uchoreus
1686 351 1979 423 Memphin
2020 354 2296 425 condidit,

545 449 701 501 quae.
725 433 857 488 urbs
892 432 1246 489 describitur.

366 517 449 567 51.
489 511 772 582 Memphis
809 529 1015 568 nomen
1051 512 1274 583 accepit
1301 513 1371 567 ab
1402 512 1646 567 Uchorei
1682 511 1817 583 filia,
1857 530 1968 582 qua
2002 515 2169 568 natus
2207 517 2296 569 est

542 594 850 663 Aegyptus.

366 676 451 728 52.
491 670 700 726 Moeris
738 672 927 729 lacum
964 675 1051 729 sui
1085 671 1330 728 nominis
1367 671 1770 727 exstruendum
1808 670 2041 726 curavit.

364 756 449 805 53.
491 750 744 808 Sesoosis
783 754 1056 809 educatur
1090 771 1204 808 una
1241 768 1369 807 cum
1411 750 1746 819 aequalibus
1776 751 1972 806 eodem
2002 751 2092 806 die
2119 751 2289 806 natis.

542 831 715 887 Parat
752 831 1169 903 expeditionem
1205 832 1279 887 ad
1317 830 1692 901 subigendum
1726 833 2006 887 terrarum
2044 831 2252 887 orbem.

365 915 448 967 54.
486 909 751 983 Aegypto
771 913 832 966 in
848 912 1087 983 triginta
1105 928 1199 968 sex
1217 927 1413 967 nomos
1431 911 1613 967 divisa
1629 911 1888 981 ingentes
1908 909 2101 980 copias
2118 911 2290 980 cogit.

363 995 448 1044 55.
488 991 799 1061 Aethiopes
827 992 1072 1060 superat,
1113 992 1331 1062 primus
1357 1008 1532 1047 naves
1560 992 1762 1061 longas
1792 991 2057 1058 exstruit3
2096 990 2291 1044 Asiam

540 1071 722 1124 totam
760 1070 988 1140 subigit.
1061 1069 1348 1141 Europam
1392 1071 1536 1140 adit3
1580 1072 1788 1142 positis
1820 1072 1881 1125 in
1918 1070 2163 1126 Thracia
2199 1086 2289 1124 co-

540 1148 750 1203 lumnis
785 1149 845 1204 in
880 1150 1127 1219 patriam
1163 1150 1328 1206 redit.

364 1232 450 1282 56.
487 1226 723 1298 Templa
761 1229 1000 1285 exstruit
1034 1246 1137 1300 per
1177 1228 1452 1300 captivos.
1520 1229 1776 1300 Babylon
1814 1232 1873 1285 et
1901 1230 2086 1299 Troia,
2125 1229 2290 1285 urbes

538 1307 601 1361 in
636 1307 900 1379 Aegypto
939 1308 1216 1366 conditae.

364 1392 449 1443 57.
492 1388 746 1444 80800818
794 1405 1030 1459 aggeres
1077 1389 1212 1445 Nilo
1263 1389 1503 1460 opponit
1549 1393 1609 1445 et
1654 1407 1722 1445 ex
1769 1407 1834 1445 eo
1880 1406 2057 1445 novas
2112 1390 2291 1445 fossas

542 1466 715 1524 ducit.
788 1467 977 1524 Fossis
1016 1471 1078 1524 et
1112 1487 1272 1525 muro
1300 1469 1626 1541 Aegyptum
1663 1472 1865 1526 firmat.
1934 1471 2154 1527 Navem
2192 1487 2288 1524 au-

541 1551 741 1619 ratam,
780 1549 1074 1619 obeliscos,
1111 1551 1327 1606 statuas
1366 1554 1668 1607 consecrat.

362 1633 447 1684 58.
487 1627 739 1685 Sesoosis
778 1628 1044 1699 superbia
1079 1631 1140 1685 in
1176 1631 1372 1687 victos.
1438 1629 1591 1686 Mors
1633 1632 1966 1686 voluntaria.
2024 1629 2182 1685 Darii
2219 1631 2290 1684 de

543 1708 767 1765 Sesoosi
802 1709 1090 1765 iudicium.

363 1793 447 1844 59.
490 1789 741 1845 Sesoosis
778 1790 926 1844 filius
963 1792 1088 1844 visu
1124 1788 1353 1844 orbatus
1392 1789 1451 1842 et
1486 1788 1627 1842 mire
1666 1791 1911 1843 sanatus,

366 1873 452 1922 60.
491 1867 715 1922 Amasis
743 1869 1039 1938 Aegyptiis
1068 1867 1332 1937 superbia
1369 1867 1717 1923 exacerbatis
1746 1867 1819 1922 ab
1847 1866 2115 1923 Actisane
2152 1883 2288 1936 rege

539 1946 883 2016 Aethiopum
910 1964 1083 2016 regno
1125 1946 1447 2017 expellitur3
1490 1946 1583 2001 hic
1613 1945 1913 2003 constituit
1937 1947 2289 2018 praedonum

540 2026 810 2098 oppidum
845 2027 1244 2085 Rhinocolura.

363 2111 448 2162 61.
487 2107 845 2177 Recuperant
871 2109 1141 2180 Aegyptii
1175 2124 1427 2179 regnum.
1476 2109 1717 2166 Mendes
1756 2110 1875 2165 sive
1913 2083 2168 2165 Marx-hus
2203 2110 2285 2164 la-

538 2187 794 2256 byrinthi
832 2190 1044 2245 auctor.

364 2273 447 2322 62.
486 2268 648 2323 Getes
686 2268 805 2323 sive
832 2269 1067 2325 Proteus
1106 2270 1362 2338 tempore
1399 2268 1539 2325 belli
1568 2269 1800 2325 Troiani
1834 2272 2049 2340 regnat.
2116 2270 2286 2324 Rem-

538 2348 668 2416 phis
704 2364 802 2403 rex
840 2366 1058 2405 avarus.

362 2432 447 2481 63.
484 2425 703 2481 Nileus.
779 2427 1059 2483 Chemmis
1097 2428 1405 2498 pyramidis
1443 2429 1722 2484 maximae
1761 2429 2031 2484 conditor.

363 2510 448 2562 64.
487 2504 745 2576 Cephren
783 2508 900 2562 sive
938 2507 1225 2577 Chabryes
1269 2525 1366 2563 rex
1402 2508 1752 2577 pyramidem
1789 2507 2028 2562 alteram
2064 2509 2283 2565 statuit.

539 2586 855 2654 Mycerinus
894 2587 1012 2643 sive
1049 2588 1443 2643 Mencherinus
1487 2588 1718 2643 tertiam
1765 2586 2118 2658 pyramidem
2157 2605 2285 2644 con-

544 2665 706 2723 didit.
780 2668 976 2722 Plures
1012 2666 1335 2738 pyramides
1374 2670 1898 2723 commemorantur.

363 2752 447 2803 65.
487 2747 802 2804 Bocchoris.
861 2747 1077 2805 Sabaeo
1113 2766 1211 2805 rex
1238 2746 1488 2819 Aegypti
1524 2764 1729 2819 genere
1756 2748 2031 2819 Aethiops
2068 2766 2283 2819 poenas

540 2826 813 2896 capitales
842 2829 1083 2898 abrogat
1108 2845 1347 2898 reosque
1376 2829 1450 2884 ad
1478 2845 1652 2899 opera
1677 2828 1909 2899 publica
1927 2829 2281 2885 condemnat.

542 2906 769 2962 Somnio
805 2909 1064 2966 turbatus
1099 2908 1402 2979 imperium
1438 2907 1685 2965 abdicat.

362 2994 446 3044 66.
483 2986 874 3045 Dodecarchia
910 3004 1011 3058 per
1047 2989 1369 3058 quindecim
1408 3004 1604 3046 annos.
1672 2988 1975 3045 Commune
2012 2988 2284 3044 incohant

539 3067 838 3124 duodecim
899 3068 1184 3139 principes
1246 3070 1598 3125 mausoleum
1663 3070 1737 3123 ad
1799 3068 1956 3124 lacus
2012 3069 2281 3123 Moeridis

540 3149 766 3205 ostium.
819 3149 929 3205 Sed
955 3148 1402 3205 Psammetichus
1430 3151 1719 3219 assumpto
1748 3166 1818 3205 ex
1845 3148 2011 3204 Caria
2039 3150 2098 3204 et
2122 3149 2284 3205 Ionia

539 3228 722 3285 milite
759 3231 910 3286 solus
946 3246 1184 3300 regnum
1222 3233 1481 3300 occupat.

361 3312 447 3363 67.
484 3306 744 3363 Ducenta
771 3309 932 3365 milia
949 3308 1359 3380 Aegyptiorum
1388 3327 1424 3365 a
1441 3308 1856 3365 Psammeticho
1884 3309 2284 3365 mercennariis

541 3389 785 3443 externis
831 3389 1058 3446 favente
1105 3389 1390 3446 deficiunt.
1464 3390 1586 3445 Rex
1622 3388 1897 3459 benignus
1939 3391 2001 3444 in
2046 3391 2282 3459 exteros,

539 3467 840 3536 praecipue
876 3468 937 3523 in
974 3468 1233 3526 Graecos.
