2569 4061
21 62 2547 112 —

42 205 45 248 ]

996 324 1051 379 ΙΙ
1086 331 1173 381 52.
1222 330 1308 380 53.
1350 331 1436 382 54.
2044 326 2175 391 255

248 486 364 562 καὶ
407 491 534 572 τὴν
573 484 910 576 Ἐρυθρὰν
955 490 1329 569 θάλατταν,
1384 487 1481 551 ἔτι
1526 484 1601 552 δὲ
1646 489 2023 556 Αἰθιοπίαν
2068 488 2187 553 καί

243 617 399 659 τινα
437 591 601 681 μέρη
639 603 755 678 τῆς
789 595 1066 679 Λιβύης.
1141 593 1311 659 ἀλλὰ
1346 600 1463 676 τῆς
1500 588 1622 676 μὲν
1648 595 1815 678 πρὸς
1850 595 2180 671 ἀνατολὰς
2214 617 2250 665 4

242 699 635 785 κεκλιμένης
678 700 988 788 πιοτέρας
1032 701 1241 784 οὔσης
1276 697 1709 784 εὐγενέστερα
1753 699 1865 765 καὶ
1911 706 2180 785 μείζονα

245 808 492 891 φύεται
537 809 696 895 ζῷα·
740 816 858 892 τῆς
903 803 970 871 δ’
1015 808 1222 890 ἄλλης
1268 804 1374 871 ἀεὶ
1418 806 1584 871 κατὰ
1628 805 1747 870 τὸν
1783 814 1902 888 τῆς
1945 807 2179 893 ἀρετῆς

163 932 189 973 5
245 916 457 997 λόγον
503 911 743 979 ἕκαστα
795 924 940 989 ταῖς
987 911 1333 978 διαθέσεσι
1378 921 1713 994 γεννᾶται.
1804 909 2051 995 ὁμοίως
2105 910 2180 980 δὲ
2217 936 2250 985 5

243 1018 359 1085 καὶ
405 1031 541 1087 τῶν
587 1018 890 1103 δένδρων
928 1020 1000 1084 oc
1040 1021 1342 1103 φοίνικες
1385 1020 1551 1084 κατὰ
1595 1015 1719 1104 μὲν
1755 1018 1880 1103 τὴν
1915 1019 2183 1102 Λιβύην

244 1127 634 1214 αὐχμηροὺς
676 1126 789 1193 καὶ
832 1128 1111 1211 μικροὺς
1157 1122 1517 1210 ἐκφέρουσι
1560 1127 1889 1213 καρπούς,
1946 1133 2062 1209 τῆς
2108 1120 2183 1192 δὲ

243 1236 510 1317 Συρίας
544 1234 708 1298 κατὰ
745 1228 868 1316 μὲν
903 1232 1027 1313 τὴν
1064 1233 1325 1314 Κοίλην
1363 1232 1434 1296 oc
1471 1231 1805 1318 καρυωτοὶ
1850 1248 2182 1319 προσαγο-

245 1342 605 1426 ρευόμενοι
657 1349 1059 1421 γεννῶνται,
1126 1337 1445 1422 διάφοροι
1496 1340 1660 1403 κατά
1721 1362 1792 1405 τε
1847 1341 1970 1424 τὴν
2024 1343 2183 1421 γλυ-

165 1466 218 1506 ιο
245 1446 499 1529 κύτητα
536 1442 646 1509 καὶ
683 1445 758 1509 τὸ
797 1442 1103 1527 μέγεθος,
1142 1446 1238 1509 ἔτι
1276 1439 1350 1507 δὲ
1386 1447 1543 1521 τοὺς
1577 1447 1848 1530 χυμούς.
1921 1448 2181 1512 τούτων
2219 1468 2252 1516 6

249 1547 328 1616 δὲ
373 1555 598 1636 πολλῷ
646 1550 906 1632 μείζους
949 1550 1116 1613 κατὰ
1151 1549 1275 1632 τὴν
1308 1542 1619 1634 Ἀραβίαν
1656 1549 1767 1615 καὶ
1802 1553 1926 1635 τὴν
1961 1556 2183 1635 Βαβυ-

248 1659 507 1722 λωνίαν
553 1655 721 1740 ὁρᾶν
767 1656 906 1718 ἔστι
951 1653 1371 1738 γινομένους,
1416 1656 1581 1720 κατὰ
1626 1652 1748 1739 μὲν
1785 1658 1861 1723 τὸ
1900 1657 2185 1742 μέγεθος

249 1762 323 1840 ἓξ
371 1760 717 1826 δακτύλων
763 1761 980 1844 ὄντας,
1025 1769 1106 1846 τῇ
1145 1757 1221 1826 δὲ
1265 1762 1435 1847 χρόᾳ
1479 1762 1638 1837 τοὺς
1682 1756 1804 1843 μὲν
1840 1764 2183 1846 μηλίνους,

249 1868 414 1943 τοὺς
460 1863 534 1931 δὲ
579 1876 963 1952 φοινικοῦς,
1010 1866 1233 1945 ένίους
1278 1863 1356 1933 δὲ
1400 1869 1959 1954 πορφυρίζοντας·
2008 1866 2176 1933 ὥσθ’

166 1995 219 2038 15
248 1971 368 2040 ὑπ’
422 1974 645 2041 αὐτῶν
710 1974 845 2060 ἅμα
906 1972 1019 2041 καὶ
1081 1975 1209 2061 τὴν
1262 1976 1422 2054 ὄψιν
1479 1974 1842 2063 τέρπεσθαι
1895 1972 2008 2040 καὶ
2061 1974 2186 2057 τὴν

250 2090 488 2164 γεῦσιν
514 2089 1085 2166 ψυχαγωγεῖσθαι.
1160 2083 1243 2147 τά
1280 2084 1356 2148 δὲ
1385 2081 1655 2167 στελέχη
1692 2092 1829 2148 τῶν
1856 2083 2186 2167 φοινίκων

250 2189 329 2253 τὸ
368 2183 490 2272 μὲν
527 2196 735 2273 μῆκος
772 2186 1000 2274 ἀέριον
1038 2190 1197 2273 ἔχει,
1239 2190 1364 2272 τὴν
1402 2185 1477 2254 δὲ
1512 2186 1943 2274 περιφέρειαν
1978 2188 2185 2270 ψιλὴν

251 2297 683 2378 πανταχόθεν
727 2292 920 2379 μέχρι·
964 2302 1083 2377 τῆς
1124 2302 1447 2380 κορυφῆς.
1532 2294 1869 2380 ἀκρόκομα
1917 2291 1978 2358 δ’
2025 2295 2187 2359 ὄντα
2224 2315 2255 2364 7

256 2401 626 2487 διαφόρους
680 2403 812 2485 ἔχει
870 2402 988 2478 τὰς
1043 2400 1171 2466 ἀπὸ
1235 2410 1353 2484 τῆς
1405 2403 1613 2485 κόμης
1678 2399 2042 2477 διαθέσεις·
2106 2401 2188 2464 τά

175 2528 230 2568 20
257 2502 381 2590 μὲν
424 2508 554 2591 γὰρ
608 2508 824 2592 πάντῃ
877 2508 1036 2584 τοὺς
1090 2507 1366 2593 ῥάδικας
1424 2510 1558 2592 ἔχει
1612 2506 2188 2594 περικεχυμένους,

256 2609 370 2677 καὶ
414 2614 578 2678 κατὰ
623 2611 830 2697 μέσον
876 2615 951 2679 ἔκ
994 2637 1180 2691 τινος
1222 2612 1737 2700 περιρραγέντος
1783 2619 2029 2700 φλοιοῦ
2072 2616 2187 2697 βο-

256 2719 526 2805 τρυώδη
573 2721 830 2805 καρπὸν
875 2718 1135 2803 ἀνίησι,
1180 2720 1264 2784 τὰ
1310 2716 1384 2785 δὲ
1431 2716 1535 2804 ἐφ’
1590 2721 1666 2785 ἓν
1712 2719 1910 2807 μέρος
1955 2723 2188 2805 ἔχοντα

257 2823 648 2909 κεκλιμένας
692 2826 808 2903 τὰς
855 2823 962 2891 ἐπὶ
997 2835 1114 2910 τῆς
1157 2835 1459 2911 κορυφῆς
1493 2829 1700 2910 κόμας
1735 2829 2189 2912 σχηματισμὸν

154 2955 256 3004 166
281 2930 592 2997 ἀποτελεῖ
650 2932 995 3017 λαμπάδος
1051 2930 1675 3016 ἀπαιθυσσομένης,
1738 2935 1883 2999 ἔνια
1949 2932 2010 2997 δ’
2082 2925 2183 2997 ἐπ’

179 3074 231 3115 25
260 3037 605 3123 ἀμφότερα
650 3038 732 3102 τὰ
768 3037 934 3123 μέρη
971 3038 1429 3135 περικλωμενα
1465 3036 1577 3103 καὶ
1623 3039 1824 3137 διπλῇ
1869 3047 1949 3122 τῇ
1995 3060 2192 3103 κατα

255 3142 449 3210 θέσει
516 3154 653 3209 των
714 3145 982 3210 κλάδων
1047 3143 1412 3229 ἀμφίχαιτα
1475 3146 1795 3229 γινόμενα
1851 3141 2189 3229 γραφικὴν

259 3249 570 3316 ἀποτελεῖ
609 3251 733 3334 τὴν
777 3254 1131 3338 πρόσοψιν.

448 3360 580 3440 Τῆς
627 3354 688 3421 δ’
742 3358 903 3442 ὅλης
941 3355 1251 3444 Ἀραβίας
1299 3358 1423 3441 τὴν
1460 3352 1582 3441 μὲν
1627 3354 1733 3422 ἐπὶ
1778 3353 2192 3439 μεσημβρίαν
2210 3353 2300 3419 54

403 3520 437 3568 3
477 3533 568 3569 κει
547 3480 746 3604 ιμένης
783 3514 894 3570 OF
1034 3521 1064 3570 7
1102 3511 1344 3584 πικροὺς
1380 3512 1422 3570 C
1571 3519 1637 3567 17
1676 3505 1889 3580 ὑψιλὴν
1929 3506 1987 3576 Ο,
2045 3501 2189 3575 ὑψη-

257 3582 362 3654 λὴν
399 3583 450 3637 D
598 3590 667 3639 22
707 3581 814 3654 ὑφ’
857 3585 973 3640 CF.
