<?xml version="1.0" encoding="UTF-8"?>
<!DOCTYPE html PUBLIC "-//W3C//DTD XHTML 1.0 Transitional//EN"
    "http://www.w3.org/TR/xhtml1/DTD/xhtml1-transitional.dtd">
<html xmlns="http://www.w3.org/1999/xhtml" xml:lang="en" lang="en">
 <head>
  <title>
</title>
<meta http-equiv="Content-Type" content="text/html;charset=utf-8" />
  <meta name='ocr-system' content='tesseract 3.04.00' />
  <meta name='ocr-capabilities' content='ocr_page ocr_carea ocr_par ocr_line ocrx_word'/>
</head>
<body>
  <div class='ocr_page' id='page_1' title='image "./diodoribiblioth02dindgoog_0394.png"; bbox 0 0 2569 4061; ppageno 0'>
   <div class='ocr_carea' id='block_1_1' title="bbox 331 280 1576 350">
    <p class='ocr_par' dir='ltr' id='par_1_1' title="bbox 331 280 1576 350">
     <span class='ocr_line' id='line_1_1' title="bbox 331 280 1576 350; baseline -0.014 0"><span class='ocrx_word' id='word_1_1' title='bbox 331 285 464 350; x_wconf 80' lang='grc'><strong><em>294</em></strong></span> <span class='ocrx_word' id='word_1_2' title='bbox 996 281 1305 339; x_wconf 86' lang='lat' dir='ltr'>DIODORI</span> <span class='ocrx_word' id='word_1_3' title='bbox 1343 280 1576 339; x_wconf 82' lang='lat' dir='ltr'>SICULI</span> 
     </span>
    </p>
   </div>
   <div class='ocr_carea' id='block_1_2' title="bbox 208 439 2360 3406">
    <p class='ocr_par' dir='ltr' id='par_1_2' title="bbox 216 439 2360 1491">
     <span class='ocr_line' id='line_1_2' title="bbox 216 439 2255 530; baseline -0.002 -17"><span class='ocrx_word' id='word_1_4' title='bbox 216 447 304 513; x_wconf 80' lang='lat'><strong><em>20</em></strong></span> <span class='ocrx_word' id='word_1_5' title='bbox 491 447 613 512; x_wconf 73' lang='lat' dir='ltr'><strong><em>‘&#39;Ev</em></strong></span> <span class='ocrx_word' id='word_1_6' title='bbox 642 442 715 511; x_wconf 74' lang='grc' dir='ltr'><strong><em>δὲ</em></strong></span> <span class='ocrx_word' id='word_1_7' title='bbox 742 443 937 528; x_wconf 90' lang='grc' dir='ltr'><strong><em>γένος</em></strong></span> <span class='ocrx_word' id='word_1_8' title='bbox 963 456 1098 510; x_wconf 81' lang='grc' dir='ltr'><strong><em>τῶν</em></strong></span> <span class='ocrx_word' id='word_1_9' title='bbox 1129 439 1595 530; x_wconf 70' lang='grc' dir='ltr'><em>Ἰχθυοφάγων</em></span> <span class='ocrx_word' id='word_1_10' title='bbox 1620 444 1931 520; x_wconf 82' lang='grc' dir='ltr'><strong><em>τοιαύτας</em></strong></span> <span class='ocrx_word' id='word_1_11' title='bbox 1969 446 2101 527; x_wconf 78' lang='grc' dir='ltr'><strong><em>ἔχει</em></strong></span> <span class='ocrx_word' id='word_1_12' title='bbox 2140 446 2255 522; x_wconf 75' lang='grc' dir='ltr'><strong><em>τὰς</em></strong></span> 
     </span>
     <span class='ocr_line' id='line_1_3' title="bbox 321 548 2256 636; baseline -0.003 -17"><span class='ocrx_word' id='word_1_13' title='bbox 321 556 610 635; x_wconf 80' lang='grc' dir='ltr'><strong><em>οἰκήσεις</em></strong></span> <span class='ocrx_word' id='word_1_14' title='bbox 654 551 821 616; x_wconf 80' lang='grc' dir='ltr'><strong><em>ὥστε</em></strong></span> <span class='ocrx_word' id='word_1_15' title='bbox 875 552 1132 635; x_wconf 84' lang='grc' dir='ltr'><strong><em>πολλὴν</em></strong></span> <span class='ocrx_word' id='word_1_16' title='bbox 1182 551 1470 636; x_wconf 77' lang='grc' dir='ltr'><strong><em>ἀπορίαν</em></strong></span> <span class='ocrx_word' id='word_1_17' title='bbox 1513 548 1923 636; x_wconf 79' lang='grc' dir='ltr'><strong><em>παρέχεσθαι</em></strong></span> <span class='ocrx_word' id='word_1_18' title='bbox 1978 560 2119 627; x_wconf 79' lang='grc' dir='ltr'><strong><em>τοῖς</em></strong></span> <span class='ocrx_word' id='word_1_19' title='bbox 2172 552 2256 615; x_wconf 83' lang='grc' dir='ltr'><strong><em>τά</em></strong></span> 
     </span>
     <span class='ocr_line' id='line_1_4' title="bbox 319 656 2256 743; baseline -0.001 -20"><span class='ocrx_word' id='word_1_20' title='bbox 319 666 594 724; x_wconf 88' lang='grc' dir='ltr'><strong><em>τοιαῦτα</em></strong></span> <span class='ocrx_word' id='word_1_21' title='bbox 630 656 1215 743; x_wconf 77' lang='grc' dir='ltr'><strong><em>φιλοτιμουμένοις</em></strong></span> <span class='ocrx_word' id='word_1_22' title='bbox 1255 660 1495 740; x_wconf 81' lang='grc' dir='ltr'><strong><em>ζητεῖν·</em></strong></span> <span class='ocrx_word' id='word_1_23' title='bbox 1535 657 1610 722; x_wconf 91' lang='grc' dir='ltr'><strong><em>ἐν</em></strong></span> <span class='ocrx_word' id='word_1_24' title='bbox 1636 658 1765 742; x_wconf 79' lang='grc' dir='ltr'><strong><em>γὰρ</em></strong></span> <span class='ocrx_word' id='word_1_25' title='bbox 1803 656 2256 741; x_wconf 77' lang='grc' dir='ltr'><strong><em>ἀποκρήμνοις</em></strong></span> 
     </span>
     <span class='ocr_line' id='line_1_5' title="bbox 319 757 2256 852; baseline -0.001 -23"><span class='ocrx_word' id='word_1_26' title='bbox 319 764 611 851; x_wconf 81' lang='grc' dir='ltr'><strong><em>φάραγξι</em></strong></span> <span class='ocrx_word' id='word_1_27' title='bbox 655 766 1106 852; x_wconf 86' lang='grc' dir='ltr'><strong><em>καθίδρυνταί</em></strong></span> <span class='ocrx_word' id='word_1_28' title='bbox 1135 786 1334 847; x_wconf 88' lang='grc' dir='ltr'><strong><em>τινες,</em></strong></span> <span class='ocrx_word' id='word_1_29' title='bbox 1381 765 1476 839; x_wconf 84' lang='grc' dir='ltr'><strong><em>εἰς</em></strong></span> <span class='ocrx_word' id='word_1_30' title='bbox 1513 761 1591 839; x_wconf 76' lang='grc' dir='ltr'><strong><em>ἃς</em></strong></span> <span class='ocrx_word' id='word_1_31' title='bbox 1627 761 1693 842; x_wconf 81' lang='grc' dir='ltr'><strong><em>ἐξ</em></strong></span> <span class='ocrx_word' id='word_1_32' title='bbox 1733 762 1935 849; x_wconf 79' lang='grc' dir='ltr'><strong><em>ἀρχῆς</em></strong></span> <span class='ocrx_word' id='word_1_33' title='bbox 1969 757 2056 845; x_wconf 79' lang='grc' dir='ltr'><strong><em>ἧν</em></strong></span> <span class='ocrx_word' id='word_1_34' title='bbox 2095 762 2256 827; x_wconf 88' lang='grc' dir='ltr'><strong><em>ἀδύ-</em></strong></span> 
     </span>
     <span class='ocr_line' id='line_1_6' title="bbox 318 866 2311 959; baseline -0.003 -24"><span class='ocrx_word' id='word_1_35' title='bbox 318 894 527 937; x_wconf 92' lang='grc' dir='ltr'><strong><em>νατον</em></strong></span> <span class='ocrx_word' id='word_1_36' title='bbox 579 872 1031 959; x_wconf 80' lang='grc' dir='ltr'><strong><em>παραβάλλειν</em></strong></span> <span class='ocrx_word' id='word_1_37' title='bbox 1084 873 1242 947; x_wconf 87' lang='grc' dir='ltr'><strong><em>τοὺς</em></strong></span> <span class='ocrx_word' id='word_1_38' title='bbox 1304 869 1738 955; x_wconf 83' lang='grc' dir='ltr'><strong><em>ἀνθρώπους,</em></strong></span> <span class='ocrx_word' id='word_1_39' title='bbox 1805 871 2076 934; x_wconf 79' lang='grc' dir='ltr'><strong><em>ἄνωθεν</em></strong></span> <span class='ocrx_word' id='word_1_40' title='bbox 2131 866 2254 953; x_wconf 74' lang='grc' dir='ltr'><strong><em>μὲν</em></strong></span> <span class='ocrx_word' id='word_1_41' title='bbox 2283 889 2311 930; x_wconf 87' lang='lat'>5</span> 
     </span>
     <span class='ocr_line' id='line_1_7' title="bbox 326 975 2360 1063; baseline -0.001 -21"><span class='ocrx_word' id='word_1_42' title='bbox 326 977 688 1063; x_wconf 80' lang='grc' dir='ltr'><strong><em>ἐπεχούσης</em></strong></span> <span class='ocrx_word' id='word_1_43' title='bbox 740 977 980 1063; x_wconf 83' lang='grc' dir='ltr'><strong><em>πέτρας</em></strong></span> <span class='ocrx_word' id='word_1_44' title='bbox 1039 977 1297 1061; x_wconf 81' lang='grc' dir='ltr'><strong><em>ὑψηλῆς</em></strong></span> <span class='ocrx_word' id='word_1_45' title='bbox 1350 975 1463 1042; x_wconf 87' lang='grc' dir='ltr'><strong><em>καὶ</em></strong></span> <span class='ocrx_word' id='word_1_46' title='bbox 1516 978 1940 1060; x_wconf 80' lang='grc' dir='ltr'><strong><em>πανταχόθεν</em></strong></span> <span class='ocrx_word' id='word_1_47' title='bbox 1995 975 2235 1041; x_wconf 87' lang='grc' dir='ltr'><strong><em>ἀποτό-</em></strong></span> <span class='ocrx_word' id='word_1_48' title='bbox 2258 984 2360 1034; x_wconf 88' lang='grc'><strong><em>189</em></strong></span> 
     </span>
     <span class='ocr_line' id='line_1_8' title="bbox 329 1080 2253 1170; baseline -0.001 -20"><span class='ocrx_word' id='word_1_49' title='bbox 329 1109 490 1169; x_wconf 92' lang='grc' dir='ltr'><strong><em>μου,</em></strong></span> <span class='ocrx_word' id='word_1_50' title='bbox 551 1084 622 1150; x_wconf 88' lang='grc' dir='ltr'><strong><em>ἐκ</em></strong></span> <span class='ocrx_word' id='word_1_51' title='bbox 675 1086 974 1168; x_wconf 76' lang='grc' dir='ltr'><strong><em>πλαγίων</em></strong></span> <span class='ocrx_word' id='word_1_52' title='bbox 1020 1080 1094 1148; x_wconf 73' lang='grc' dir='ltr'><strong><em>δὲ</em></strong></span> <span class='ocrx_word' id='word_1_53' title='bbox 1138 1093 1454 1170; x_wconf 80' lang='grc' dir='ltr'><strong><em>κρημνῶν</em></strong></span> <span class='ocrx_word' id='word_1_54' title='bbox 1501 1082 1879 1168; x_wconf 82' lang='grc' dir='ltr'><strong><em>ἀπροσίτων</em></strong></span> <span class='ocrx_word' id='word_1_55' title='bbox 1922 1082 2253 1170; x_wconf 88' lang='grc' dir='ltr'><strong><em>ὑφαιρου-</em></strong></span> 
     </span>
     <span class='ocr_line' id='line_1_9' title="bbox 328 1186 2251 1276; baseline 0 -21"><span class='ocrx_word' id='word_1_56' title='bbox 328 1190 548 1273; x_wconf 82' lang='grc' dir='ltr'><strong><em>μένων</em></strong></span> <span class='ocrx_word' id='word_1_57' title='bbox 593 1191 710 1267; x_wconf 83' lang='grc' dir='ltr'><strong><em>τάς</em></strong></span> <span class='ocrx_word' id='word_1_58' title='bbox 762 1191 1130 1275; x_wconf 81' lang='grc' dir='ltr'><strong><em>παρόδους,</em></strong></span> <span class='ocrx_word' id='word_1_59' title='bbox 1190 1191 1315 1274; x_wconf 84' lang='grc' dir='ltr'><strong><em>τὴν</em></strong></span> <span class='ocrx_word' id='word_1_60' title='bbox 1372 1186 1446 1255; x_wconf 72' lang='grc' dir='ltr'><strong><em>δὲ</em></strong></span> <span class='ocrx_word' id='word_1_61' title='bbox 1501 1191 1743 1273; x_wconf 86' lang='grc' dir='ltr'><strong><em>λοιπὴν</em></strong></span> <span class='ocrx_word' id='word_1_62' title='bbox 1787 1191 2084 1276; x_wconf 82' lang='grc' dir='ltr'><strong><em>πλευρὰν</em></strong></span> <span class='ocrx_word' id='word_1_63' title='bbox 2128 1199 2251 1255; x_wconf 85' lang='grc' dir='ltr'><strong><em>τοῦ</em></strong></span> 
     </span>
     <span class='ocr_line' id='line_1_10' title="bbox 328 1293 2251 1383; baseline 0 -22"><span class='ocrx_word' id='word_1_64' title='bbox 328 1296 656 1378; x_wconf 75' lang='grc' dir='ltr'><strong><em>πελάγους</em></strong></span> <span class='ocrx_word' id='word_1_65' title='bbox 703 1296 1057 1383; x_wconf 81' lang='grc' dir='ltr'><strong><em>ὁρίζοντος,</em></strong></span> <span class='ocrx_word' id='word_1_66' title='bbox 1105 1296 1141 1360; x_wconf 83' lang='grc' dir='ltr'><em>ὃ</em></span> <span class='ocrx_word' id='word_1_67' title='bbox 1189 1300 1345 1382; x_wconf 76' lang='grc' dir='ltr'><strong><em>πεζῇ</em></strong></span> <span class='ocrx_word' id='word_1_68' title='bbox 1392 1293 1516 1381; x_wconf 71' lang='grc' dir='ltr'><strong><em>μὲν</em></strong></span> <span class='ocrx_word' id='word_1_69' title='bbox 1553 1298 1851 1362; x_wconf 76' lang='grc' dir='ltr'><strong><em>διελθεῖν</em></strong></span> <span class='ocrx_word' id='word_1_70' title='bbox 1891 1296 2251 1380; x_wconf 89' lang='grc' dir='ltr'><strong><em>ἀδύνατον,</em></strong></span> 
     </span>
     <span class='ocr_line' id='line_1_11' title="bbox 318 1399 2333 1491; baseline -0.002 -24"><span class='ocrx_word' id='word_1_71' title='bbox 318 1402 612 1485; x_wconf 79' lang='grc' dir='ltr'><strong><em>σχεδίαις</em></strong></span> <span class='ocrx_word' id='word_1_72' title='bbox 659 1399 733 1468; x_wconf 72' lang='grc' dir='ltr'><strong><em>δὲ</em></strong></span> <span class='ocrx_word' id='word_1_73' title='bbox 771 1403 852 1469; x_wconf 84' lang='grc' dir='ltr'><strong><em>οὐ</em></strong></span> <span class='ocrx_word' id='word_1_74' title='bbox 890 1415 1178 1491; x_wconf 81' lang='grc' dir='ltr'><strong><em>χρῶνται</em></strong></span> <span class='ocrx_word' id='word_1_75' title='bbox 1213 1406 1289 1469; x_wconf 89' lang='grc' dir='ltr'><strong><em>τὸ</em></strong></span> <span class='ocrx_word' id='word_1_76' title='bbox 1328 1405 1662 1491; x_wconf 89' lang='grc' dir='ltr'><strong><em>παράπαν,</em></strong></span> <span class='ocrx_word' id='word_1_77' title='bbox 1710 1405 1965 1468; x_wconf 89' lang='grc' dir='ltr'><strong><em>πλοίων</em></strong></span> <span class='ocrx_word' id='word_1_78' title='bbox 2001 1426 2071 1468; x_wconf 88' lang='grc' dir='ltr'><strong><em>τε</em></strong></span> <span class='ocrx_word' id='word_1_79' title='bbox 2113 1413 2252 1470; x_wconf 81' lang='grc' dir='ltr'><strong><em>τῶν</em></strong></span> <span class='ocrx_word' id='word_1_80' title='bbox 2281 1425 2333 1464; x_wconf 90' lang='lat'><strong><em>10</em></strong></span> 
     </span>
    </p>

    <p class='ocr_par' dir='ltr' id='par_1_3' title="bbox 248 1501 2333 2022">
     <span class='ocr_line' id='line_1_12' title="bbox 248 1501 2251 1597; baseline -0.001 -21"><span class='ocrx_word' id='word_1_81' title='bbox 248 1529 279 1576; x_wconf 82' lang='lat'>2</span> <span class='ocrx_word' id='word_1_82' title='bbox 317 1501 474 1594; x_wconf 88' lang='grc' dir='ltr'><strong><em>παρ’</em></strong></span> <span class='ocrx_word' id='word_1_83' title='bbox 509 1507 671 1593; x_wconf 79' lang='grc' dir='ltr'><strong><em>ἡμῖν</em></strong></span> <span class='ocrx_word' id='word_1_84' title='bbox 698 1509 1115 1597; x_wconf 75' lang='grc' dir='ltr'><strong><em>ὑπάρχουσιν</em></strong></span> <span class='ocrx_word' id='word_1_85' title='bbox 1155 1511 1563 1594; x_wconf 89' lang='grc' dir='ltr'><strong><em>ἀνεννόητοι.</em></strong></span> <span class='ocrx_word' id='word_1_86' title='bbox 1637 1510 1947 1592; x_wconf 87' lang='grc' dir='ltr'><strong><em>τοιαύτης</em></strong></span> <span class='ocrx_word' id='word_1_87' title='bbox 1985 1505 2060 1574; x_wconf 73' lang='grc' dir='ltr'><strong><em>δὲ</em></strong></span> <span class='ocrx_word' id='word_1_88' title='bbox 2089 1508 2251 1574; x_wconf 94' lang='grc' dir='ltr'><strong><em>ἀπο-</em></strong></span> 
     </span>
     <span class='ocr_line' id='line_1_13' title="bbox 319 1612 2250 1702; baseline 0.001 -23"><span class='ocrx_word' id='word_1_89' title='bbox 319 1617 466 1698; x_wconf 91' lang='grc' dir='ltr'><strong><em>ρίας</em></strong></span> <span class='ocrx_word' id='word_1_90' title='bbox 510 1612 662 1702; x_wconf 86' lang='grc' dir='ltr'><strong><em>περὶ</em></strong></span> <span class='ocrx_word' id='word_1_91' title='bbox 709 1616 953 1694; x_wconf 85' lang='grc' dir='ltr'><strong><em>αὐτοὺς</em></strong></span> <span class='ocrx_word' id='word_1_92' title='bbox 1009 1617 1244 1701; x_wconf 80' lang='grc' dir='ltr'><strong><em>οὔσης,</em></strong></span> <span class='ocrx_word' id='word_1_93' title='bbox 1307 1617 1731 1681; x_wconf 88' lang='grc' dir='ltr'><strong><em>ὑπολείπεται</em></strong></span> <span class='ocrx_word' id='word_1_94' title='bbox 1788 1613 2007 1698; x_wconf 87' lang='grc' dir='ltr'><strong><em>λέγειν</em></strong></span> <span class='ocrx_word' id='word_1_95' title='bbox 2054 1615 2250 1681; x_wconf 86' lang='grc' dir='ltr'><strong><em>αὐτό-</em></strong></span> 
     </span>
     <span class='ocr_line' id='line_1_14' title="bbox 316 1718 2249 1808; baseline 0.001 -22"><span class='ocrx_word' id='word_1_96' title='bbox 316 1728 571 1806; x_wconf 89' lang='grc' dir='ltr'><strong><em>χθονας</em></strong></span> <span class='ocrx_word' id='word_1_97' title='bbox 626 1722 869 1801; x_wconf 82' lang='grc' dir='ltr'><strong><em>αὐτοὺς</em></strong></span> <span class='ocrx_word' id='word_1_98' title='bbox 932 1723 1286 1807; x_wconf 82' lang='grc' dir='ltr'><strong><em>ὑπάρχειν,</em></strong></span> <span class='ocrx_word' id='word_1_99' title='bbox 1353 1723 1562 1808; x_wconf 84' lang='grc' dir='ltr'><strong><em>ἀρχὴν</em></strong></span> <span class='ocrx_word' id='word_1_100' title='bbox 1617 1718 1738 1807; x_wconf 76' lang='grc' dir='ltr'><strong><em>μὲν</em></strong></span> <span class='ocrx_word' id='word_1_101' title='bbox 1793 1730 1914 1786; x_wconf 87' lang='grc' dir='ltr'><strong><em>τοῦ</em></strong></span> <span class='ocrx_word' id='word_1_102' title='bbox 1977 1723 2249 1808; x_wconf 81' lang='grc' dir='ltr'><strong><em>πρώτου</em></strong></span> 
     </span>
     <span class='ocr_line' id='line_1_15' title="bbox 317 1827 2248 1914; baseline 0 -21"><span class='ocrx_word' id='word_1_103' title='bbox 317 1828 556 1910; x_wconf 89' lang='grc' dir='ltr'><strong><em>γένους</em></strong></span> <span class='ocrx_word' id='word_1_104' title='bbox 600 1830 928 1914; x_wconf 88' lang='grc' dir='ltr'><strong><em>μηδεμίαν</em></strong></span> <span class='ocrx_word' id='word_1_105' title='bbox 975 1830 1350 1913; x_wconf 81' lang='grc' dir='ltr'><strong><em>ἐσχηκότας,</em></strong></span> <span class='ocrx_word' id='word_1_106' title='bbox 1398 1827 1500 1893; x_wconf 87' lang='grc' dir='ltr'><strong><em>ἀεὶ</em></strong></span> <span class='ocrx_word' id='word_1_107' title='bbox 1548 1827 1608 1893; x_wconf 84' lang='grc' dir='ltr'><strong><em>δ’</em></strong></span> <span class='ocrx_word' id='word_1_108' title='bbox 1656 1828 1723 1907; x_wconf 84' lang='grc' dir='ltr'><strong><em>ἐξ,</em></strong></span> <span class='ocrx_word' id='word_1_109' title='bbox 1770 1830 2012 1904; x_wconf 83' lang='grc' dir='ltr'><strong><em>αἰῶνος</em></strong></span> <span class='ocrx_word' id='word_1_110' title='bbox 2055 1852 2248 1910; x_wconf 84' lang='grc' dir='ltr'><strong><em>γεγο-</em></strong></span> 
     </span>
     <span class='ocr_line' id='line_1_16' title="bbox 316 1934 2333 2022; baseline -0.001 -23"><span class='ocrx_word' id='word_1_111' title='bbox 316 1938 537 2020; x_wconf 92' lang='grc' dir='ltr'><strong><em>νότας,</em></strong></span> <span class='ocrx_word' id='word_1_112' title='bbox 582 1937 886 2022; x_wconf 87' lang='grc' dir='ltr'><strong><em>καθάπερ</em></strong></span> <span class='ocrx_word' id='word_1_113' title='bbox 934 1938 1102 2001; x_wconf 84' lang='grc' dir='ltr'><strong><em>ἔνιοι</em></strong></span> <span class='ocrx_word' id='word_1_114' title='bbox 1150 1946 1283 2001; x_wconf 78' lang='grc' dir='ltr'><strong><em>τῶν</em></strong></span> <span class='ocrx_word' id='word_1_115' title='bbox 1321 1939 1751 2020; x_wconf 88' lang='grc' dir='ltr'><strong><em>φυσιολόγων</em></strong></span> <span class='ocrx_word' id='word_1_116' title='bbox 1787 1934 1940 2021; x_wconf 86' lang='grc' dir='ltr'><strong><em>περὶ</em></strong></span> <span class='ocrx_word' id='word_1_117' title='bbox 1974 1935 2244 2001; x_wconf 88' lang='grc' dir='ltr'><strong><em>πάντων</em></strong></span> <span class='ocrx_word' id='word_1_118' title='bbox 2275 1955 2333 1998; x_wconf 84' lang='lat'><strong><em>15</em></strong></span> 
     </span>
    </p>

    <p class='ocr_par' dir='ltr' id='par_1_4' title="bbox 246 2041 2331 2657">
     <span class='ocr_line' id='line_1_17' title="bbox 246 2041 2248 2129; baseline 0 -20"><span class='ocrx_word' id='word_1_119' title='bbox 246 2062 278 2109; x_wconf 87' lang='lat'><strong>3</strong></span> <span class='ocrx_word' id='word_1_120' title='bbox 317 2053 453 2107; x_wconf 80' lang='grc' dir='ltr'><strong><em>τῶν</em></strong></span> <span class='ocrx_word' id='word_1_121' title='bbox 491 2043 1133 2128; x_wconf 86' lang='grc' dir='ltr'><strong><em>φυσιολογουμένων</em></strong></span> <span class='ocrx_word' id='word_1_122' title='bbox 1181 2043 1627 2127; x_wconf 83' lang='grc' dir='ltr'><strong><em>ἀπεφήναντο.</em></strong></span> <span class='ocrx_word' id='word_1_123' title='bbox 1710 2043 1876 2108; x_wconf 80' lang='grc' dir='ltr'><strong><em>ἀλλὰ</em></strong></span> <span class='ocrx_word' id='word_1_124' title='bbox 1920 2045 2046 2128; x_wconf 81' lang='grc' dir='ltr'><strong><em>γὰρ</em></strong></span> <span class='ocrx_word' id='word_1_125' title='bbox 2092 2041 2248 2129; x_wconf 86' lang='grc' dir='ltr'><strong><em>περὶ</em></strong></span> 
     </span>
     <span class='ocr_line' id='line_1_18' title="bbox 318 2148 2248 2252; baseline 0.001 -38"><span class='ocrx_word' id='word_1_126' title='bbox 318 2174 441 2234; x_wconf 90' lang='grc' dir='ltr'><strong><em>μεν</em></strong></span> <span class='ocrx_word' id='word_1_127' title='bbox 477 2162 611 2215; x_wconf 81' lang='grc' dir='ltr'><strong><em>τῶν</em></strong></span> <span class='ocrx_word' id='word_1_128' title='bbox 647 2151 973 2216; x_wconf 87' lang='grc' dir='ltr'><strong><em>τοιούτων</em></strong></span> <span class='ocrx_word' id='word_1_129' title='bbox 1021 2150 1383 2252; x_wconf 87' lang='grc' dir='ltr'><strong><em>ἀνεφίκτου</em></strong></span> <span class='ocrx_word' id='word_1_130' title='bbox 1430 2159 1543 2233; x_wconf 80' lang='grc' dir='ltr'><strong><em>τῆς</em></strong></span> <span class='ocrx_word' id='word_1_131' title='bbox 1590 2148 1886 2227; x_wconf 83' lang='grc' dir='ltr'><strong><em>ἐπινοίας</em></strong></span> <span class='ocrx_word' id='word_1_132' title='bbox 1929 2150 2091 2234; x_wconf 73' lang='grc' dir='ltr'><strong><em>ἡμῖν</em></strong></span> <span class='ocrx_word' id='word_1_133' title='bbox 2130 2150 2248 2215; x_wconf 89' lang='grc' dir='ltr'><strong><em>ού-</em></strong></span> 
     </span>
     <span class='ocr_line' id='line_1_19' title="bbox 317 2240 2249 2340; baseline 0.001 -19"><span class='ocrx_word' id='word_1_134' title='bbox 317 2273 439 2340; x_wconf 90' lang='grc' dir='ltr'><strong><em>σης</em></strong></span> <span class='ocrx_word' id='word_1_135' title='bbox 486 2240 689 2322; x_wconf 71' lang='grc' dir='ltr'><strong><em>οὐδὲν</em></strong></span> <span class='ocrx_word' id='word_1_136' title='bbox 734 2259 977 2324; x_wconf 89' lang='grc' dir='ltr'><strong><em>κωλύει</em></strong></span> <span class='ocrx_word' id='word_1_137' title='bbox 1020 2261 1177 2335; x_wconf 86' lang='grc' dir='ltr'><strong><em>τοὺς</em></strong></span> <span class='ocrx_word' id='word_1_138' title='bbox 1229 2258 1311 2322; x_wconf 81' lang='grc' dir='ltr'><strong><em>τὰ</em></strong></span> <span class='ocrx_word' id='word_1_139' title='bbox 1365 2261 1638 2321; x_wconf 79' lang='grc' dir='ltr'><strong><em>πλεῖστα</em></strong></span> <span class='ocrx_word' id='word_1_140' title='bbox 1685 2255 2249 2340; x_wconf 88' lang='grc' dir='ltr'><strong><em>ἀποφηναμένους</em></strong></span> 
     </span>
     <span class='ocr_line' id='line_1_20' title="bbox 317 2361 2246 2447; baseline 0.001 -20"><span class='ocrx_word' id='word_1_141' title='bbox 317 2362 623 2447; x_wconf 87' lang='grc' dir='ltr'><strong><em>ἐλάχιστα</em></strong></span> <span class='ocrx_word' id='word_1_142' title='bbox 659 2365 1040 2446; x_wconf 90' lang='grc' dir='ltr'><strong><em>γινωσκειν,</em></strong></span> <span class='ocrx_word' id='word_1_143' title='bbox 1085 2364 1175 2439; x_wconf 81' lang='grc' dir='ltr'><strong><em>ὡς</em></strong></span> <span class='ocrx_word' id='word_1_144' title='bbox 1212 2361 1296 2427; x_wconf 75' lang='grc' dir='ltr'><strong><em>ἂν</em></strong></span> <span class='ocrx_word' id='word_1_145' title='bbox 1333 2370 1449 2445; x_wconf 83' lang='grc' dir='ltr'><strong><em>τῆς</em></strong></span> <span class='ocrx_word' id='word_1_146' title='bbox 1486 2361 1559 2426; x_wconf 88' lang='grc' dir='ltr'><strong><em>ἐν</em></strong></span> <span class='ocrx_word' id='word_1_147' title='bbox 1594 2372 1734 2439; x_wconf 78' lang='grc' dir='ltr'><strong><em>τοῖς</em></strong></span> <span class='ocrx_word' id='word_1_148' title='bbox 1780 2365 2005 2445; x_wconf 88' lang='grc' dir='ltr'><strong><em>λόγοις</em></strong></span> <span class='ocrx_word' id='word_1_149' title='bbox 2041 2369 2246 2429; x_wconf 89' lang='grc' dir='ltr'><strong><em>πιθα-</em></strong></span> 
     </span>
     <span class='ocr_line' id='line_1_21' title="bbox 315 2465 2331 2553; baseline -0.002 -20"><span class='ocrx_word' id='word_1_150' title='bbox 315 2472 591 2550; x_wconf 89' lang='grc' dir='ltr'><strong><em>νότητος</em></strong></span> <span class='ocrx_word' id='word_1_151' title='bbox 636 2469 760 2551; x_wconf 87' lang='grc' dir='ltr'><strong><em>τὴν</em></strong></span> <span class='ocrx_word' id='word_1_152' title='bbox 806 2465 929 2553; x_wconf 77' lang='grc' dir='ltr'><strong><em>μὲν</em></strong></span> <span class='ocrx_word' id='word_1_153' title='bbox 967 2468 1174 2552; x_wconf 89' lang='grc' dir='ltr'><strong><em>ἀκοὴν</em></strong></span> <span class='ocrx_word' id='word_1_154' title='bbox 1211 2470 1600 2553; x_wconf 89' lang='grc' dir='ltr'><strong><em>πειθούσης,</em></strong></span> <span class='ocrx_word' id='word_1_155' title='bbox 1648 2469 1772 2551; x_wconf 83' lang='grc' dir='ltr'><strong><em>τὴν</em></strong></span> <span class='ocrx_word' id='word_1_156' title='bbox 1810 2466 1870 2533; x_wconf 82' lang='grc' dir='ltr'><strong><em>δ’</em></strong></span> <span class='ocrx_word' id='word_1_157' title='bbox 1916 2468 2245 2552; x_wconf 88' lang='grc' dir='ltr'><strong><em>ἀλήθειαν</em></strong></span> <span class='ocrx_word' id='word_1_158' title='bbox 2272 2490 2331 2530; x_wconf 78' lang='lat'><strong><em>20</em></strong></span> 
     </span>
     <span class='ocr_line' id='line_1_22' title="bbox 316 2573 1123 2657; baseline -0.001 -17"><span class='ocrx_word' id='word_1_159' title='bbox 316 2573 624 2656; x_wconf 78' lang='grc' dir='ltr'><strong><em>οὐδαμῶς</em></strong></span> <span class='ocrx_word' id='word_1_160' title='bbox 670 2573 1123 2657; x_wconf 85' lang='grc' dir='ltr'><strong><em>εὑρισκούσης.</em></strong></span> 
     </span>
    </p>

    <p class='ocr_par' dir='ltr' id='par_1_5' title="bbox 208 2675 2328 3406">
     <span class='ocr_line' id='line_1_23' title="bbox 208 2675 2243 2767; baseline 0.001 -23"><span class='ocrx_word' id='word_1_161' title='bbox 208 2681 289 2744; x_wconf 84' lang='grc'><strong><em>21</em></strong></span> <span class='ocrx_word' id='word_1_162' title='bbox 480 2675 749 2763; x_wconf 90' lang='grc' dir='ltr'><strong><em>Ῥητέον</em></strong></span> <span class='ocrx_word' id='word_1_163' title='bbox 779 2680 840 2744; x_wconf 88' lang='grc' dir='ltr'><strong><em>δ’</em></strong></span> <span class='ocrx_word' id='word_1_164' title='bbox 875 2679 1034 2763; x_wconf 81' lang='grc' dir='ltr'><strong><em>ἡμῖν</em></strong></span> <span class='ocrx_word' id='word_1_165' title='bbox 1063 2679 1174 2744; x_wconf 89' lang='grc' dir='ltr'><strong><em>καὶ</em></strong></span> <span class='ocrx_word' id='word_1_166' title='bbox 1208 2680 1362 2767; x_wconf 89' lang='grc' dir='ltr'><strong><em>περὶ</em></strong></span> <span class='ocrx_word' id='word_1_167' title='bbox 1388 2692 1522 2747; x_wconf 82' lang='grc' dir='ltr'><strong><em>τῶν</em></strong></span> <span class='ocrx_word' id='word_1_168' title='bbox 1558 2678 1992 2765; x_wconf 87' lang='grc' dir='ltr'><strong><em>καλουμένων</em></strong></span> <span class='ocrx_word' id='word_1_169' title='bbox 2022 2687 2243 2748; x_wconf 88' lang='grc' dir='ltr'><strong><em>Χελω-</em></strong></span> 
     </span>
     <span class='ocr_line' id='line_1_24' title="bbox 312 2774 2241 2874; baseline 0.001 -21"><span class='ocrx_word' id='word_1_170' title='bbox 312 2774 655 2870; x_wconf 88' lang='grc' dir='ltr'><strong><em>νοφάγων,</em></strong></span> <span class='ocrx_word' id='word_1_171' title='bbox 704 2784 784 2851; x_wconf 87' lang='grc' dir='ltr'><strong><em>ὃν</em></strong></span> <span class='ocrx_word' id='word_1_172' title='bbox 820 2789 1071 2874; x_wconf 89' lang='grc' dir='ltr'><strong><em>τρόπον</em></strong></span> <span class='ocrx_word' id='word_1_173' title='bbox 1118 2790 1344 2872; x_wconf 82' lang='grc' dir='ltr'><strong><em>ἔχουσι</em></strong></span> <span class='ocrx_word' id='word_1_174' title='bbox 1389 2790 1513 2871; x_wconf 82' lang='grc' dir='ltr'><strong><em>τὴν</em></strong></span> <span class='ocrx_word' id='word_1_175' title='bbox 1550 2788 1715 2871; x_wconf 79' lang='grc' dir='ltr'><strong><em>ὅλην</em></strong></span> <span class='ocrx_word' id='word_1_176' title='bbox 1762 2789 2073 2853; x_wconf 87' lang='grc' dir='ltr'><strong><em>διάθεσιν</em></strong></span> <span class='ocrx_word' id='word_1_177' title='bbox 2118 2799 2241 2854; x_wconf 87' lang='grc' dir='ltr'><strong><em>τοῦ</em></strong></span> 
     </span>
     <span class='ocr_line' id='line_1_25' title="bbox 312 2881 2242 2980; baseline 0.001 -21"><span class='ocrx_word' id='word_1_178' title='bbox 312 2896 483 2978; x_wconf 88' lang='grc' dir='ltr'><strong><em>βίου.</em></strong></span> <span class='ocrx_word' id='word_1_179' title='bbox 549 2902 745 2978; x_wconf 83' lang='grc' dir='ltr'><strong><em>νῆσοι</em></strong></span> <span class='ocrx_word' id='word_1_180' title='bbox 781 2894 909 2980; x_wconf 91' lang='grc' dir='ltr'><strong><em>γάρ</em></strong></span> <span class='ocrx_word' id='word_1_181' title='bbox 947 2896 1075 2959; x_wconf 86' lang='grc' dir='ltr'><strong><em>εἰσι</em></strong></span> <span class='ocrx_word' id='word_1_182' title='bbox 1102 2896 1267 2961; x_wconf 79' lang='grc' dir='ltr'><strong><em>κατὰ</em></strong></span> <span class='ocrx_word' id='word_1_183' title='bbox 1302 2881 1422 2960; x_wconf 78' lang='grc' dir='ltr'><strong><em>τὸν</em></strong></span> <span class='ocrx_word' id='word_1_184' title='bbox 1471 2894 1766 2960; x_wconf 84' lang='grc' dir='ltr'><strong><em>ὠκεανὸν</em></strong></span> <span class='ocrx_word' id='word_1_185' title='bbox 1803 2898 2088 2978; x_wconf 87' lang='grc' dir='ltr'><strong><em>πλησίον</em></strong></span> <span class='ocrx_word' id='word_1_186' title='bbox 2124 2904 2242 2978; x_wconf 80' lang='grc' dir='ltr'><strong><em>τῆς</em></strong></span> 
     </span>
     <span class='ocr_line' id='line_1_26' title="bbox 310 2997 2328 3087; baseline -0.003 -20"><span class='ocrx_word' id='word_1_187' title='bbox 310 3010 432 3085; x_wconf 80' lang='grc' dir='ltr'><strong><em>γῆς</em></strong></span> <span class='ocrx_word' id='word_1_188' title='bbox 476 3004 792 3086; x_wconf 87' lang='grc' dir='ltr'><strong><em>κείμεναι,</em></strong></span> <span class='ocrx_word' id='word_1_189' title='bbox 840 3000 1081 3067; x_wconf 89' lang='grc' dir='ltr'><strong><em>πολλαὶ</em></strong></span> <span class='ocrx_word' id='word_1_190' title='bbox 1117 2999 1239 3087; x_wconf 71' lang='grc' dir='ltr'><strong><em>μὲν</em></strong></span> <span class='ocrx_word' id='word_1_191' title='bbox 1275 3003 1350 3067; x_wconf 91' lang='grc' dir='ltr'><strong><em>τὸ</em></strong></span> <span class='ocrx_word' id='word_1_192' title='bbox 1397 3006 1675 3085; x_wconf 83' lang='grc' dir='ltr'><strong><em>πλῆθος,</em></strong></span> <span class='ocrx_word' id='word_1_193' title='bbox 1722 3000 1951 3085; x_wconf 87' lang='grc' dir='ltr'><strong><em>μικραὶ</em></strong></span> <span class='ocrx_word' id='word_1_194' title='bbox 1988 2997 2064 3066; x_wconf 75' lang='grc' dir='ltr'><strong><em>δὲ</em></strong></span> <span class='ocrx_word' id='word_1_195' title='bbox 2099 3012 2242 3079; x_wconf 77' lang='grc' dir='ltr'><strong><em>τοῖς</em></strong></span> <span class='ocrx_word' id='word_1_196' title='bbox 2270 3021 2328 3061; x_wconf 83' lang='lat'><strong><em>25</em></strong></span> 
     </span>
     <span class='ocr_line' id='line_1_27' title="bbox 311 3101 2230 3194; baseline 0 -22"><span class='ocrx_word' id='word_1_197' title='bbox 311 3107 624 3192; x_wconf 88' lang='grc' dir='ltr'><strong><em>μεγέθεσι</em></strong></span> <span class='ocrx_word' id='word_1_198' title='bbox 669 3106 779 3173; x_wconf 72' lang='grc' dir='ltr'><strong><em>καὶ</em></strong></span> <span class='ocrx_word' id='word_1_199' title='bbox 824 3111 1149 3193; x_wconf 89' lang='grc' dir='ltr'><strong><em>ταπειναί,</em></strong></span> <span class='ocrx_word' id='word_1_200' title='bbox 1194 3109 1452 3194; x_wconf 90' lang='grc' dir='ltr'><strong><em>καρπὸν</em></strong></span> <span class='ocrx_word' id='word_1_201' title='bbox 1491 3104 1564 3173; x_wconf 74' lang='grc' dir='ltr'><strong><em>δὲ</em></strong></span> <span class='ocrx_word' id='word_1_202' title='bbox 1602 3101 1756 3172; x_wconf 79' lang='grc' dir='ltr'><strong><em>οὔθ’</em></strong></span> <span class='ocrx_word' id='word_1_203' title='bbox 1800 3108 2050 3193; x_wconf 78' lang='grc' dir='ltr'><strong><em>ἥμερον</em></strong></span> <span class='ocrx_word' id='word_1_204' title='bbox 2089 3105 2230 3172; x_wconf 79' lang='grc' dir='ltr'><strong><em>οὔτ’</em></strong></span> 
     </span>
     <span class='ocr_line' id='line_1_28' title="bbox 311 3214 2239 3300; baseline 0.003 -25"><span class='ocrx_word' id='word_1_205' title='bbox 311 3214 550 3298; x_wconf 74' lang='grc' dir='ltr'><strong><em>ἄγριον</em></strong></span> <span class='ocrx_word' id='word_1_206' title='bbox 578 3216 864 3297; x_wconf 79' lang='grc' dir='ltr'><strong><em>ἔχουσαι.</em></strong></span> <span class='ocrx_word' id='word_1_207' title='bbox 939 3214 1013 3279; x_wconf 89' lang='grc' dir='ltr'><strong><em>ἐν</em></strong></span> <span class='ocrx_word' id='word_1_208' title='bbox 1040 3215 1309 3292; x_wconf 91' lang='grc' dir='ltr'><strong><em>ταύταις</em></strong></span> <span class='ocrx_word' id='word_1_209' title='bbox 1347 3215 1458 3279; x_wconf 78' lang='grc' dir='ltr'><strong><em>διὰ</em></strong></span> <span class='ocrx_word' id='word_1_210' title='bbox 1495 3215 1618 3296; x_wconf 83' lang='grc' dir='ltr'><strong><em>τὴν</em></strong></span> <span class='ocrx_word' id='word_1_211' title='bbox 1644 3217 2022 3299; x_wconf 90' lang='grc' dir='ltr'><strong><em>πυκνότητα</em></strong></span> <span class='ocrx_word' id='word_1_212' title='bbox 2057 3224 2239 3300; x_wconf 85' lang='grc' dir='ltr'><strong><em>κῦμα</em></strong></span> 
     </span>
     <span class='ocr_line' id='line_1_29' title="bbox 309 3312 2236 3406; baseline 0.003 -26"><span class='ocrx_word' id='word_1_213' title='bbox 309 3312 551 3397; x_wconf 77' lang='grc' dir='ltr'><strong><em>μὲνόὐ</em></strong></span> <span class='ocrx_word' id='word_1_214' title='bbox 598 3323 873 3402; x_wconf 88' lang='grc' dir='ltr'><strong><em>γίνεται,</em></strong></span> <span class='ocrx_word' id='word_1_215' title='bbox 919 3329 1041 3385; x_wconf 83' lang='grc' dir='ltr'><strong><em>τοῦ</em></strong></span> <span class='ocrx_word' id='word_1_216' title='bbox 1077 3320 1421 3396; x_wconf 88' lang='grc' dir='ltr'><strong><em>κλύδωνος</em></strong></span> <span class='ocrx_word' id='word_1_217' title='bbox 1457 3316 1891 3403; x_wconf 90' lang='grc' dir='ltr'><strong><em>θραυομένου</em></strong></span> <span class='ocrx_word' id='word_1_218' title='bbox 1927 3319 2080 3406; x_wconf 88' lang='grc' dir='ltr'><strong><em>περὶ</em></strong></span> <span class='ocrx_word' id='word_1_219' title='bbox 2117 3321 2236 3398; x_wconf 79' lang='grc' dir='ltr'><strong><em>τὰς</em></strong></span> 
     </span>
    </p>
   </div>
   <div class='ocr_carea' id='block_1_3' title="bbox 456 3533 1659 3613">
    <p class='ocr_par' dir='ltr' id='par_1_6' title="bbox 456 3533 1659 3618">
     <span class='ocr_line' id='line_1_30' title="bbox 456 3533 1659 3613; baseline 0.006 -24"><span class='ocrx_word' id='word_1_220' title='bbox 456 3538 519 3584; x_wconf 82' lang='grc'><strong><em>12</em></strong></span> <span class='ocrx_word' id='word_1_221' title='bbox 559 3533 926 3595; x_wconf 79' lang='grc' dir='ltr'><strong><em>ἀπολείπεται</em></strong></span> <span class='ocrx_word' id='word_1_222' title='bbox 966 3542 1006 3595; x_wconf 83' lang='grc' dir='ltr'>Ο</span> <span class='ocrx_word' id='word_1_223' title='bbox 1154 3548 1221 3596; x_wconf 87' lang='lat'><strong><em>14</em></strong></span> <span class='ocrx_word' id='word_1_224' title='bbox 1259 3539 1556 3613; x_wconf 78' lang='grc' dir='ltr'><strong><em>ἐσχηκότος</em></strong></span> <span class='ocrx_word' id='word_1_225' title='bbox 1593 3544 1659 3597; x_wconf 90' lang='lat' dir='ltr'><strong><em>II.</em></strong></span> 
     </span>
    </p>
   </div>
  </div>
 </body>
</html>
