2569 4061
1064 340 1143 395 IV
1184 345 1266 397 18.
1302 345 1383 397 19.
2044 341 2176 406 425

255 505 419 588 κήτη
478 504 887 568 διεκπίπτειν
941 501 1014 568 ἐκ
1067 510 1190 567 τοῦ
1247 502 1548 567 ὠκεανοῦ
1600 504 1768 586 πρὸς
1811 504 1935 587 τὴν
1991 503 2179 578 ἐντὸς

255 610 630 696 θάλατταν,
684 609 818 694 ἅμα
865 605 940 674 δὲ
993 607 1105 675 καὶ
1153 609 1263 673 διὰ
1316 609 1391 673 τὸ
1449 605 1730 691 μέγεθος
1781 619 1916 675 τῶν
1964 612 2180 694 ἔργων

258 713 423 801 μένῃ
478 715 871 800 ἀείμνηστος
912 714 955 798 ἡ
1014 714 1175 793 δόξα
1219 723 1343 780 τοῦ
1396 715 2009 792 κατασκευάσαντος
2026 736 2041 752 ·
2089 716 2180 792 ὡς

261 821 341 888 δέ
379 820 555 899 τινές
595 838 784 906 φασι,
829 822 1230 888 τούναντίον
1272 831 1409 886 τῶν
1445 821 1739 907 ἠπείρων
1785 820 2179 905 ἀμφοτέρων

206 945 232 986 5
262 926 799 1013 συνεζευγμένων
862 928 1223 1007 διασκάψαι
1286 927 1554 1013 ταύτας,
1615 925 1727 992 καὶ
1789 927 1909 992 τὸν
1965 929 2180 1013 πόρον

262 1033 617 1113 ἀνοίξαντα
662 1043 935 1117 ποιῆσαι
981 1035 1101 1098 τὸν
1148 1014 1444 1099 ὧκεανὸν
1489 1036 1849 1119 μίσγεσθαι
1892 1041 1973 1119 τῇ
2017 1030 2173 1098 καθ’

258 1139 430 1224 ἡμᾶς
473 1140 789 1225 θαλάττῃ.
864 1137 1031 1203 ἀλλὰ
1073 1136 1227 1223 περὶ
1272 1135 1395 1223 μὲν
1438 1139 1696 1205 τούτων
1741 1137 1994 1219 ἐξέσται
2030 1154 2182 1203 σκο-

261 1257 412 1311 πεῖν
459 1247 548 1322 ὡς
593 1245 678 1310 ἂν
713 1245 987 1321 ἕκαστος
1032 1243 1273 1311 ἑαυτὸν
1309 1248 1531 1332 πείθῃ.
1604 1246 1679 1311 τὸ
1717 1247 2183 1329 παραπλήσιον
2219 1264 2252 1314 6

264 1349 338 1418 δὲ
371 1353 638 1428 τούτοις
674 1349 909 1436 ἔπραξε
944 1354 1272 1436 πρότερον
1309 1352 1474 1433 κατὰ
1517 1352 1642 1434 τὴν
1665 1348 1965 1417 Ἑλλάδα.
2030 1350 2182 1438 περὶ

183 1476 236 1515 10
263 1454 387 1542 μὲν
431 1458 558 1541 γὰρ
612 1458 693 1521 τὰ
736 1457 1114 1540 καλούμενα
1168 1455 1393 1540 Τέμπη
1438 1466 1554 1540 τῆς
1606 1458 1923 1534 πεδιάδος
1965 1460 2185 1544 χώρας

265 1561 373 1628 ἐπὶ
418 1565 634 1627 πολὺν
678 1565 886 1628 τόπον
931 1563 1372 1647 λιμναζούσης
1418 1561 1730 1640 διέσκαψε
1774 1564 1894 1627 τὸν
1939 1571 2183 1647 συνεχῆ

264 1671 501 1750 τόπον,
547 1667 660 1733 καὶ
712 1670 879 1733 κατὰ
923 1677 1037 1752 τῆς
1092 1669 1425 1754 διώρυχος
1480 1668 1834 1752 δεξάμενος
1888 1668 2064 1733 ἅπαν
2108 1670 2183 1733 τὸ

264 1774 430 1839 κατὰ
485 1774 608 1856 τὴν
663 1775 909 1857 λίμνην
951 1773 1139 1854 ὕδωρ
1194 1772 1462 1857 ἐποίησε
1515 1775 1597 1838 τὰ
1641 1774 1838 1839 πεδία
1893 1782 2187 1858 φανῆναι

264 1880 346 1944 τὰ
381 1880 547 1945 κατὰ
582 1879 706 1962 τὴν
744 1882 1108 1945 Θετταλίαν
1149 1880 1329 1964 παρὰ
1372 1881 1492 1945 τὸν
1527 1881 1827 1964 Πηνειὸν
1862 1882 2185 1965 ποταμόν·

183 2002 237 2045 15
265 1985 340 2052 ἐν
376 1982 451 2052 δὲ
496 1993 575 2071 τῇ
613 1988 904 2074 Βοιωτίᾳ
947 1986 1346 2053 τούναντίον
1383 1985 1716 2074 ἐμφράξας
1758 1988 1834 2053 τὸ
1881 1985 2033 2073 περὶ
2068 1985 2187 2052 τὸν
2225 2007 2255 2056 7

265 2095 602 2160 Μινύειον
629 2088 1026 2179 Ὀρχομενὸν
1063 2093 1345 2179 ρεὐθρον
1381 2092 1648 2176 ἐποίησε
1693 2095 2052 2178 λιμνάζειν·
2065 2095 2189 2180 τὴν

265 2201 491 2286 χώραν
535 2199 647 2266 καὶ
692 2206 1043 2285 φθαρῆναι
1087 2201 1168 2264 τὰ
1213 2193 1356 2264 κατ’
1402 2199 1612 2284 αὐτὴν
1657 2200 1929 2265 ἅπαντα.
2022 2200 2189 2266 ἀλλὰ

265 2307 347 2371 τὰ
383 2303 507 2390 μὲν
550 2306 716 2371 κατὰ
751 2306 876 2388 τὴν
915 2307 1279 2369 Θετταλίαν
1315 2303 1595 2391 ἔπραξεν
1632 2306 1995 2392 εὐεργετῶν
2031 2310 2189 2384 τοὺς

252 2410 610 2496 Ἕλληνας,
655 2412 737 2477 τὰ
784 2407 858 2476 δὲ
900 2412 1067 2476 ’κατὰ
1112 2411 1235 2493 τὴν
1280 2413 1615 2477 Βοιωτίαν
1659 2413 1983 2498 τιμωρίαν
2029 2416 2189 2497 λαμ-

188 2535 243 2574 20
269 2518 498 2600 βάνων
549 2518 729 2603 παρὰ
779 2527 918 2583 τῶν
970 2517 1095 2600 τὴν
1148 2518 1474 2583 Μινυάδα
1530 2518 2023 2584 κατοικούντων
2079 2519 2190 2585 διὰ

268 2623 389 2707 τὴν
435 2633 572 2689 τῶν
621 2626 934 2707 Θηβαίων
978 2622 1500 2689 καταδούλωσιν.

436 2725 509 2793 Ὁ
556 2726 616 2792 δ’
643 2723 974 2815 Ἡρακλῆς
1015 2738 1152 2793 τῶν
1198 2724 1322 2812 μὲν
1360 2726 1638 2815 Ἰβήρων
1682 2727 2022 2815 παρέδωκε
2068 2731 2191 2815 τὴν
2217 2730 2296 2795 19

269 2836 615 2917 βασιλείαν
652 2843 792 2912 τοῖς
820 2833 1115 2918 ἀρίστοις
1144 2844 1280 2899 τῶν
1309 2833 1669 2921 ἐγχωρίων,
1704 2835 1904 2914 αὐτὸς
1938 2834 2000 2902 δ’
2036 2837 2190 2902 ἀνα·

269 2941 496 3024 λαβὼν
534 2942 656 3024 τὴν
684 2940 974 3024 δύναμιν
1009 2938 1121 3005 καὶ
1153 2943 1565 3025 καταντήσας
1592 2943 1687 3018 εἰς
1717 2943 1840 3025 τὴν
1865 2943 2193 3026 Κελτικὴν

190 3061 242 3103 25
271 3044 383 3111 καὶ
409 3055 629 3112 πᾶσαν
657 3045 961 3112 ἐπελθὼν
996 3044 1313 3111 κατέλυσε
1341 3043 1464 3131 μὲν
1499 3049 1615 3124 τὰς
1643 3049 1965 3130 συνήθεις
1989 3066 2192 3132 παρα-

167 3153 512 3234 265νομίας
546 3150 658 3217 καὶ
696 3151 1137 3235 ξενοκτονίας,
1182 3156 1439 3217 πολλοῦ
1476 3148 1551 3217 δὲ
1585 3154 1891 3235 πλήθους
1929 3151 2195 3237 ἀνθρώ-

268 3278 417 3322 πων
475 3256 542 3336 ἐξ
606 3258 894 3335 ἅπαντος
947 3260 1196 3335 ἔθνους
1259 3257 1578 3336 ἑκουσίως
1633 3258 2195 3339 συστρατεύοντος

413 3454 447 3503 3
504 3446 646 3521 μένῃ
703 3466 812 3505 om.
861 3448 911 3503 D
1072 3456 1102 3504 7
1159 3454 1394 3504 σκοπεῖν
1445 3444 1665 3515 ἐξέσται
1712 3446 1821 3504 OF
1960 3453 2026 3503 15
2075 3449 2196 3504 δια·

268 3518 578 3644 φράξαςηῑ)
727 3527 794 3576 16
833 3516 1141 3591 ἐρχόμενον
1180 3519 1291 3589 OG,
1330 3538 1438 3578 om.
1479 3520 1542 3574 F
1679 3526 1747 3575 22
1787 3514 1874 3591 δ’]
1913 3514 1971 3573 δ’
2012 3511 2115 3575 οὖν
2154 3519 2202 3576 0

269 3595 338 3644 27
409 3593 438 3657 ξ
476 3592 753 3663 απαντος]
794 3587 860 3647 ἐκ
894 3589 1108 3655 παντὸς
1145 3592 1298 3662 vulg.
1658 3630 1669 3639 -
