2569 4061
0 85 2569 137 —ss

1122 352 1203 406 ΙΙΙ
1241 360 1326 410 29.
1358 362 1443 413 30.
2098 359 2228 424 307

299 516 428 599 γὰρ
479 514 863 607 ἱστοροῦσιν
919 515 1316 582 ἐπιπολάσαι
1363 527 1498 583 τῶν
1555 519 1921 605 εἰρημένων
1965 523 2232 607 θηρίων

299 626 559 706 πλῆθος
605 622 773 687 ὥστε
817 627 977 700 τοὺς
1010 633 1493 701 κατοικοῦντας
1538 624 1942 710 ἀνθρώπους
1987 630 2062 693 τὸ
2111 624 2234 712 μὲν

301 739 568 811 πρῶτον
612 727 940 814 πανδημεὶ
984 732 1267 795 κτείνειν
1308 733 1495 811 [πᾶν]
1545 731 1620 795 τὸ
1667 739 1744 815 τῇ
1791 734 1991 816 φύσει
2039 734 2231 801 πολέ-

303 860 487 920 μιον,
536 835 1013 923 ἀπεριγενήτου
1061 832 1135 900 δὲ
1178 845 1301 901 τοῦ
1346 838 1657 919 πλήθους
1702 836 1895 912 ὄντος
1939 837 2050 902 καὶ
2094 853 2229 906 τῶν

245 959 271 1000 5
301 944 654 1027 δηγμάτων
710 943 879 1022 ὀξεῖς
931 953 1072 1019 τοῖς
1124 947 1432 1026 πληγεῖσι
1491 945 1649 1018 τοὺς
1703 943 2044 1019 θανάτους
2096 943 2230 1010 ἐπι-

298 1052 666 1135 φερόντων,
711 1049 1125 1131 ἀπογνόντας
1160 1049 1283 1131 τὴν
1320 1048 1604 1133 πάτριον
1640 1057 1769 1133 γῆν
1804 1072 1876 1113 τε
1911 1046 2027 1113 καὶ
2065 1050 2228 1115 δίαι-

295 1178 419 1220 ταν
474 1166 719 1241 φυγεῖν
773 1155 846 1221 ἐκ
898 1165 1033 1220 τῶν
1088 1157 1331 1220 τόπων.
1426 1154 1506 1220 οὐ
1550 1156 1675 1241 χρὴ
1734 1151 1808 1220 δὲ
1853 1156 2231 1239 θαυμάζειν

297 1258 458 1327 οὐδὲ
494 1262 795 1327 ἀπιστεῖν
841 1272 980 1339 τοῖς
1015 1259 1419 1345 λεγομένοις,
1467 1263 1682 1327 πολλὰ
1717 1263 1976 1327 τούτων
2021 1283 2229 1347 παρα-

296 1367 612 1455 δοξότερα
656 1370 822 1434 κατά
867 1377 1088 1433 πᾶσαν
1131 1367 1255 1450 τὴν
1303 1366 1705 1453 οἰκουμένην
1749 1371 2074 1452 γεγονότα
2117 1368 2230 1433 διά

215 1494 269 1533 10
294 1483 411 1559 τῆς
458 1475 758 1559 ἀληθοῦς
805 1475 1098 1560 ἱστορίας
1142 1477 1649 1559 παρειληφότας.
1731 1473 1883 1560 περὶ
1926 1476 2054 1561 γάρ
2105 1475 2228 1559 τὴν

286 1579 573 1646 Ἰταλίαν
627 1591 817 1665 μυῶν
862 1586 1122 1662 πλῆθος
1178 1579 1561 1666 ἀρουραίων
1617 1578 2023 1665 ἐγγεννηθὲν
2090 1592 2228 1660 τοῖς
2265 1607 2298 1656 3

294 1689 552 1763 πεδίοις
602 1685 870 1769 ἐξέβαλέ
919 1709 1105 1762 τινας
1150 1685 1222 1751 ἐκ
1273 1695 1392 1769 τῆς
1435 1690 1722 1772 πατρίου
1766 1688 2018 1773 χώρας,
2065 1690 2229 1753 κατὰ

296 1789 371 1858 δὲ
418 1793 543 1876 τὴν
596 1794 888 1877 Μηδίαν,
932 1792 1450 1871 ἐπιπολάσαντες
1506 1793 1842 1878 ἀμύθητοι
1897 1791 2229 1875 στρουθοὶ

291 1897 405 1965 καὶ
453 1900 534 1964 τά
581 1898 918 1985 σπέρματα
953 1911 1089 1992 τῶν
1126 1900 1510 1986 ἀνθρώπων
1554 1900 1987 1985 ἀφανίζοντες
2026 1900 2227 1982 ήνάγ-
2266 1968 2271 1977 ,

214 2024 265 2065 15
293 2021 507 2073 κασαν
552 2008 648 2085 εἰς
703 2004 1101 2093 ἑτερογενεῖς
1153 2009 1400 2084 τόπους
1456 2016 1885 2092 μεταστῆναι,
1942 2008 2104 2082 τοὺς
2151 2002 2225 2071 δὲ

292 2113 747 2199 καλουμένους
799 2115 1219 2200 Αὐταριάτας
1280 2116 1602 2200 βάτραχοι
1635 2101 1788 2198 ’τὴν
1856 2112 2227 2199 ἀρχέγονον

295 2221 617 2285 σύστασιν
655 2218 728 2284 ἐν
774 2230 914 2297 τοῖς
948 2219 1184 2305 νέφεσι
1228 2221 1683 2306 λαμβάνοντες
1717 2217 1829 2285 καὶ
1873 2222 2227 2296 πίπτοντες

293 2325 441 2391 ἀντὶ
476 2334 593 2410 τῆς
630 2329 974 2411 συνήθους
1018 2328 1307 2405 ψεκάδος
1345 2327 1699 2410 ἐβιάσαντο
1746 2327 1861 2402 τάς
1897 2327 2226 2411 πατρίδας

291 2436 676 2498 καταλιπεῖν
708 2431 821 2498 καὶ
864 2443 1277 2518 καταφυγεῖν
1314 2435 1410 2511 εἰς
1454 2441 1700 2499 τοῦτον
1735 2434 1856 2498 τὸν
1899 2435 2110 2497 τόπον
2151 2432 2225 2497 ἐν

210 2555 266 2594 20
294 2530 345 2626 ᾧ
405 2545 534 2603 νῦν
595 2541 1058 2625 καθίδρυνται.
1148 2537 1261 2605 καὶ
1324 2541 1456 2624 μὴν
1516 2542 1615 2618 τίς
1679 2540 1801 2624 οὐχ
1866 2540 2224 2623 ἱστόρησεν

282 2640 601 2729 (Ηρακλεῖ
648 2658 782 2712 τῶν
827 2642 994 2733 ὑπὲρ
1051 2654 1165 2730 τῆς
1212 2646 1586 2725 ἀθανασίας
1631 2648 1865 2711 ἄθλων
1912 2651 2222 2711 συντελε-
2259 2669 2294 2718 4

292 2750 595 2816 σθέντων
640 2751 757 2817 ἕνα
802 2753 1429 2839 καταριθμούμενον
1474 2750 1631 2818 καθ’
1669 2752 1748 2817 ὃν
1795 2750 2115 2836 ἐξήλασεν
2151 2751 2222 2817 ἐκ

287 2866 403 2941 τῆς
448 2860 927 2942 Στυμφαλίδος
980 2862 1217 2943 λίμνης
1270 2859 1346 2923 τὸ
1404 2863 1666 2940 πλῆθος
1720 2869 1854 2923 τῶν
1910 2858 2220 2923 ἐπιπολα-

289 2965 553 3029 σάντων
608 2963 909 3048 ὀρνίθων
965 2964 1038 3029 έν
1094 2964 1288 3049 αὐτῑῃ
1348 2963 1709 3029 ἀνάστατοι
1757 2961 1831 3029 δὲ
1887 2966 2052 3029 κατά
2097 2964 2220 3046 τὴν

205 3085 257 3127 25
286 3071 555 3155 Λιβύην
628 3073 851 3147 πόλεις
921 3067 1098 3148 τινὲς
1172 3069 1485 3153 ἐγένοντο
1561 3074 1867 3155 πλήθους
1930 3072 2219 3133 λεόντων

287 3175 690 3253 ἐπελθόντος
735 3175 807 3242 ἐκ
850 3185 966 3261 τῆς
1011 3177 1279 3262 ἐρήμου.

435 3411 467 3460 3
522 3404 642 3459 πᾶν
680 3405 759 3473 Μ,
798 3421 906 3462 om.
945 3406 1019 3476 F,
1063 3400 1255 3459 πάντα
1294 3406 1398 3458 cet.
1547 3399 1610 3456 τὸ
1649 3401 1785 3469 DM,
1830 3397 1930 3453 τὸν
1980 3401 2083 3454 cet.
2113 3398 2218 3522 ,ἱρῇ

283 3475 364 3530 IV
404 3482 453 3563 9,
502 3480 555 3545 7)
737 3481 773 3528 4
808 3471 1069 3546 πλήθους
1114 3473 1374 3530 Hertlein
1424 3476 1494 3543 (0.
1536 3479 1630 3543 31,
1667 3475 1746 3541 3),
1802 3467 2032 3531 πάθους
2085 3470 2129 3522 11
2169 3488 2219 3523 n

284 3552 317 3602 ὅ
360 3567 493 3610 τους
530 3566 640 3604 om.
679 3548 835 3617 vulg.
948 3554 1011 3602 11
1056 3543 1371 3618 ἐγγενηθὲν
1391 3545 1542 3612 vulg.
1620 3547 1686 3596 14
1714 3542 2096 3611 ἀφανίσαντες
2117 3539 2224 3594 OF

284 3623 355 3674 20
395 3614 691 3690 ἱστόρηκεν
728 3618 1001 3674 Hertlein.

1785 3700 1893 3754 20*
