2569 4061
348 2279 381 2325 4

416 286 549 352 290
1088 280 1392 339 DIODORI
1430 281 1667 339 SICULI

415 450 670 515 τούτων
714 445 1249 531 παραδοξότερον
1304 440 1476 511 εἶναι
1528 445 1647 510 τὸν
1700 444 1856 528 βίον
1901 441 2345 530 συμβέβηκεν,

415 557 504 631 ὡς
549 552 633 617 ἂν
680 552 927 630 ἄδιψον
976 551 1266 637 ἐχόντων
1311 550 1423 617 καὶ
1471 550 1700 635 ἀπαθῆ
1746 551 1869 634 τὴν
1907 552 2134 637 φύσιν.
2210 551 2341 617 ἀπὸ

413 662 540 744 γὰρ
605 670 740 724 τῶν
803 657 1216 744 οἰκουμένων
1278 661 1502 724 τόπων
1558 659 1652 734 εἰς
1714 658 1841 741 τὴν
1904 659 2155 743 ἔρημον
2206 658 2340 725 ὑπὸ

413 774 530 850 τῆς
572 768 776 851 τύχης
820 762 1353 850 ἐκτετοπισμένοι
1397 772 1514 848 τῆς
1560 761 1682 849 μὲν
1719 764 1847 830 ἀπὸ
1892 774 2028 830 τῶν
2077 766 2338 849 ἰχθύων

415 875 623 959 ἄγρας
687 874 1122 959 εὐποροῦσιν,
1189 871 1407 957 ὑγρὰν
1472 867 1547 936 δὲ
1609 872 1871 956 τροφὴν
1937 871 2061 936 οὐκ
2124 870 2339 956 ἐπιζη-
2399 888 2430 929 5

414 989 623 1047 τοῦσι.
679 982 1214 1065 προσφερόμενοι
1241 979 1370 1063 γὰρ
1399 979 1519 1043 τὸν
1539 979 1743 1063 ἰχθῦν
1761 980 2067 1061 ἔγχυλον,
2096 979 2342 1064 μικρὰν

417 1089 651 1171 ἔχοντα
685 1096 821 1150 τῶν
866 1085 1065 1168 ὠμῶν
1110 1085 1236 1167 τὴν
1279 1087 1732 1170 παραλλαγήν,
1779 1083 1902 1168 οὐχ
1941 1076 2089 1149 οἷον
2125 1083 2343 1169 ὑγρὰν

414 1193 676 1278 τροφὴν
703 1190 1143 1275 ἐπιζητοῦσιν,
1182 1189 1326 1256 ἀλλ’
1362 1185 1509 1256 οὐδ’
1544 1192 1815 1257 ἔννοιαν
1844 1192 2074 1275 ἔχουσι
2108 1200 2336 1257 ποτοῦ.

416 1297 767 1382 στέργουσι
823 1293 897 1362 δὲ
941 1298 1064 1379 τὴν
1110 1295 1177 1376 ἐξ
1233 1297 1437 1382 ἀρχῆς
1491 1298 1754 1374 δίαιταν
1798 1296 1929 1362 ὑπὸ
1976 1306 2093 1381 τῆς
2135 1298 2338 1382 τύχης

416 1403 644 1481 αὐτοῖς
713 1407 1387 1489 προσκληρωθεῖσαν,
1468 1404 1904 1489 εὐδαιμονίαν
1974 1403 2338 1488 ἡγούμενοι
2369 1420 2424 1459 10

415 1511 539 1594 τὴν
567 1509 640 1575 ἐκ
665 1518 780 1594 τῆς
816 1510 1074 1588 ἐνδείας
1101 1511 1312 1577 αὐτοῦ
1339 1518 1460 1576 τοῦ
1497 1515 1872 1587 λυποῦντος
1899 1510 2344 1596 ὑπεξαίρεσιν.

415 1618 490 1683 τὸ
549 1613 623 1682 δὲ
676 1618 947 1683 πάντων
1018 1617 1587 1704 παραδοξότατον,
1665 1616 1955 1704 ἀπαθείᾳ
2017 1626 2344 1682 τοσοῦτον

415 1722 910 1810 ὑπερβάλλουσι
950 1725 1200 1801 πάντας
1243 1725 1411 1789 ὥστε
1457 1724 1545 1808 μὴ
1587 1723 1833 1812 ῥᾳδίως
1876 1729 2321 1806 πιστευθῆναι
2345 1741 2451 1791 187

416 1833 536 1897 τὸν
600 1834 821 1913 λόγον.
910 1833 1126 1897 καίτοι
1190 1855 1264 1914 γε
1330 1828 1567 1895 πολλοὶ
1630 1840 1765 1895 τῶν
1829 1828 1939 1896 ἀπ’
1992 1830 2347 1912 Αἰγύπτου

417 1940 757 2004 πλεόντων
794 1938 907 2002 διὰ
950 1945 1065 2027 τῆς
1103 1934 1435 2024 Ἐρυθρᾶς
1469 1936 1804 2020 θαλάττης
1840 1938 2113 2021 ἔμποροι
2149 1933 2346 2020 μέχρι
2376 1969 2430 2010 15

417 2055 539 2112 τοῦ
584 2055 741 2129 νῦν,
795 2044 1111 2122 πολλάκις
1165 2046 1775 2130 προσπεπλευκότες
1828 2046 1993 2131 πρὸς
2035 2044 2157 2127 τὴν
2201 2053 2341 2108 τῶν

411 2150 877 2237 Ἰχθυοφάγων
921 2152 1170 2239 χώραν,
1217 2149 1604 2234 ἐξηγοῦνται
1649 2152 1980 2235 σύμφωνα
2027 2161 2169 2227 τοῖς
2211 2149 2336 2236 ὑφ’

418 2258 608 2344 ἡμῶν
644 2258 1014 2344 εἰρημένοις
1057 2255 1210 2345 περὶ
1253 2268 1389 2323 τῶν
1428 2258 1711 2323 ἀπαθῶν
1749 2256 2149 2343 ἀνθρώπων.
2232 2255 2346 2323 καὶ

422 2367 457 2431 ὁ
502 2368 722 2451 τρίτος
777 2362 851 2430 δὲ
896 2370 1340 2449 Πτολεμαῖος,
1402 2364 1439 2430 ὁ
1494 2362 1961 2449 φιλοτιμηθεὶς
2014 2362 2166 2451 περὶ
2221 2364 2346 2447 τὴν

419 2475 643 2554 θήραν
687 2480 823 2536 τῶν
868 2471 1251 2555 ἐλεφάντων
1295 2481 1431 2536 τῶν
1466 2470 1618 2558 περὶ
1661 2472 1785 2556 τὴν
1830 2472 2058 2559 χώραν
2093 2473 2344 2555 ταύτην
2374 2502 2427 2542 20

422 2578 668 2659 ὄντων,
722 2575 1080 2660 ἐξέπεμψεν
1125 2575 1243 2640 ἕνα
1287 2587 1424 2641 τῶν
1471 2580 1722 2662 φίλων,
1767 2579 1979 2663 ὄνομα
2024 2581 2347 2663 Σιμμίαν,

420 2683 999 2766 κατασκεψόμενον
1060 2682 1185 2764 τὴν
1246 2684 1499 2768 χώραν·
1573 2679 1770 2761 οὗτος
1842 2681 1919 2749 δὲ
1991 2686 2152 2769 μετὰ
2223 2692 2342 2768 τῆς

421 2787 876 2875 ἁρμοττούσης
900 2790 1217 2873 χορηγίας
1244 2787 1637 2867 ἀποσταλεὶς
1664 2789 1970 2876 ἀκριβῶς,
2010 2790 2100 2868 ὥς
2137 2807 2347 2875 φησιν

414 2891 899 2982 Ἀγαθαρχίδης
946 2895 980 2960 ὁ
1029 2881 1307 2972 Κνίδιος
1355 2897 1900 2983 ἱστοριογράφος,
1953 2895 2221 2980 ἐξήτασε
2267 2900 2348 2963 τὰ

421 3003 586 3068 κατὰ
611 3002 736 3085 τὴν
759 3004 1093 3087 παραλίαν
1120 3004 1307 3086 ἔθνη.
1383 3001 1595 3087 φησὶν
1631 2998 1756 3069 οὖν
1781 3005 1857 3068 τὸ
1885 3014 2022 3068 τῶν
2059 3003 2343 3069 ἀπαθῶν
2370 3016 2423 3057 25
2552 3061 2553 3092 ¹

422 3112 780 3175 Αἰθιόπων
809 3110 1010 3185 ἔθνος
1044 3109 1119 3173 τὸ
1158 3109 1450 3174 σύνολον
1482 3118 1661 3197 ποτῷ
1698 3111 1787 3194 μὴ
1823 3116 2139 3197 χρῆσθαι,
2177 3106 2345 3194 μηδὲ
2550 3119 2551 3124 ’

421 3216 545 3297 τὴν
599 3215 810 3300 φύσιν
864 3214 1085 3279 αὐτῶν
1141 3213 1463 3297 ἐπιζητεῖν
1518 3216 1631 3280 διὰ
1692 3217 1808 3292 τὰς
1861 3213 2345 3301 προειρημένας

355 3337 386 3384 5
427 3320 653 3393 αἰτίας.
736 3320 1037 3383 καθόλου
1085 3316 1146 3382 δ’
1192 3318 1632 3401 ἀποφαίνεται
1677 3318 1825 3403 μήτ’
1871 3322 1965 3397 εἰς
2012 3322 2344 3404 σύλλογον

565 3475 599 3522 8
640 3468 902 3539 ἐπιζητοΐ
909 3491 964 3526 σι
999 3474 1193 3540 ποτοῦ,
1231 3470 1356 3528 ἀλλ’
1398 3516 1411 3528 .
1444 3515 1457 3528 .
1496 3472 1688 3543 ἔχουσι
1725 3476 1958 3543 codices,
1997 3493 2135 3533 corr.
2176 3476 2342 3532 Dind.

425 3539 492 3585 25
531 3541 840 3610 παραλίαν]
880 3539 1131 3612 ἱστορίαν
1158 3544 1281 3611 ΒῈ;
1318 3542 1423 3614 τὴν
1452 3542 1599 3600 κατὰ
1627 3541 1699 3601 τὰ
1738 3544 1882 3615 ἔθνη
1922 3544 2174 3617 ἱστορίαν
2210 3547 2344 3604 fort.
