2569 4061
744 406 843 463 DE
881 406 1181 464 SERMON
1187 408 1232 463 E
1269 405 1662 467 DIODOREO.
1999 411 2175 467 XLIII

223 575 512 653 digniora
557 575 766 637 ordine
812 576 909 637 hie
954 576 1319 637 coniunctim
1363 578 1729 640 recensenda
1774 580 1839 640 et
1886 579 2000 639 sub
2047 598 2169 640 uno

108 685 143 710 ⁰
224 676 564 751 conspeetu
609 673 885 750 ponenda
930 673 1089 734 duxi.

399 786 631 868 ’Ἀμμος
676 810 863 867 quum
903 793 960 863 1,
991 792 1093 868 32,
1125 793 1167 850 4
1204 790 1269 850 in
1315 791 1540 867 optimo
1588 791 1669 851 sit
1714 792 1869 853 libro
1899 786 1966 874 (i.
1998 813 2047 854 e.
2078 787 2163 874 D)

220 891 683 964 conservatum,
722 888 828 964 qui
864 880 966 964 ὑφ’
1018 885 1243 972 ἅμμου,
1281 892 1346 949 et
1382 888 1446 947 in
1480 887 1789 966 plerisque
1833 893 1934 965 17,
1966 893 2067 965 50,
2110 895 2166 969 1,

227 984 494 1047 eundem
539 985 758 1061 ubique
806 985 1086 1062 spiritum
1132 987 1391 1065 restitui,
1438 987 1513 1046 de
1561 1004 1679 1063 quo
1717 986 1842 1046 dixi
1879 987 1957 1046 ad
1993 987 2172 1049 Tbes.

224 1082 555 1160 Stephani,
608 1082 1051 1143 restituendum
1101 1083 1263 1144 haud
1319 1084 1498 1144 dubie
1562 1084 1749 1144 etiam
1802 1085 1866 1145 in
1918 1085 2161 1146 'nomine
2256 1118 2269 1130 ·

200 1176 488 1259 Ἄμμων.
1899 1241 1904 1245 .

398 1272 513 1338 ’Ἀν
559 1279 772 1354 delevi,
819 1279 926 1338 ubi
972 1297 1109 1338 oum
1152 1278 1345 1338 futuri
1389 1279 1649 1339 absurde
1687 1278 2168 1356 coniungebatur

224 1378 585 1454 participio:
659 1381 720 1455 1,
780 1378 892 1451 53,
951 1377 988 1436 8
1049 1374 1283 1448 διδάξαι
1345 1373 1447 1436 τὸν
1510 1372 1731 1455 πατέρα
1793 1375 2014 1460 ῥᾳδίως
2092 1372 2170 1435 ἂν

225 1471 525 1553 ἐσομένην
560 1471 669 1552 τὴν
708 1473 1033 1553 στρατείαν,
1069 1473 1187 1533 nisi
1212 1476 1485 1549 praestat
1511 1470 1935 1553 γενησομένην.
1990 1474 2168 1551 Item,

224 1574 339 1633 ubi
385 1592 521 1632 oum
563 1572 860 1633 infinitivo
919 1570 1142 1630 futuri:
1212 1573 1267 1648 1,
1319 1571 1419 1646 76,
1469 1572 1506 1631 3
1574 1569 1727 1631 οὕτω
1772 1569 1885 1651 γὰρ
1932 1569 2010 1631 ἂν
2056 1571 2170 1650 μᾶ-

227 1674 401 1730 λιστα
448 1668 592 1747 μήτε
636 1666 777 1739 τοὺς
823 1666 1068 1744 εὐφυεῖς
1115 1673 1234 1726 τῶν
1281 1663 1658 1746 βραδυτέρων
1704 1668 2169 1747 πλεονεκτήσειν·

230 1771 351 1844 18,
402 1768 516 1840 55,
565 1768 602 1824 3
670 1763 824 1824 οὕτω
888 1761 1002 1843 γὰρ
1077 1761 1154 1822 ἂν
1230 1763 1477 1841 μάλιστα
1550 1763 1654 1824 τὸν
1718 1761 1826 1841 μὲν
1888 1767 2169 1827 Κάσσαν-

228 1867 389 1945 δρον
452 1859 866 1939 ταπεινώσειν,
933 1857 1165 1931 ἑαυτοῖς
1238 1855 1303 1918 δὲ
1367 1859 1628 1941 μεγάλην
1685 1860 1864 1933 δόξαν
1903 1905 1918 1921 .
1947 1906 1961 1921 .
2007 1883 2170 1941 περι-

226 1961 535 2041 ποιήσειν
594 1962 698 2038 20,
738 1963 792 2035 3,
837 1963 873 2020 3
933 1957 1174 2019 πάντων
1229 1957 1623 2038 διειληφότων
1679 1952 1817 2038 μηδ’
1870 1955 1946 2018 ἂν
1993 1957 2172 2041 ἐγχει-

232 2059 439 2147 ρήσειν
475 2056 659 2121 αὐτὸν
686 2064 807 2132 τοῖς
831 2055 1270 2137 Καρχηδονίοις
1308 2053 1759 2136 ἀντιταχθῆναι,
1808 2060 1877 2117 ut
1915 2058 2168 2136 Polybio

234 2159 318 2219 ad
363 2152 539 2219 Th'es.
587 2156 879 2234 Stephani
922 2178 983 2233 p.
1023 2157 1154 2217 294
1200 2153 1276 2232 A,
1324 2159 1387 2215 et
1431 2156 1612 2216 Dioni
1672 2154 1883 2232 Chrys.
1931 2157 2169 2233 saepius

235 2241 644 2316 eximendum'
678 2256 802 2315 dixi
859 2255 1051 2331 praef.
1104 2274 1162 2329 p.
1213 2252 1352 2313 XII.
1441 2241 1647 2313 Nihilo
1712 2253 1963 2312 meliora
2013 2258 2171 2323 ⁸sunt

235 2355 510 2430 exempla
547 2372 684 2412 oum
722 2353 928 2412 futuro
968 2349 1273 2411 coniuncti
1312 2348 1472 2424 apud
1509 2349 1886 2425 Dionysium.
1940 2348 2171 2408 Eadem

232 2469 376 2512 vero
423 2450 722 2526 particula
766 2449 974 2509 deesse
1020 2448 1267 2509 videtur
1319 2449 1375 2523 1,
1423 2437 1527 2524 40,
1576 2448 1641 2506 3:
1702 2444 1788 2505 Εἰ
1821 2441 1929 2524 μὲν
1977 2436 2091 2506 οὖν
2137 2443 2170 2507 ὅ

235 2548 457 2619 Νεῖλος
501 2542 800 2625 ἀνέβαινε,
849 2545 1034 2625 δῆλον
1080 2542 1367 2624 ὑπῆρχεν,
1413 2540 1537 2603 ἐπεὶ
1576 2539 1660 2621 δὲ,
1706 2544 1811 2603 ubi
1860 2544 2044 2622 δῆλον
2092 2540 2169 2604 ἂν

186 2715 195 2724 ‚
234 2641 500 2726 ὑπῆρχεν
535 2644 914 2704 Hertleinius
960 2646 1026 2703 in
1061 2662 1264 2720 progr.
1302 2641 1638 2702 Werthem.
1678 2661 1730 2701 a.
1773 2644 1963 2720 1865,
2009 2663 2068 2719 p.
2108 2644 2166 2704 5.

238 2742 336 2803 sio
396 2740 451 2803 ει
510 2774 584 2785 -
645 2739 722 2802 ἂν
782 2774 858 2784 -
929 2738 1054 2802 ἐπεὶ
1113 2736 1178 2800 δὲ
1232 2740 1327 2799 esss
1376 2741 1478 2819 13,
1527 2741 1629 2817 20,
1678 2740 1743 2817 53
1808 2743 1907 2817 15,
1958 2743 2060 2818 79,
2109 2742 2167 2801 2.

237 2841 441 2917 Atque
488 2840 673 2901 etiam
725 2843 826 2915 13,
870 2843 924 2916 1,
968 2844 1028 2914 1,
1070 2839 1179 2899 ubi
1230 2837 1379 2897 item
1432 2833 1488 2896 εἰ
1530 2866 1615 2878 -—
1662 2826 1752 2913 ἦν’
1790 2868 1867 2879 ·-·
1918 2834 2044 2898 ἐπεὶ
2081 2833 2166 2915 δὲ,

237 2938 615 2999 scribendum
660 2937 901 2998 videtur
949 2933 1160 3016 σχεδὸν
1206 2926 1283 2995 ἂν
1327 2925 1427 3012 ἧν,
1473 2934 1537 2992 et
1597 2934 1777 3009 1,39,
1802 2935 1885 2993 10
1930 2937 2069 3009 post
2114 2932 2171 2994 εἰ

238 3031 345 3113 μὲν
392 3067 475 3077 --
524 3031 602 3093 ἂν
648 3033 809 3111 quod
854 3034 1129 3112 sequitur
1174 3030 1229 3093 εἰ
1273 3028 1338 3093 δὲ
1373 3061 1465 3114 Δ-
1525 3026 1827 3091 ἀδύνατον
1872 3021 1973 3110 ἦν,
2019 3030 2167 3092 item

238 3129 315 3192 ἂν
351 3123 452 3209 ἦν,
499 3135 561 3191 et
611 3133 713 3206 10,
764 3134 820 3206 7,
870 3133 928 3209 2,
987 3128 1241 3191 ἀπεῖπον
1288 3124 1390 3188 ἂνξ
1471 3127 1679 3186 Simile
1725 3129 1967 3204 quidem
2010 3134 2168 3189 καθ-

234 3237 388 3308 ῆκον
433 3219 515 3307 ἦν
556 3232 612 3303 1,
643 3229 744 3304 38,
787 3230 887 3307 11,
933 3228 1038 3286 ubi
1074 3228 1222 3287 item
1278 3226 1552 3304 sequitur
1598 3220 1723 3284 ἐπεὶ
1762 3221 1846 3304 δὲ,
1893 3229 1957 3285 et·
2004 3225 2168 3302 apud

235 3326 559 3403 Polybium
611 3327 666 3398 1,
716 3327 770 3400 1,
824 3328 856 3385 1
916 3322 971 3385 εἰ
1021 3320 1130 3404 μὲν
1190 3355 1266 3367 --
1327 3320 1656 3403 ἀναγκαῖον
1710 3314 1818 3401 ἦν,
1876 3323 2166 3398 sequente

375 3455 758 3514 Ἀλλοεθνέσιν
813 3476 916 3528 pro
974 3445 1161 3521 ἄλλοις
1218 3456 1449 3513 ἔθνεσιν
1499 3462 1551 3523 2,
1588 3460 1674 3523 48,
1715 3461 1746 3509 2
1786 3458 1844 3509 et
1883 3460 1967 3518 17,
2008 3456 2095 3516 82,
2133 3453 2165 3501 2

235 3537 493 3596 restituit
528 3536 775 3592 Dindorf
804 3539 987 3607 (Neue
1022 3538 1214 3595 Jahrb.
1248 3544 1387 3594 1869
1425 3555 1479 3606 p.
1509 3537 1664 3603 472);
1714 3535 1782 3589 ef.
1824 3539 1872 3598 1,
1903 3536 1988 3594 66,
2018 3534 2076 3591 9;
2118 3533 2168 3592 1,

237 3627 326 3688 67,
356 3625 416 3688 93
458 3624 504 3687 1,
537 3623 622 3687 74,
656 3624 711 3683 13
751 3625 802 3687 2,
833 3625 919 3687 38,
952 3624 1008 3684 13
1039 3625 1089 3685 2,
1119 3624 1206 3685 99,
1237 3623 1297 3684 4;
1328 3624 1378 3683 2,
1408 3622 1495 3682 49,
1526 3619 1585 3678 3;
1620 3618 1671 3677 2,
1702 3615 1788 3676 55,
1820 3615 1878 3688 35
1909 3613 1960 3668 3,
1992 3609 2077 3669 18,
2107 3607 2169 3661 5³

239 3706 326 3772 11,
357 3704 443 3767 71,
474 3705 531 3765 43
570 3702 659 3767 25,
687 3702 824 3766 2,·1;
864 3704 951 3766 29,
981 3704 1074 3766 19,
1113 3703 1202 3766 40,
1229 3704 1281 3765 3,
1310 3702 1361 3750 2.
