2569 4061
401 255 535 321 254
1060 250 1374 307 monom
1410 248 1646 307 smum

399 426 517 501 τῆς
558 425 676 499 τῆς
730 423 851 497 γῆς
902 417 1234 492 ποικιλίας
1286 422 1530 480 τοῦτον
1583 412 1907 499 ὑπάρχειν
1952 418 2170 478 αἴτιον
2216 411 2335 478 καὶ

402 521 840 607 δημιουργόν·
886 515 971 587 οὗ
1015 522 1140 604 τὴν
1186 522 1482 605 φυσικὴν
1526 518 1868 604 ἐνέργειαν
1912 519 2030 596 τὰς
2073 520 2336 603 θνητὰς

399 624 635 714 τέχνας
678 625 1137 712 μιμησαμένας
1179 626 1459 710 βάπτειν
1494 624 1735 691 ἕκαστα
1777 623 1891 692 καὶ
1934 628 2333 708 ποικίλλειν,

328 756 362 805 8
400 734 776 818 μαθητρίας
811 730 1172 817 γενομένας
1205 739 1325 815 τῆς
1358 731 1643 816 φύσεως.
1717 734 1798 797 τὰ
1834 727 1956 816 μὲν
1991 732 2123 815 γὰρ
2158 732 2335 816 χρώ-

400 864 572 926 ματα
607 841 684 905 τὸ
721 851 867 920 φῶς
912 839 1421 925 ἀπεργάζεσθαι,
1465 839 1583 915 τὰς
1628 835 1703 904 δὲ
1749 837 1956 922 ὀσμὰς
1998 848 2135 903 τῶν
2172 862 2335 924 καρ-
2393 856 2425 895 5

398 958 547 1031 πῶν
583 944 697 1013 καὶ
732 948 849 1023 τὰς
888 946 1221 1029 ἰδιότητας
1255 955 1394 1010 τῶν
1429 950 1676 1029 χυλῶν,
1713 946 1811 1010 ἔτι
1847 941 1923 1010 δὲ
1959 945 2041 1009 τὰ
2078 944 2333 1028 μεγέθη

403 1066 539 1120 τῶν
588 1050 772 1141 ζῴων
807 1049 921 1118 καὶ
964 1053 1080 1128 τὰς
1126 1049 1410 1117 ἑκάστου
1446 1050 1808 1135 διαθέσεις,
1853 1052 2021 1137 πρὸς
2068 1047 2143 1116 δὲ
2177 1052 2335 1117 τού-

401 1183 542 1235 τοις
593 1159 711 1235 τὰς
766 1166 884 1240 τῆς
935 1165 1058 1240 γῆς
1115 1158 1482 1241 ἰδιότητας,
1541 1167 1791 1240 γεννᾶν
1844 1158 1969 1240 τὴν
2014 1156 2170 1242 περὶ
2213 1159 2336 1223 τὸν

400 1266 596 1348 ἥλιον
648 1266 1059 1348 θερμασίαν,
1115 1264 1211 1340 εἰς
1263 1269 1659 1350 πολυτραφῆ
1713 1265 1940 1351 χώραν
1991 1263 2105 1329 καὶ
2149 1267 2336 1347 γόνι-

402 1394 532 1454 μον
576 1370 762 1456 ὕδωρ
819 1368 1293 1437 ἐνθάλπουσαν
1337 1370 1451 1437 καὶ
1510 1372 1924 1457 δημιουργὸν
1969 1370 2337 1456 γινομένην
2364 1388 2415 1427 1⁰

331 1502 363 1549 9
400 1484 519 1559 τῆς
563 1473 848 1542 ἑκάστου
893 1478 1177 1561 φύσεως.
1260 1478 1495 1562 διόπερ
1540 1478 1694 1543 οὔτε
1731 1477 1773 1561 ἡ
1811 1479 2038 1563 Παρία
2084 1478 2336 1560 λύγδος

403 1582 543 1649 οὔτ’
588 1584 754 1668 άλλη
800 1581 1274 1669 θαυμαζομένη
1310 1582 1516 1670 πέτρα
1551 1594 1693 1662 τοῖς
1728 1581 2065 1669 Ἀραβίοις
2109 1587 2336 1662 λίθοις

402 1691 807 1776 ἐξισωθῆναι
870 1692 1185 1773 δύναται,
1251 1685 1349 1756 ὧν
1412 1691 1836 1775 λαμπροτάτη
1902 1686 2024 1774 μὲν
2078 1690 2121 1774 ἡ
2186 1695 2336 1757 λευ-

402 1801 620 1883 κότης,
665 1799 1037 1883 βαρύτατος
1082 1793 1157 1861 δὲ
1194 1796 1231 1861 ὁ
1270 1799 1590 1880 σταθμός,
1636 1796 1678 1880 ἡ
1719 1793 1793 1862 δὲ
1830 1799 2089 1881 λειότης
2131 1796 2335 1883 ὑπερ·
2553 1787 2556 1820 ¹*

401 1907 612 1989 βολὴν
650 1903 900 1991 ἑτέροις
936 1903 1061 1969 οὐκ
1096 1902 1568 1969 ἀπολείπουσα.
1643 1905 1822 1969 αἰτία
1856 1899 1930 1969 δὲ
1964 1913 2082 1989 τῆς
2115 1905 2335 1991 χώρας
2360 1918 2410 1960 1⁵

401 2021 519 2097 τῆς
550 2014 718 2079 κατὰ
753 2010 953 2098 μέρος
989 2012 1339 2096 ἰδιότητος,
1376 2010 1683 2097 καθάπερ
1718 2021 2066 2098 προεῖπον,
2100 2010 2143 2094 ἡ
2180 2010 2336 2097 περὶ

402 2121 522 2185 τὸν
566 2119 761 2202 ἥλιον
799 2118 1103 2202 δύναμις,
1148 2120 1485 2204 θερμασίᾳ
1521 2113 1644 2202 μὲν
1677 2117 1957 2202 πήξασα,
2005 2116 2317 2204 ξηρότητι
2339 2137 2435 2188 165
2551 2102 2552 2107 ¹

301 2228 385 2294 53
407 2221 482 2290 δὲ
533 2226 899 2308 πιλήσασα,
960 2221 1193 2309 φέγγει
1248 2220 1324 2289 δὲ
1377 2224 1836 2310 λαμπρύνασα.
1929 2225 2036 2289 διὸ
2091 2222 2204 2289 καὶ
2259 2225 2334 2290 τὸ

406 2341 542 2397 τῶν
579 2331 834 2418 ὀρνέων
869 2328 1066 2412 γένος
1099 2332 1410 2415 πλείστης
1444 2332 1816 2416 θερμασίας
1849 2331 2338 2413 κεκοινωνηκὸς

402 2437 665 2521 ἐγένετο
711 2439 825 2502 διὰ
871 2432 992 2521 μὲν
1028 2436 1154 2518 τὴν
1188 2440 1572 2522 κουφότητα
1616 2440 1891 2522 πτηνόν,
1940 2438 2054 2502 διὰ
2090 2433 2166 2502 δὲ
2210 2438 2335 2520 τὴν
2362 2456 2413 2497 20

406 2541 524 2626 ἀφ’
577 2542 771 2625 ἡλίου
825 2545 1188 2629 συνεργίαν
1250 2546 1587 2626 ποικίλον,
1652 2542 1765 2609 καὶ
1826 2544 2112 2628 μάλιστα
2168 2545 2335 2610 κατὰ
2354 2562 2368 2573 '

332 2672 364 2721 2
404 2649 521 2725 τὰς
552 2647 990 2734 προκειμένας
1023 2648 1189 2736 ἡλίῳ
1226 2649 1463 2735 χώρας.
1535 2649 1577 2733 ἡ
1615 2646 1739 2734 μὲν
1773 2652 1903 2736 γὰρ
1931 2652 2335 2733 Βαβυλωνία

402 2754 681 2819 ταώνων
726 2752 1028 2839 ἐκτρέφει
1071 2760 1334 2839 πλῆθος
1390 2758 1738 2834 παντοίαις
1781 2759 2011 2844 χρόαις
2056 2756 2331 2842 ἐπηνθι-

403 2859 699 2946 σμένων,
755 2864 833 2927 αἱ
880 2858 954 2928 δὲ
997 2871 1116 2946 τῆς
1159 2865 1418 2950 Συρίας
1477 2862 1795 2948 ἐσχατιαὶ·
1814 2866 2177 2942 ψιττακοὺς
2219 2861 2333 2929 καὶ

401 2971 881 3056 πορφυρίωνας
925 2968 1037 3035 καὶ
1073 2971 1509 3057 μελεαγρίδας
1543 2967 1655 3035 καὶ
1691 2971 1894 3046 ἄλλας
1932 2967 2118 3058 ζῴων
2155 2971 2328 3048 ἰδίας
2355 2988 2405 3031 25

333 3100 364 3148 3
405 3078 644 3163 φύσεις
686 3087 828 3154 τοῖς
871 3077 1173 3163 χρώμασι
1214 3074 1330 3141 καὶ
1374 3079 1677 3153 ποικίλας
1714 3078 2111 3162 συγκρίσεις.
2185 3075 2223 3141 ὁ
2262 3075 2323 3140 δ’

403 3184 606 3260 αὐτὸς
649 3179 847 3266 λόγος
891 3181 1004 3248 καὶ
1039 3184 1203 3247 κατὰ
1245 3184 1365 3259 τὰς
1409 3184 1613 3258 ἄλλας
1646 3183 1865 3268 χώρας
1908 3190 2025 3266 τῆς
2058 3191 2182 3265 γῆς
2217 3184 2334 3260 τὰς

402 3290 567 3353 κατὰ
611 3289 736 3371 τὴν
782 3287 1022 3370 ὁμοίαν
1065 3297 1305 3373 κρᾶσιν
1350 3287 1676 3372 κειμένας,
1721 3287 1891 3370 λέγω
1941 3286 2001 3352 δ’
2041 3285 2331 3372 Ἰνδικὴν

550 3448 578 3493 1
628 3443 729 3508 τῆς
774 3441 898 3511 τῆς]
952 3440 1055 3504 τὰς
1103 3444 1203 3511 τῆς
1247 3444 1400 3512 vulg.
1582 3448 1648 3497 11
1697 3443 1888 3511 λίγδος
1929 3442 2012 3510 11,
2074 3448 2216 3500 λιμμα
2263 3444 2329 3511 D,

405 3507 569 3568 λίθος
606 3511 703 3561 ΑΒ
812 3518 880 3564 22
918 3509 1078 3579 ἡλίου
1107 3512 1161 3564 II
1271 3519 1340 3567 25
1378 3508 1653 3567 ἄλλωνῬ
1756 3520 1823 3568 27
1854 3511 1965 3578 ’τὰς
1989 3516 2091 3583 τῆς
2127 3515 2232 3584 γῆς
2262 3514 2328 3570 D.
