2569 4061
393 243 525 307 302
1068 239 1378 295 DIODORI
1416 238 1652 296 SICULI

384 406 428 491 ἢ
493 407 620 490 γὰρ
692 402 1144 488 χειρώσασθαι
1217 403 1291 467 τὸ
1368 405 1537 490 ζῷον
1601 400 1642 484 ἢ
1717 406 2031 468 τελευτᾶν
2106 402 2315 469 αὐτὸν

384 510 707 593 λείπεται,
754 519 868 593 τῆς
913 508 1355 596 περιστάσεως
1401 508 1525 575 οὐκ
1571 508 2039 594 ἐπιδεχομένης
2084 509 2317 596 ἕτερον

313 638 345 687 3
385 615 811 701 ἀποτέλεσμα.
903 617 976 681 τὸ
1044 612 1119 680 δὲ
1179 610 1688 700 νευροκοπηθὲν
1755 618 1921 703 ζῷον
1976 612 2136 680 ποτε
2191 612 2316 701 μὲν

385 722 497 787 διὰ
560 723 684 807 τὴν
758 724 1194 806 δυσκινησίαν
1268 721 1651 787 ἀδυνατοῦν
1724 720 2136 807 στρέφεσθαι
2202 720 2317 787 καὶ

386 833 987 915 συνεγκλινόμενον
1050 828 1157 894 ἐπὶ
1211 831 1332 894 τὸν
1384 830 1775 893 πεπονθότα
1827 830 2044 905 τόπον4
2090 831 2315 894 πίπτει
2340 848 2368 888 5

382 936 494 1002 καὶ
530 940 649 1003 τὸν
687 938 988 1001 Αἰθίοπα
1027 930 1505 1017 συναπόλλυσι,
1550 929 1709 999 ποτὲ
1747 930 1823 998 δὲ
1865 935 2030 1019 πρὸς
2065 933 2314 1019 πέτραν

381 1043 425 1128 ’ἢ
457 1042 744 1128 δένδρον
781 1041 1166 1119 ἀποθλῖψαν
1194 1042 1314 1108 τὸν
1352 1043 1718 1127 ἄνθρωπον
1755 1049 1845 1128 τῷ
1886 1041 2073 1126 βάρει
2111 1040 2315 1119 πιέζει

311 1168 346 1216 4
384 1148 574 1234 μέχρι
620 1147 705 1212 ἂν
751 1147 1123 1232 ἀποκτείνῃ.
1190 1151 1361 1213 ἔνιοι
1409 1144 1482 1213 δὲ
1527 1158 1663 1213 τῶν
1710 1147 2093 1231 ἐλεφάντων
2131 1168 2314 1232 περι-

384 1260 606 1336 αλγεῖς
670 1256 1011 1337 γινόμενοι
1064 1263 1186 1319 τοῦ
1245 1251 1367 1339 μὲν
1432 1254 1812 1339 ἀμύνεσθαι
1868 1255 1989 1320 τὸν
2048 1253 2313 1337 ἐπιβου-

382 1361 711 1425 λεύσαντα
774 1362 1035 1446 μακρὰν
1089 1361 1530 1445 ἀφεστήκασι,
1594 1363 1717 1445 τὴν
1773 1356 1849 1425 δὲ
1917 1361 2146 1445 φυγὴν
2203 1361 2313 1425 διὰ
2342 1379 2396 1421 10

381 1475 503 1531 τοῦ
558 1468 794 1532 πεδίου
850 1475 1231 1552 ποιοῦνται,
1286 1467 1476 1554 μέχρι
1532 1467 1616 1533 ἂν
1673 1462 1754 1533 οὗ
1811 1480 2105 1552 συνεχῶς
2152 1490 2312 1553 προ-

381 1575 680 1657 βεβηκὼς
726 1574 761 1639 ὁ
808 1575 1075 1640 τύπτων
1121 1577 1215 1651 εἰς
1251 1577 1371 1640 τὸν
1418 1574 1626 1641 αὐτὸν
1662 1576 1870 1641 τόπον
1915 1584 2006 1661 τῷ
2053 1572 2312 1640 πελέκει

386 1681 710 1759 διακόψας
754 1682 835 1745 τὰ
881 1689 1087 1767 νεῦρα
1132 1684 1378 1766 ποιήσῃ
1424 1682 1714 1767 πάρετον
1758 1684 1832 1747 τὸ
1883 1684 2067 1769 ζῷον.
2152 1681 2312 1745 ὅταν

386 1784 460 1852 δὲ
503 1789 579 1852 τὸ
630 1791 796 1875 ζῷον
832 1787 1022 1873 πέσῃ,
1072 1785 1511 1872 συντρέχουσι
1545 1791 1710 1853 κατὰ
1756 1789 2159 1871 συστήματα,
2197 1784 2313 1850 καὶ
2362 1803 2372 1813 ’

388 1896 626 1971 ζῶντος
682 1895 778 1959 ἔτι
831 1892 1179 1979 τέμνοντες
1232 1894 1349 1970 τὰς
1405 1894 1651 1978 σάρκας
1707 1892 1778 1958 ἐκ
1832 1903 1965 1958 τῶν
2021 1893 2308 1955 ὄπισθεν
2343 1913 2395 1954 15

278 2002 360 2066 27
385 2011 605 2088 μερῶν
633 2000 1057 2087 εὐωχοῦνται.
1125 2002 1294 2067 ἔνιοι
1333 1996 1405 2066 δὲ
1433 2011 1568 2066 τῶν
1605 2002 1890 2085 πλησίον
1921 1997 2312 2065 κατοικούν-

383 2130 520 2173 των
591 2105 792 2194 χωρὶς
864 2109 1201 2174 κινδύνων
1272 2108 1649 2193 θηρεύουσι
1720 2110 1877 2183 τοὺς
1952 2103 2313 2191 ἐλέφαντας

382 2215 580 2302 τέχνη
626 2224 742 2299 τῆς
787 2219 935 2300 βίας
979 2218 1494 2302 περιγινόμενοι.
1568 2220 1768 2280 εἴωθε
1814 2215 1941 2300 γὰρ
1988 2222 2186 2279 τοῦτο
2234 2215 2310 2277 τὸ

387 2326 575 2411 ζῷον,
625 2322 895 2388 ἐπειδὰν
932 2322 1060 2387 ἀπὸ
1097 2330 1214 2405 τῆς
1248 2330 1458 2406 νομῆς
1494 2326 1842 2407 πληρωθῇ,
1889 2322 2055 2407 πρὸς
2092 2319 2311 2384 ὕπνον

383 2427 910 2514 καταφέρεσθαι,
986 2430 1321 2512 διαφορὰν
1395 2428 1673 2512 ἐχούσης
1744 2436 1860 2510 τῆς
1923 2425 2075 2513 περὶ
2149 2425 2310 2491 αὐτὸ
2341 2448 2394 2488 20

314 2555 346 2602 2
386 2533 751 2611 διαθέσεως
796 2536 961 2620 πρὸς
1003 2536 1083 2598 τὰ
1130 2535 1330 2598 λοιπὰ
1374 2545 1509 2599 τῶν
1555 2535 2004 2620 τετραπόδων·
2053 2532 2136 2599 οὐ
2182 2534 2309 2619 γὰρ

387 2640 665 2704 δύναται
700 2650 839 2716 τοῖς
883 2641 1123 2722 γόνασι
1167 2640 1334 2724 πρὸς
1369 2640 1490 2722 τὴν
1536 2647 1664 2722 γῆν
1712 2636 2151 2720 συγκαθιέναι
2188 2639 2309 2702 τὸν

385 2746 545 2811 ὅλον
590 2747 815 2828 ὄγκον,
863 2745 1029 2810 ἀλλὰ
1073 2747 1239 2831 πρὸς
1277 2744 1566 2829 δένδρον
1614 2741 1979 2811 ἀνακλιθὲν
2024 2755 2313 2810 ποιεῖται

382 2854 508 2938 τὴν
555 2854 667 2919 διὰ
706 2862 841 2918 τῶν
886 2852 1119 2919 ὕπνων
1157 2852 1550 2918 ἀνάπαυσιν.
1627 2854 1858 2938 διόπερ
1905 2853 1980 2917 τὸ
2021 2850 2311 2936 δένδρον

386 2962 499 3026 διὰ
542 2960 666 3044 τὴν
702 2959 1063 3045 γινομένην
1109 2961 1274 3047 πρὸς
1311 2960 1471 3025 αὐτὸ
1519 2959 1869 3036 πλεονάκις
1912 2961 2310 3045 πρόσκλισιν
2341 2979 2396 3020 25

382 3078 505 3135 τοῦ
563 3069 731 3158 ζῴου
784 3065 1215 3153 τετριμμένον
1270 3066 1345 3131 τέ
1397 3066 1535 3131 ἐστι
1590 3064 1701 3130 καὶ
1758 3066 1976 3152 ῥύπου
2043 3071 2309 3152 πλῆρες,

382 3177 549 3261 πρὸς
616 3172 689 3241 δὲ
743 3176 1003 3250 τούτοις
1058 3174 1093 3239 ὁ
1150 3171 1302 3259 περὶ
1368 3172 1529 3237 αὐτὸ
1586 3176 1788 3249 τόπος
1845 3180 1994 3256 ἴχνη
2052 3195 2123 3237 τε
2178 3174 2312 3257 ἔχει

369 3277 494 3344 -καὶ
533 3290 766 3363 σημεῖα
810 3279 1044 3362 πολλά,
1093 3273 1181 3342 δι’
1218 3273 1315 3344 ὧν
1361 3278 1432 3344 οἱ
1471 3279 1552 3342 τὰ
1590 3286 1863 3343 τοιαῦτα
1910 3276 2310 3362 ἐρευνῶντες

528 3441 559 3488 9
605 3434 904 3504 γενόμενοι
940 3434 1094 3503 vulg.
1243 3439 1306 3488 11
1358 3424 1451 3504 οὖ]
1491 3427 1625 3488 ὅτου
1666 3434 1773 3487 OF
1908 3431 2311 3506 προσβεβηκώς

384 3500 536 3567 vulg.
685 3510 748 3557 17
785 3503 1135 3573 θηρεύοντες
1158 3536 1218 3546 -
1242 3503 1631 3574 περιγινόνται
1667 3502 1779 3558 DF.
