2569 4061
990 391 1015 444 1
1055 396 1138 445 37.
1179 396 1262 445 38.
2006 390 2095 455 65

171 552 322 616 οὔτε
358 562 497 629 τοῖς
534 553 795 618 εἰποῦσι
834 554 1150 636 Λίβυσιν,
1197 557 1380 638 εἴπερ
1418 550 1528 617 καὶ
1564 555 1729 639 πρὸς
1767 553 2096 637 ἀλήθειαν

167 659 539 744 εἰρήκασιν,
606 658 759 725 οὔτε
811 667 903 747 τῷ
959 668 1342 745 συγγραφεῖ
1389 659 1791 744 προσεκτέον
1845 661 2094 727 ἀναπό-

168 765 391 830 δεικτα
436 763 717 847 λέγοντι.

337 867 598 956 Ἐπειδὴ
640 867 714 937 δὲ
751 868 902 957 περὶ
939 881 1073 937 τῶν
1108 882 1345 954 πηγῶν
1381 868 1493 935 καὶ
1535 878 1651 953 τῆς
1686 870 1938 955 ῥύσεως
1975 872 2092 936 αὐ·
2110 874 2198 942 38

105 1000 133 1041 5
162 986 284 1043 τοῦ
341 979 864 1064 διεληλύθαμεν,
924 981 1383 1063 πειρασόμεθα
1436 978 1552 1055 τὰς
1606 977 1819 1053 αἰτίας
1864 977 2095 1042 ἀποδι-

164 1084 356 1149 δόναι
420 1093 536 1169 τῆς
599 1085 1014 1170 πληρώσεως.
1109 1088 1331 1167 Θαλῆς
1394 1081 1520 1168 μὲν
1582 1077 1740 1165 οὖν,
1805 1074 1901 1160 εἷς
1958 1093 2095 1149 τῶν
2131 1108 2163 1156 2

163 1188 319 1256 ἑπτὰ
370 1201 609 1277 σοφῶν
654 1191 1160 1276 ὀνομαζόμενος,
1208 1189 1377 1275 φησὶ
1421 1194 1578 1269 τοὺς
1615 1190 1879 1275 ἐτησίας
1916 1190 2096 1255 ἀντι-

160 1296 484 1375 πνέοντας
547 1308 691 1375 ταῖς
757 1297 1061 1381 ἐκβολαῖς
1125 1306 1249 1362 τοῦ
1303 1306 1604 1383 ποταμοῦ
1657 1300 1946 1364 κωλύειν
1998 1298 2095 1374 εἰς

160 1404 503 1469 θάλατταν
547 1409 946 1489 προχεῖσθαι
991 1404 1067 1467 τὸ
1115 1402 1357 1487 ῥεῦμα,
1417 1402 1527 1468 καὶ
1583 1405 1695 1470 διὰ
1738 1403 1919 1471 τοῦτ’
1974 1404 2095 1470 αύ-

80 1544 133 1584 10
160 1510 281 1574 τὸν
342 1510 813 1595 πληρούμενον
878 1507 1251 1586 ἐπικλύζειν
1320 1511 1638 1594 ταπεινὴν
1702 1505 1913 1577 οὖσαν
1979 1509 2092 1577 καὶ

159 1613 446 1679 πεδιάδα
490 1614 614 1696 τὴν
661 1617 1025 1695 Αἴγυπτον.
1117 1620 1240 1677 τοῦ
1277 1608 1364 1677 δὲ
1400 1615 1605 1695 λόγου
1641 1616 1903 1698 τούτου,
1949 1619 2092 1682 καί-
2129 1639 2162 1687 3

158 1740 287 1802 περ
336 1712 509 1781 εἶναι
567 1718 927 1793 δοκοῦντος
973 1723 1303 1800 πιθανοῦ,
1366 1716 1604 1805 ῥᾴδιον
1650 1717 1972 1802 ἐξελέγξαι
2016 1722 2092 1786 τὸ

161 1823 433 1900 ψεῦδος.
508 1823 572 1887 εἰ
603 1823 731 1908 γὰρ
761 1818 863 1906 .ἦν
901 1820 1150 1907 ἀληθὲς
1195 1826 1272 1889 τὸ
1319 1820 1826 1910 προειρημένον,
1876 1825 1947 1890 οἰ
1977 1846 2096 1890 πο-

161 1928 363 2016 ταμοὶ
400 1931 640 2007 πάντες
677 1928 761 1995 ἂν
798 1931 870 1996 οί
902 1940 1042 2009 τοῖς
1081 1931 1374 2016 ἐτησίαις
1417 1929 1722 2007 ἐναντίας
1755 1932 1874 2010 τὰς
1909 1930 2097 2015 ἐκβο-

83 2074 136 2115 15
165 2039 283 2116 λὰς
320 2041 582 2123 ἔχοντες
619 2036 968 2105 ἐποιοῦντο
1010 2040 1136 2124 τὴν
1173 2039 1415 2125 ὁμοίαν
1452 2036 1805 2122 ἀνάβασιν·
1853 2033 1937 2104 οὗ
1973 2063 2097 2123 μη-

162 2145 380 2228 δαμοῦ
415 2151 530 2228 τῆς
558 2143 953 2229 οἰκουμένης
989 2147 1480 2230 συμβαίνοντος
1518 2142 1824 2230 ζητητέον
1862 2143 2094 2232 ἑτέραν

162 2252 381 2316 αἰτίαν
419 2249 754 2335 ἀληθινὴν
789 2259 904 2335 τῆς
944 2252 1363 2337 πληρώσεως.
1448 2245 1889 2337 Ἀναξαγόρας
1935 2245 1999 2316 δ’
2053 2252 2090 2318 ὁ
2129 2274 2166 2322 4

162 2358 444 2441 φυσικὸς
489 2356 876 2441 ἀπεφήνατο
924 2367 1041 2441 τῆς
1077 2356 1465 2441 ἀναβάσεως
1501 2359 1722 2423 αἰτίαν
1758 2352 1932 2423 εἶναι
1967 2358 2091 2441 τὴν

160 2461 531 2548 τηκομένην
566 2464 760 2548 χιόνα
795 2465 962 2528 κατὰ
996 2464 1120 2547 τὴν
1154 2465 1548 2546 Αἰθιοπίαν,
1588 2455 1641 2552 ᾧ
1677 2462 1790 2530 καὶ
1827 2461 1864 2530 ὁ
1900 2485 2092 2550 ποιη-

75 2605 132 2645 20
159 2569 279 2651 τὴς
313 2569 684 2655 Εὐριπίδης
729 2571 1034 2655 μαθητὴς
1079 2570 1176 2636 ὢν
1210 2570 1669 2655 ἠκολούθηκε·’
1705 2569 1881 2654 λέγει
1917 2581 2090 2655 γοῦν

339 2676 594 2741 Νείλου
638 2676 852 2741 λιπὼν
897 2676 1252 2742 κάλλιστον
1298 2675 1371 2741 ἐκ
1415 2679 1609 2760 γαίας
1653 2676 1874 2764 ὕδωρ,

339 2780 413 2857 ὃς
458 2781 529 2847 ἐκ
574 2784 1057 2868 μελαμβρότοιο
1103 2786 1473 2868 πληροῦται
1519 2783 1681 2868 ῥοὰς

338 2889 746 2966 Αἰθιοπίδος
792 2897 942 2973 γῆς,
987 2882 1163 2971 ἡνίκ’
1218 2887 1304 2953 ἂν
1349 2896 1514 2975 τακῇ
1560 2890 1741 2973 χιών.

156 2991 268 3058 καὶ
321 2994 572 3076 ταύτην
632 2990 706 3059 δὲ
761 2995 886 3078 τὴν
942 2993 1281 3079 ἀπόφασιν
1338 2995 1420 3060 οὐ
1477 3000 1726 3080 πολλῆς
1780 2996 2089 3083 ἀντιρρή-
2126 3020 2161 3069 5

74 3134 129 3175 25
159 3114 326 3176 σεως
373 3100 642 3165 δεῖσθαι
688 3099 1092 3185 συμβέβηκε,
1150 3109 1454 3187 φανεροῦ
1498 3110 1703 3167 πᾶσιν
1749 3104 1942 3179 ὄντος
1987 3102 2089 3166 ὅτι

159 3205 272 3269 διὰ
316 3204 441 3288 τὴν
486 3204 866 3291 ὑπερβολὴν
911 3216 1045 3272 τῶν
1090 3207 1450 3291 καυμάτων
1506 3207 1841 3273 ἀδύνατον
1894 3208 2088 3291 χιόνα

157 3314 425 3377 πίπτειν
487 3308 639 3396 περὶ
699 3313 823 3395 τὴν
887 3313 1286 3378 Αἰθιοπίαν·
1360 3314 1663 3378 καθόλου
1733 3314 1861 3397 γὰρ
1933 3307 2084 3394 περὶ
2124 3334 2157 3382 6

154 3421 317 3495 τοὺς
361 3419 607 3494 τόπους
651 3418 930 3495 τούτους
987 3418 1140 3483 οὔτε
1194 3418 1406 3501 πάγος
1460 3418 1614 3483 οὔτε
1668 3425 1879 3500 ψῦχος
1925 3406 2083 3476 οὔθ’

301 3576 338 3628 4
393 3569 621 3647 ἐπειδὴ]
679 3569 805 3630 ἐπεὶ
841 3574 882 3631 0
1067 3580 1133 3629 17
1186 3571 1379 3629 αἰτίαν
1434 3567 1634 3641 ἑτέραν
1686 3568 1839 3638 vulg.
2020 3572 2087 3619 21

153 3645 326 3715 γαίης
364 3644 462 3700 OD
606 3651 674 3701 25
712 3647 1093 3716 προσδεῖσθαι
1128 3644 1199 3699 ΙΙ.

268 3743 526 3786 Dtononus
553 3744 593 3785 Ι.
1738 3727 1770 3773 5
