2569 4061
1042 294 1097 349 11
1133 299 1221 351 50.
1251 300 1336 351 ει.
1858 317 1865 322 -
2016 298 2143 363 251

220 457 336 524 καὶ
386 460 463 524 τὸ
518 469 748 545 χρῶμα
799 469 942 535 τοῖς
997 468 1133 522 τῶν
1178 460 1511 540 καμήλων.
1601 461 2150 548 μακροτράχηλον
2187 478 2220 526 4

223 563 288 631 δ’
340 565 643 651 ὑπάρχον
708 564 954 650 ῥύγχος
1018 566 1150 649 ἔχει
1207 566 1424 649 βραχὺ
1486 572 1823 644 παντελῶς
1886 564 2000 634 καὶ
2054 568 2151 643 εἰς

219 670 344 749 ὀξὺ
409 671 849 756 συνηγμένον.
943 669 1302 757 ἐπτέρωται
1366 666 1441 734 δὲ
1504 682 1773 755 ταρσοῖς
1832 679 2150 755 μαλακοῖς

224 774 392 858 [καὶ]
439 776 960 863 τετριχωμένοις,
1005 774 1117 842 καὶ
1164 774 1323 841 δυσὶ
1372 774 1635 841 σκέλεσι
1681 778 2150 860 στηριζόμενον

164 905 192 948 5
219 882 336 950 καὶ
362 881 523 950 ποσὶ
550 885 849 968 διχήλοις
875 894 1189 969 χερσαῖον
1224 882 1361 966 ἅμα
1398 885 1708 968 φαίνεται
1742 881 1856 948 καὶ
1881 888 2152 967 πτηνόν.

220 992 338 1056 διὰ
384 987 458 1055 δὲ
503 992 579 1055 τὸ
626 990 834 1076 βάρος
871 990 954 1054 οὐ
1001 989 1384 1073 δυνάμενον
1419 987 1647 1075 ἐξᾶραι
1681 987 1794 1055 καὶ
1828 988 2151 1055 πέτεσθαι
2187 1007 2220 1057 5

218 1099 389 1163 κατὰ
433 1104 551 1180 τῆς
585 1104 708 1179 γῆς
745 1094 964 1172 ὠκέως
1000 1095 1375 1181 ἀκροβατεῖ,
1417 1093 1531 1162 καὶ
1568 1096 1985 1181 διωκόμενον
2020 1096 2153 1161 ὑπὸ

216 1214 357 1268 τῶν
414 1202 669 1269 ἱππέων
721 1214 863 1279 τοῖς
923 1199 1081 1267 ποσὶ
1144 1204 1304 1279 τοὺς
1357 1202 1849 1280 ὑποπίπτοντας
1912 1205 2155 1280 λίθους

222 1309 438 1387 οὕτως
493 1310 782 1387 εὐτόνως
837 1309 1316 1395 ἀποσφενδονᾷ
1368 1311 1535 1395 πρὸς
1585 1313 1745 1388 τοὺς
1789 1311 2156 1388 διώκοντας

137 1439 192 1479 10
221 1417 393 1481 ὥστε
420 1415 738 1491 πολλάκις
762 1425 1109 1500 καρτεραῖς
1135 1418 1418 1496 πληγαῖς
1449 1416 1693 1493 αὐτοὺς
1719 1418 2151 1500 περιπίπτειν.

222 1523 498 1588 ἐπειδὰν
536 1517 611 1587 δὲ
646 1521 1216 1605 περικατάληπτον
1253 1511 1318 1605 ᾖ,
1363 1520 1488 1603 τὴν
1532 1522 1832 1605 κεφαλὴν
1868 1528 1964 1599 εἴς
1999 1547 2151 1590 τινα
2186 1541 2220 1589 6

221 1629 497 1711 θάμνον
542 1625 584 1709 ἢ
630 1626 948 1709 τοιαύτην
993 1624 1244 1710 σκέπην
1291 1625 1808 1711 ἀποκρύπτεται,
1865 1628 2017 1711 οὐχ,
2065 1631 2155 1707 ὡς

225 1734 494 1799 οἴονταί
530 1754 736 1815 τινες,
797 1731 1152 1819 ἀφροσύνῃ
1198 1729 1311 1797 καὶ
1355 1734 1738 1818 νωθρότητι
1780 1742 1997 1817 ψυχῆς
2043 1736 2155 1798 διὰ

223 1840 303 1904 τὸ
358 1839 448 1923 μὴ
503 1837 773 1921 βλέπειν
828 1837 1094 1926 ἑτέρους
1149 1833 1306 1923 μηδ’
1367 1839 1530 1904 αὐτὸ
1590 1837 1959 1923 βλέπεσθαι
2014 1839 2155 1904 δια-

137 1966 192 2007 15
225 1946 575 2029 λαμβάνον
629 1945 745 2033 ὑφ’
802 1944 1077 2032 ἑτέρων,
1144 1945 1313 2012 ἀλλὰ
1374 1947 1487 2011 διὰ
1543 1947 1619 2012 τὸ
1674 1954 1796 2011 τοῦ
1854 1946 2158 2029 σώματος

221 2056 400 2139 ἔχειν
453 2062 652 2119 τοῦτο
715 2055 791 2118 τὸ
848 2052 1049 2140 μέρος
1111 2053 1605 2120 ἀσθενέστατον
1660 2051 1910 2137 σκέπην
1976 2051 2154 2139 αὑτῷ

220 2160 391 2244 πρὸς
445 2161 779 2245 σωτηρίαν
835 2171 1191 2245 περιποιεῖ·
1248 2159 1474 2243 ἀγαθὴ
1529 2161 1659 2246 γὰρ
1712 2159 1755 2242 ἡ
1802 2160 2007 2243 φύσις
2052 2159 2151 2223 δι-
2189 2174 2240 2224 ‘1‘

118 2289 220 2339 163
248 2267 578 2343 δάσκαλος
650 2265 857 2331 ἅπασι
916 2276 1059 2343 τοῖς
1123 2261 1313 2354 ζῴοις
1374 2266 1541 2352 πρὸς
1612 2266 2008 2350 διατήρησιν
2074 2264 2157 2330 οὐ

227 2377 441 2458 μόνον
487 2370 765 2456 ἑαυτῶν,
813 2373 980 2438 ἀλλὰ
1022 2370 1135 2437 καὶ
1179 2383 1318 2438 τῶν
1361 2370 1832 2456 γεννωμένων,
1882 2373 1993 2437 διὰ
2038 2379 2157 2455 τῆς

142 2498 197 2538 20
227 2487 596 2562 συγγενοῦς
633 2481 990 2563 φιλοζωίας
1015 2480 1133 2556 τὰς
1170 2479 1488 2563 διαδοχὰς
1522 2479 1618 2555 εἰς
1645 2477 1872 2543 ἀΐδιον
1896 2479 2155 2561 ἄγουσα

229 2587 551 2670 διαμονῆς
594 2586 859 2651 κύκλον.
955 2586 1030 2650 αἰ
1072 2582 1146 2651 δὲ
1189 2585 1596 2670 καλούμεναι
1644 2585 2150 2671 καμηλοπαρδά-
2171 2581 2255 2647 51

226 2697 363 2769 λεις
407 2694 530 2775 τὴν
579 2687 757 2775 [μὲν]
814 2691 997 2776 μίξιν
1050 2690 1449 2778 ἀμφοτέρων
1495 2694 1724 2776 ἔχουσι
1773 2702 1910 2756 τῶν
1954 2691 2029 2757 έν
2072 2701 2153 2777 τῇ

223 2801 644 2884 προσηγορίᾳ
714 2795 1282 2884 περιειλημμένων
1358 2794 1557 2888 ζῴων.
1662 2806 1754 2887 τῷ
1827 2794 1951 2882 μὲν
2021 2800 2151 2882 γὰρ

224 2902 497 2987 μεγέθει
551 2907 936 2990 μικρότεραι
988 2914 1124 2968 τῶν
1180 2906 1497 2987 καμήλων
1550 2902 1681 2969 εἰσὶ
1744 2902 1857 2968 καὶ
1909 2907 2157 2990 βραχυ-

147 3027 198 3068 25
224 3011 721 3096 τραχηλότεραι,
760 3011 884 3094 τὴν
914 3005 989 3074 δὲ
1024 3010 1327 3092 κεφαλὴν
1361 3008 1473 3075 καὶ
1508 3011 1633 3093 τὴν
1669 3021 1805 3075 τῶν
1842 3009 2155 3093 ὀμμάτων

229 3118 540 3200 διάθεσιν
594 3116 918 3202 παρδάλει
970 3127 1417 3201 παρεμφερεῖς
1472 3116 2023 3181 διατετύπωνται·
2079 3115 2155 3178 τὸ

224 3339 288 3416 ἢ]
325 3276 707 3401 „352203’50013
743 3273 956 3398 fffl„
983 3271 1910 3413 235202343131315535232‘0052
1944 3269 2155 3422 {9151}

226 3422 296 3470 20
343 3413 644 3487 διαδοχὰς]
690 3411 971 3485 διαμονάς
1015 3414 1110 3468 DF
1293 3420 1361 3467 21
1421 3411 1723 3483 διαμονῆς]
1781 3411 2055 3478 διαδοχης
2113 3409 2155 3462 C

225 3483 686 3557 καμηλοπάρδεις
721 3485 769 3540 D
898 3490 967 3539 22
1006 3482 1112 3555 μὲν
1149 3484 1257 3538 del.
1298 3483 1462 3537 Dind.
1592 3487 1661 3535 26
1698 3483 2065 3549 παρεμφερεῖ
2098 3477 2156 3544 Ο,

225 3558 592 3628 προσεμφερῆ
632 3557 701 3625 D,
738 3572 875 3611 corr.
915 3553 1190 3611 Hertlein.
