2569 4061
830 1064 1163 1134 ΒΙΒΛὈΣ
1208 1066 1638 1133 ΤΕΤΑΡΤΗ.

457 1338 597 1403 Οὐκ
642 1337 863 1420 ἀγνοῶ
911 1333 1033 1421 μὲν
1079 1336 1181 1400 ὅτι
1224 1346 1366 1412 τοῖς
1410 1336 1526 1412 τάς
1569 1335 1849 1410 παλαιὰς
1902 1338 2196 1418 μυθολο-
2230 1338 2264 1400 1

272 1448 422 1528 γίας
488 1441 1038 1528 συνταττομένοις
1102 1444 1454 1527 συμβαίνει
1515 1442 1681 1507 κατὰ
1742 1443 1865 1525 τὴν
1929 1442 2200 1527 γραφὴν

276 1551 350 1616 ἐν
395 1554 667 1626 πολλοῖς
714 1549 1170 1614 ἐλαττοῦσθαι.
1243 1548 1284 1632 ἡ
1324 1544 1447 1632 μὲν
1481 1548 1608 1633 γάρ
1645 1558 1780 1612 τῶν
1818 1547 2200 1633 ἀναγραφο-

223 1673 249 1713 5
278 1654 499 1741 μένων
554 1655 907 1741 ἀρχαιότης
954 1654 1354 1739 δυσεύρετος
1400 1647 1570 1718 οὖσα
1613 1653 1868 1735 πολλὴν
1915 1652 2200 1735 ἀπορίαν

277 1760 804 1850 παρέχεταιΚτοῖς
848 1761 1253 1848 γράφουσιν,
1299 1760 1340 1844 ἡ
1389 1757 1464 1826 δὲ
1507 1769 1643 1825 τῶν
1686 1762 1950 1846 χρόνων
1996 1759 2201 1842 ἀπαγ-

277 1870 464 1951 γελιά
521 1869 640 1933 τὸν
701 1866 1175 1954 ἀκριβέστατον
1233 1869 1506 1951 ἔλεγχον
1560 1866 1643 1932 οὐ
1702 1863 2200 1953 προσδεχομένη

277 1986 726 2061 καταφρονεῖν
782 1985 967 2041 ποιεῖ
1005 1984 1121 2059 τῆς
1169 1975 1465 2061 ἱστορίας
1508 1975 1666 2052 τοὺς
1713 1972 2203 2057 ἀναγινώσκον-
2247 1992 2254 1999 ·

278 2101 417 2159 τας·
464 2084 631 2168 πρὸς
677 2079 752 2147 δὲ
797 2083 1060 2158 τούτοις
1105 2081 1146 2165 ἡ
1183 2084 1477 2146 ποικιλία
1513 2078 1625 2146 καὶ
1659 2082 1734 2145 τὸ
1771 2085 2035 2163 πλῆθος
2069 2089 2205 2144 τῶν

200 2205 252 2244 10
278 2186 907 2273 γενεαλογουμένων
961 2188 1204 2274 ἡρώων
1257 2210 1328 2252 τε
1380 2185 1491 2252 καὶ
1546 2184 1848 2271 ἡμιθέων
1901 2183 2014 2250 καὶ
2070 2196 2205 2251 τῶν

281 2298 500 2361 ἄλλων
538 2277 807 2381 ἀνδρῶν
854 2292 1259 2390 δυσέφικτον
1305 2295 1436 2377 ἔχει
1481 2294 1605 2376 τὴν
1652 2288 2084 2376 ἀπαγγελίαν·
2129 2294 2203 2358 τὸ

284 2398 357 2466 δὲ
402 2400 713 2485 μέγιστον
758 2398 869 2465 καὶ
914 2400 1185 2465 πάντων
1223 2399 1669 2482 ἀτοπώτατον,
1716 2398 1819 2464 ὅτι
1856 2402 2209 2483 συμβαίνει

283 2510 439 2583 τοὺς
490 2507 1048 2593 ’ἀναγεγραφότας
1118 2507 1235 2583 τὰς
1307 2506 1739 2592 ἀρχαιοτάτας
1809 2505 2076 2592 πράξεις
2138 2529 2207 2571 τε

283 2611 395 2677 καὶ
450 2616 863 2698 μυθολογίας
918 2612 1370 2698 ἀσυμφώνους
1424 2607 1598 2677 εἶναι
1652 2613 1818 2697 πρὸς
1863 2612 2208 2696 ἀλλήλους.

202 2733 253 2774 15
283 2721 514 2805 διόπερ
551 2731 686 2784 τῶν
723 2718 1294 2804 μεταγενεστέρων
1341 2717 1877 2805 ἱστοριογράφων
1923 2719 1995 2783 οί
2032 2741 2208 2805 πρω-
2245 2741 2275 2789 2

281 2827 586 2903 τεύοντες
630 2835 709 2912 τῇ
757 2826 919 2911 δόξῃ
963 2834 1080 2909 τῆς
1124 2822 1247 2910 μὲν
1294 2825 1567 2912 ἀρχαίας
1604 2827 2018 2909 μυθολογίας
2055 2825 2208 2891 ἀπέ-

283 2950 534 3017 στησαν
564 2934 675 2998 διὰ
710 2934 832 3017 τὴν
870 2915 1283 3019 δυσχέρειαν,
1321 2933 1438 3008 τὰς
1475 2927 1549 2996 δὲ
1584 2930 1909 3018 νεωτέρας
1943 2931 2211 3017 πράξεις

283 3039 700 3126 ἀναγράφειν
754 3038 1201 3125 ἐπεχείρησαν.
1282 3037 1577 3125 ’Ἑφορος
1631 3035 1753 3122 μὲν
1808 3039 1931 3122 γὰρ
1989 3034 2025 3101 ὁ
2073 3040 2210 3100 Κυ-
2247 3058 2279 3106 3

283 3156 497 3230 μαϊος,
527 3143 947 3231 Ἰσοκράτους
984 3145 1079 3211 ὢν
1116 3146 1439 3229 μαθητής,
1475 3142 2018 3227 ὑποστησάμενος
2051 3141 2211 3223 γρά-

200 3267 254 3307 20
283 3274 440 3335 φειν
493 3252 610 3328 τὰς
663 3252 894 3327 κοινὰς
948 3250 1245 3337 πράξεις,
1310 3252 1427 3328 τὰς
1490 3247 1612 3335 μὲν
1665 3248 1944 3322 παλαιὰς
1998 3252 2211 3329 μυθο-

281 3361 512 3440 λογίας
549 3356 863 3444 ὑπερέβη,
901 3358 982 3422 τά
1020 3354 1081 3422 δ’
1121 3356 1250 3421 ἀπὸ
1288 3365 1404 3440 τῆς
1431 3342 1883 3441 εΗρακλειδῶν
1908 3354 2212 3417 καθόδου

471 3556 502 3602 2
553 3545 744 3619 ἀγνοῶ’
795 3547 927 3621 μὲν]
976 3545 1297 3619 ἀγνοοῦμεν
1349 3549 1455 3604 OF
1596 3553 1628 3602 9
1674 3542 1710 3615 ἡ
1757 3543 2036 3615 ποικιλία]
2083 3538 2210 3599 τινά

280 3623 573 3675 ποικιλίαν
608 3620 659 3673 D
810 3626 872 3675 18
912 3618 1018 3691 μὲν
1056 3617 1189 3692 γὰρ]
1229 3617 1338 3690 γὰρ
1381 3618 1439 3688 C,
1478 3615 1581 3688 μὲν
1620 3608 1725 3672 οὖν
1764 3615 1835 3669 F.
