2569 4061
391 199 473 264 16
1082 197 1387 254 DIODORI
1426 198 1664 255 SICULI

385 362 464 429 δέ
512 384 612 439 τις
656 360 767 426 καὶ
820 370 1023 426 τοῦτο
1076 365 1532 449 συγχωρήσαι,
1580 364 1655 428 τό
1701 385 1778 445 γε
1831 373 1966 428 τῶν
2024 364 2310 449 ἱστοριο-

383 471 667 557 γράφων
714 466 908 553 γένος
951 472 1291 545 παντελῶς
1336 471 1643 552 φαίνεται
1679 468 1919 535 νεωστὶ
1963 477 2056 557 τῷ
2103 472 2308 560 κοινῷ

313 599 345 647 3
383 578 508 665 βίςο
555 575 1064 661 συνεσταμένον.
1122 575 1274 661 περὶ
1323 572 1397 641 δὲ
1441 584 1559 659 τῆς
1592 584 1717 642 τοῦ
1758 574 1998 661 γένους
2044 576 2309 662 ἀρχαιό-

384 705 580 766 τητος
637 681 720 747 οὐ
766 684 977 767 μόνον
1025 681 1561 766 ἀμφισβητοῦσιν
1592 680 1939 766 Ἕλληνες,
1986 682 2154 748 ἀλλά
2197 682 2310 749 καὶ
2350 705 2414 754 13

383 785 620 856 πολλοὶ
664 799 800 855 τῶν
844 789 1231 873 βαρβάρων,
1280 787 1558 864 ἑαυτοὺς
1612 788 2028 872 αὐτόχθονας
2081 788 2310 872 λέγον-
2337 811 2363 850 5

383 919 491 973 τες
534 893 645 961 καὶ
701 896 1007 981 πρώτους
1054 904 1191 960 τῶν
1245 894 1557 961 ἁπάντων
1602 895 1986 980 ἀνθρώπων
2041 896 2310 982 εὑρετὰς

384 1001 704 1085 γενέσθαι
760 1012 894 1067 τῶν
940 1000 1015 1066 έν
1069 1010 1161 1090 τῷ
1209 1005 1335 1091 βίω
1382 1005 1753 1088 χρησίμων,
1798 1001 1910 1068 καὶ
1953 1004 2070 1079 τὰς
2121 1025 2310 1085 γενο-

387 1108 588 1192 μένας
655 1105 810 1194 παρ’
884 1107 1111 1184 αὐτοῖς
1176 1107 1444 1194 πράξεις
1516 1109 1588 1175 ἐκ
1650 1110 1977 1174 πλείστων
2048 1111 2309 1195 χρόνων

315 1240 350 1286 4
388 1213 779 1298 ἀναγραφῆς
833 1214 1177 1297 ἠξιῶσθαι.
1268 1214 1456 1299 ἡμεῖς
1502 1213 1577 1281 δὲ
1630 1214 1783 1301 περὶ
1828 1212 1950 1300 μὲν
2004 1224 2120 1300 τῆς
2165 1213 2310 1281 ἑκά-

387 1338 564 1385 στων
620 1324 1058 1405 παλαιότητος
1111 1318 1417 1409 τάκριβὲς
1469 1320 1582 1387 καὶ
1625 1325 1831 1388 τίνων
1880 1332 2191 1408 προτερεῖ
2229 1323 2311 1387 τά
2339 1343 2391 1383 ιο

385 1428 556 1509 ἔθνη
601 1437 737 1493 τῶν
772 1429 988 1494 ἄλλων
1032 1439 1172 1509 τοῖς
1206 1431 1475 1515 χρόνοις
1510 1428 1623 1495 καὶ
1658 1432 1891 1506 πόσοις
1937 1431 2150 1495 ἔτεσιν
2188 1429 2312 1494 οὐκ

388 1532 473 1599 ἂν
540 1537 1038 1621 διορισαίμεθα,
1112 1537 1194 1601 τά
1259 1520 1334 1602 δὲ
1397 1539 1720 1622 λεγόμενα
1789 1533 1943 1622 παρ’
2014 1534 2312 1613 ἑκάστοις

387 1640 539 1728 περὶ
583 1651 700 1726 τῆς
744 1642 1174 1728 ἀρχαιότητος
1216 1641 1328 1708 καὶ
1373 1655 1509 1709 τῶν
1552 1650 1855 1710 παλαιῶν
1896 1642 2202 1728 πράξεων
2237 1642 2311 1707 ἐν

385 1752 775 1832 κεφαλαίοις
821 1748 1328 1833 ἀναγράψομεν,
1377 1752 1843 1832 στοχαζόμενοι
1896 1757 2013 1831 τῆς
2067 1768 2310 1831 συμμε-

321 1878 351 1925 5
389 1857 591 1940 τρίας.
682 1852 834 1936 περὶ
898 1855 1179 1939 πρώτων
1241 1849 1316 1918 δὲ
1378 1864 1514 1919 τῶν
1576 1855 1937 1939 βαρβάρων
2003 1851 2308 1937 διέξιμεν,
2340 1872 2391 1912 15

389 1959 514 2026 οὐκ
561 1958 1033 2048 ἀρχαιοτέρους
1078 1960 1324 2039 αὐτοὺς
1371 1959 1735 2046 ἡγούμενοι
1778 1971 1914 2025 τῶν
1949 1956 2309 2045 Ἑλλήνων,

386 2067 692 2154 καθάπερ
709 2066 1005 2155 Ἔφορος
1049 2074 1336 2156 εἴρηκεν,
1384 2067 1551 2134 ἀλλὰ
1593 2070 2027 2154 προδιελθεῖν
2071 2071 2311 2153 βουλό-

390 2198 580 2259 μενοι
633 2178 714 2240 τὰ
769 2181 1043 2242 πλεῖστα
1097 2186 1232 2241 τῶν
1286 2173 1438 2262 περὶ
1484 2175 1726 2253 αὐτούς
1735 2225 1755 2260 ,
1804 2175 1981 2251 ὅπως
2036 2173 2311 2260 ἀρξάμε-

388 2304 497 2345 νοι
544 2291 680 2347 τῶν
716 2283 895 2367 παρὰ
939 2292 1080 2358 τοῖς
1099 2279 1417 2366 Ἕλλησιν
1455 2279 1947 2368 ἱστορουμένων
1984 2283 2311 2367 μηδεμίαν

385 2385 460 2450 ἐν
513 2396 656 2463 ταῖς
720 2386 1212 2472 ἀρχαιολογίαις
1274 2385 1620 2481 ἑτερογενῆ
1674 2386 1915 2474 πρᾶξιν
1977 2390 2312 2475 παρεμβά-
2340 2405 2393 2445 20

318 2518 349 2564 6
388 2496 624 2576 λωμεν.
712 2490 854 2557 ἐπεὶ
900 2488 973 2557 δὲ
1017 2494 1183 2557 κατὰ
1226 2494 1351 2578 τὴν
1398 2499 1744 2577 Αἴγυπτον
1785 2501 1972 2561 θεῶν
2016 2518 2087 2560 τε
2130 2493 2312 2579 γενέ-

387 2617 524 2675 σεις
588 2596 875 2684 ὑπάρξαι
939 2604 1519 2684 μυθολογοῦνται,
1586 2602 1661 2666 αἵ
1706 2624 1786 2668 .τε
1850 2613 1986 2668 τῶν
2048 2605 2312 2689 ἄστρων

385 2704 814 2790 ἀρχαιόταται
859 2710 1347 2793 παρατηρήσεις
1391 2707 1721 2794 εὑρῆσθαι
1767 2707 2101 2793 λέγονται,
2148 2711 2314 2795 πρὸς

373 2808 461 2877 -δὲ
516 2812 780 2891 τούτοις
834 2811 1101 2898 πράξεις
1156 2813 1492 2899 ἀξιόλογοι
1545 2813 1658 2881 καὶ
1710 2814 1951 2882 πολλαὶ
2008 2817 2313 2900 μεγάλων

386 2918 659 3006 ἀνδρῶν
708 2919 1133 3006 ἱστοροῦνται
1143 2968 1163 3005 ,
1209 2925 1629 3007 ποιησόμεθα
1682 2933 1799 3008 τῆς
1846 2923 2138 3005 ἱστορίας
2189 2923 2313 3006 τὴν
2342 2938 2395 2978 25

389 3026 607 3114 ἀρχὴν
647 3027 758 3092 διά
803 3037 937 3092 τῶν
981 3025 1123 3094 κατ’
1175 3034 1519 3113 Αἴγυπτον
1562 3027 2015 3115 πραχθέντων.

285 3137 369 3202 10
575 3131 751 3200 Φασὶ
791 3136 1026 3201 τοίνυν
1062 3136 1422 3219 Αἰγύπτιοι
1466 3138 1630 3201 κατὰ
1665 3139 1788 3220 τὴν
1834 3135 1900 3217 ἐξ
1938 3136 2143 3223 ἀρχῆς
2177 3147 2312 3202 τῶν

387 3240 566 3306 ὅλων
619 3240 886 3325 γένεσιν
944 3242 1249 3327 πρώτους
1305 3242 1707 3328 ἀνθρώπους
1767 3241 2088 3326 γενέσθαι
2150 3246 2315 3310 κατὰ

386 3347 511 3428 τὴν
551 3353 899 3431 Αἴγυπτον
946 3349 1058 3413 διά
1098 3371 1169 3415 τε
1213 3349 1338 3433 τὴν
1384 3348 1745 3435 εὐκρασίαν
1789 3359 1906 3434 τῆς
1949 3351 2168 3437 χώρας
2203 3348 2315 3417 καὶ

391 3450 504 3512 διὰ
556 3453 680 3534 τὴν
736 3457 945 3540 φύσιν
999 3465 1120 3522 τοῦ
1176 3457 1450 3523 Νείλου.
1540 3463 1783 3522 τοῦτον
1835 3459 1963 3544 γὰρ
2027 3458 2317 3542 πολύγο-
2343 3474 2398 3514 80
