2569 4061
332 194 458 260 136
995 192 1304 249 DIODORI
1343 192 1571 249 SICULI

328 361 580 442 λη’φασι
615 357 735 420 τὸν
771 352 1021 441 πατέρα
1056 357 1267 439 μόνον
1307 361 1522 420 αἴτιον
1561 351 1733 419 εἶναι
1771 364 1885 439 τῆς
1911 354 2252 439 γενέσεως,

327 465 449 546 τὴν
506 457 579 526 δὲ
625 458 871 545 μητέρα
918 462 1177 546 τροφὴν
1233 459 1343 525 καὶ
1388 462 1613 547 χώραν
1664 465 1929 545 [μόνον]
1985 461 2252 548 παρέχε-

330 574 495 633 σθαι
542 576 631 655 τῷ
679 564 944 652 βρέφει,
992 565 1103 631 καὶ
1147 577 1282 631 τῶν
1331 565 1632 652 δένδρων
1678 569 1925 653 ἄρρενα
1972 564 2095 651 μὲν
2140 593 2255 633 κα-

329 678 524 739 λοῦσι
569 674 648 738 τὰ
684 675 1101 759 καρποφόρα,
1147 675 1363 755 θήλεα
1402 669 1476 737 δὲ
1516 673 1597 736 τὰ
1634 674 1722 757 μὴ
1772 672 2063 758 φέροντα
2100 678 2257 750 τοὺς

257 801 290 848 5
328 780 650 866 καρπούς,
719 779 1034 855 ἐναντίως
1096 789 1237 858 τοῖς
1287 776 1577 861 Ἕλλησι.
1670 778 1992 866 τρέφουσι
2049 776 2122 845 δὲ
2176 781 2256 845 τὰ
2282 798 2311 837 5

328 887 561 950 παιδιά
604 886 764 970 μετά
800 909 982 961 τινος
1019 885 1354 970 εὐχερείας
1392 885 1739 951 ἀδαπάνου
1775 886 1886 952 καὶ
1921 891 2256 962 παντελῶς

329 990 634 1056 ἀπίστου·
694 988 993 1073 ἑψήματα
1037 991 1164 1075 γὰρ
1222 990 1451 1067 αὐτοῖς
1495 1000 1902 1077 χορηγοῦσιν
1959 994 2029 1056 ἔκ
2073 1013 2254 1067 τινος

330 1097 658 1173 εὐτελείας
706 1094 967 1179 ἑτοίμης
1003 1097 1345 1180 γινόμενα,
1392 1094 1505 1161 καὶ
1540 1108 1675 1162 τῶν
1722 1096 1794 1162 ἐκ
1839 1107 1953 1181 τῆς
1999 1098 2255 1180 βύβλου

328 1200 696 1284 πυθμένων
723 1203 880 1277 τοὺς
918 1201 1336 1286 δυναμένους
1373 1206 1467 1280 εἰς
1501 1204 1576 1268 τὸ
1614 1211 1747 1289 πῦρ
1788 1203 2255 1289 ἐγκρύβεσθαι,

328 1305 438 1373 καὶ
484 1318 618 1372 τῶν
665 1307 863 1392 ῥιζῶν
909 1306 1020 1373 καὶ
1065 1319 1200 1374 τῶν
1246 1313 1514 1374 καυλῶν
1558 1320 1695 1374 τῶν
1742 1307 1972 1375 ἑλείων
2016 1310 2097 1374 τὰ
2135 1306 2257 1393 μὲν
2286 1327 2340 1365 10

259 1438 292 1486 6
335 1414 500 1497 ὠμά,
545 1415 626 1477 τὰ
672 1411 734 1479 δ’
779 1412 1072 1497 ἕψοντες,
1120 1416 1200 1480 τὰ
1251 1409 1313 1480 δ’
1358 1416 1705 1498 ὀπτῶντες,
1755 1417 2077 1482 διδόασιν.
2144 1415 2257 1480 ἀν-

331 1520 688 1602 υποδήτων
727 1516 800 1585 δὲ
838 1518 951 1585 καὶ
986 1531 1263 1605 γυμνῶν
1301 1532 1436 1587 τῶν
1473 1526 1801 1587 πλείστων
1829 1520 2257 1608 τρεφομένων

333 1626 445 1691 διὰ
491 1627 614 1710 τὴν
656 1627 1016 1712 εὐκρασίαν
1061 1638 1197 1693 τῶν
1232 1630 1478 1710 τόπων,
1527 1628 1648 1711 τὴν
1684 1637 1906 1693 πᾶσαν
1952 1630 2267 1712 δαπάνην

332 1733 404 1798 οἰ
445 1744 694 1816 γονεῖς,
743 1735 894 1820 ἄχρι
941 1732 1026 1798 ἂν
1073 1734 1168 1810 εἰς
1211 1733 1476 1817 ἡλικίαν
1524 1735 1691 1819 ἔλθῃ
1739 1735 1814 1799 τὸ
1860 1731 2125 1815 τέκνον,
2174 1734 2256 1797 οὐ

331 1841 535 1904 πλείω
564 1848 834 1905 ποιοῦσι
872 1841 1185 1925 δραχμῶν
1212 1845 1441 1905 εἴκοσι.
1500 1835 1589 1904 δι’
1626 1839 1702 1917 ἃς
1739 1841 1948 1915 αἰτίας
1975 1840 2256 1922 μάλιστα
2285 1854 2338 1894 15

330 1947 452 2028 τὴν
487 1950 834 2027 Αἴγυπτον
890 1948 1241 2029 συμβαίνει
1295 1949 1828 2034 πολυανθρωπίᾳ
1889 1944 2256 2030 διαφέρειν,

330 2050 441 2118 καὶ
489 2053 601 2117 διὰ
641 2062 839 2118 τοῦτο
886 2055 1195 2130 πλείστας
1232 2055 1408 2138 ἔχειν
1454 2055 1759 2138 μεγάλων
1805 2056 2018 2139 ἔργων
2061 2076 2257 2118 κατα-

334 2161 586 2237 σκευάς.
1564 2231 1582 2249 ⁶

226 2267 308 2331 81
516 2268 931 2332 Παιδεύουσι
980 2263 1053 2330 δὲ
1098 2269 1258 2342 τοὺς
1304 2267 1495 2342 υἱοὺς
1534 2267 1604 2330 οἱ
1643 2262 1767 2350 μὲν
1814 2268 2010 2353 ἱερεῖς
2054 2268 2260 2352 γράμ-

333 2396 503 2457 ματα
561 2374 778 2456 διττά,
832 2374 913 2437 τά
968 2394 1035 2435 τε
1094 2371 1238 2456 ἱερὰ
1301 2371 1680 2454 καλούμενα
1733 2369 1845 2435 καὶ
1906 2374 1987 2437 τὰ
2041 2397 2261 2440 κοινο-
2290 2388 2343 2428 2⁰

334 2477 532 2563 τέραν
579 2480 814 2562 ἔχοντα
850 2479 974 2560 τὴν
1019 2462 1355 2560 μάθησινζ
1411 2479 1818 2561 γεωμετρίαν
1864 2473 1939 2540 δὲ
1983 2476 2093 2542 καὶ
2138 2482 2261 2562 τὴν

264 2605 296 2653 2
336 2584 787 2669 ἀριθμητικὴν
834 2581 939 2646 ἐπὶ
983 2579 1188 2646 πλέον
1235 2580 1652 2645 ἐκπονοῦσιν.
1728 2580 1763 2644 ὁ
1800 2577 1922 2664 μὲν
1967 2584 2095 2667 γὰρ
2142 2604 2259 2648 πο-

336 2690 540 2772 ταμὸς
592 2682 736 2753 κατ’
790 2688 1096 2752 ἐνιαυτὸν
1151 2688 1464 2762 ποικίλως
1509 2689 2084 2770 μετασχηματίζων
2137 2689 2259 2770 τὴν

334 2795 557 2879 χώραν
622 2794 871 2869 πολλὰς
940 2790 1053 2857 καὶ
1113 2794 1431 2869 παντοίας
1495 2791 2017 2876 ἀμφισβητήσεις
2083 2804 2265 2858 ποιεῖ

335 2898 488 2986 περὶ
533 2911 665 2967 τῶν
704 2900 880 2986 ὅρων
918 2910 1057 2976 τοῖς
1092 2910 1450 2982 γειτνιῶσι,
1496 2898 1738 2976 ταύτας
1786 2891 1847 2963 δ’
1893 2898 1974 2963 οὐ
2022 2895 2260 2986 ῥᾴδιον
2288 2916 2344 2955 25

338 3008 626 3094 ἀκριβῶς
683 3006 1004 3090 ἐξελέγξαι
1060 3007 1148 3090 μὴ
1202 3003 1582 3090 γεωμέτρου
1635 3006 1760 3089 τὴν
1811 3005 2136 3087 ἀλήθειαν
2190 3004 2263 3071 ἐκ

265 3135 298 3183 3
337 3122 452 3198 τῆς
490 3113 827 3200 ἐμπειρίας
863 3112 1416 3196 μεθοδεύσαντος.
1478 3110 1517 3193 ἡ
1558 3105 1620 3175 δ’
1656 3110 2059 3197 ἀριθμητικὴ
2096 3114 2264 3196 πρός

336 3243 405 3285 τε
454 3223 568 3297 τὰς
611 3222 777 3285 κατὰ
820 3221 939 3284 τὸν
975 3220 1128 3303 βίον
1174 3218 1564 3301 οἰκονομίας
1610 3218 1837 3295 αὐτοῖς
1881 3219 2264 3305 χρησιμεύει

339 3446 405 3493 21
445 3382 536 3511 δῖ]
566 3374 741 3500 52:3ngae
782 3392 890 3431 om.
927 3374 980 3429 ΙΙ
1129 3382 1193 3431 12
1245 3375 1357 3431 τῶν
1396 3377 1668 3431 πλείστων
1706 3376 1804 3430 καὶ
1843 3376 2071 3447 γυμνῶν
2107 3375 2259 3445 vulg.
