2569 4061
397 203 484 270 92
1062 202 1371 261 monoffl
1406 201 1643 259 smum

398 377 638 450 πᾶσιν,
700 366 1195 451 ὑπολαμβάνων
1256 370 1415 444 τοὺς
1477 367 1759 450 μάλιστα
1823 364 2324 452 συντραφέντας

396 473 508 538 καὶ
579 481 694 557 τῆς
756 472 961 556 αὐτῆς
1022 475 1394 558 παρρησίας
1456 475 2018 556 κεκοινωνηκότας
2089 472 2325 538 εὐνου-

402 579 682 656 στάτους
708 577 819 644 καὶ
856 581 1358 661 συναγωνιστὰς
1384 578 1459 644 ἐν
1493 589 1635 655 τοῖς
1661 576 1978 664 πολέμοις
2013 578 2325 664 ἀρίστους

331 705 363 754 3
403 687 692 750 ἔσεσθαι.
783 686 998 750 πάντα
1056 682 1134 750 δὲ
1189 687 1486 764 δαψιλῶς
1539 688 1915 771 χορηγήσας
1971 687 2325 769 διεπόνησε

401 794 558 868 τοὺς
620 793 863 872 παῖδας
925 790 1001 857 ἐν
1062 794 1460 877 γυμνασίοις
1523 791 1830 877 συνεχέσι
1891 791 2006 861 καὶ,
2067 795 2325 868 πόνοις·
2353 808 2380 849 5

403 897 633 965 οὐδενὶ
679 899 806 985 γὰρ
844 897 1065 963 αὐτῶν
1110 898 1265 983 ἐξῆν
1308 898 1889 985 προσενέγκασθαι
1927 902 2222 985 τροφήν,
2266 899 2329 963 εἰ

402 1006 489 1090 μὴ
518 1006 845 1090 πρότερον
873 1004 1117 1088 δράμοι
1144 1006 1460 1083 σταδίους
1484 1004 1725 1074 ἑκατὸν
1758 1003 1872 1072 καὶ
1898 1005 2324 1089 ὀγδοήκοντα.

331 1131 365 1178 4
404 1111 511 1174 διὸ
556 1108 669 1175 καὶ
711 1109 952 1186 πάντες
1007 1109 1472 1195 ἀνδρωθέντες
1516 1112 1817 1196 ὑπῆρξαν
1871 1109 2160 1195 ἀθληταὶ
2205 1107 2327 1195 μὲν
2365 1133 2435 1183 63

403 1226 546 1292 τοῖς
581 1215 881 1299 σώμασιν
910 1216 1257 1302 εὔρωστοι,
1293 1216 1681 1302 ἡγεμονικοὶ
1708 1215 1783 1283 δὲ
1817 1215 1929 1283 καὶ
1955 1215 2329 1303 καρτερικοὶ

404 1330 548 1398 ταῖς
600 1332 845 1406 ψυχαῖς
903 1323 1016 1388 διὰ
1069 1325 1193 1408 τὴν
1255 1335 1392 1389 τῶν
1447 1324 1739 1411 ἀρίστων
1792 1323 2329 1408 ἐπιτηδευμάτων
2358 1350 2410 1390 10

335 1448 365 1496 5
406 1427 692 1512 ἀγωγήν.
755 1431 831 1494 τὸ
870 1426 992 1513 μὲν
1028 1424 1155 1495 οὖν
1188 1441 1458 1517 πρῶτον
1495 1431 1532 1497 ὁ
1561 1434 1902 1508 Σεσόωσις
1940 1428 2331 1507 ἀποσταλεὶς

405 1534 534 1599 ὑπὸ
591 1542 713 1599 τοῦ
766 1536 1015 1622 πατρὸς
1070 1537 1232 1620 μετὰ
1287 1537 1634 1620 δυνάμεως
1686 1538 1787 1613 εἰς
1832 1537 1956 1620 τὴν
1994 1532 2331 1622 Ἀραβίαν,

407 1640 1038 1727 συστρατευομένων
1080 1639 1193 1707 καὶ
1247 1652 1384 1706 τῶν
1428 1644 1863 1727 συντρόφων,
1906 1644 2066 1727 περί
2101 1663 2172 1706 τε
2218 1644 2332 1719 τὰς

406 1750 623 1833 θήρας
669 1748 1041 1831 διεπονήθη
1097 1746 1212 1813 καὶ
1257 1758 1409 1824 ταῖς
1455 1748 1806 1833 ἀνυδρίαις
1858 1747 1970 1814 καὶ
2015 1765 2332 1815 σπανοσι-

407 1854 577 1929 τίαις
648 1852 1130 1939 ἐγκαρτερήσας
1191 1853 1673 1939 κατεστρέψατο
1746 1856 1822 1920 τὸ
1887 1858 2089 1933 ἔθνος
2155 1856 2332 1920 ἅπαν
2360 1882 2417 1925 15

408 1962 483 2023 τὸ
538 1970 674 2026 τῶν
722 1954 1051 2046 Ἀράβων,
1105 1959 1495 2026 ἀδούλωτον
1549 1963 1668 2027 τὸν
1721 1962 1850 2049 πρὸ
1904 1970 2027 2028 τοῦ
2085 1964 2333 2048 χρόνον

344 2087 375 2135 6
413 2069 731 2151 γεγονός·’
772 2069 994 2134 ἔπειτα
1039 2070 1134 2145 είς
1175 2070 1336 2146 τοὺς
1379 2070 1547 2155 πρὸς
1590 2070 1715 2154 τὴν
1760 2067 2046 2156 ἑσπέραν
2088 2072 2333 2147 τόπους

411 2172 803 2252 ἀποσταλεὶς
836 2175 961 2258 τὴν
987 2178 1309 2260 πλείστην
1341 2184 1458 2258 τῆς
1483 2177 1744 2261 Λιβύης
1778 2177 2077 2261 ὑπήκοον
2113 2176 2335 2260 ἐποιή,

341 2300 370 2347 7
411 2298 597 2365 σατο,
631 2287 971 2357 παντελῶς
1004 2280 1155 2358 νέος
1192 2281 1288 2346 ὢν
1313 2283 1437 2364 τὴν
1470 2281 1754 2363 ἡλικίαν.
1816 2292 1940 2348 τοῦ
1979 2280 2052 2351 δὲ
2087 2283 2335 2368 πατρὸς

410 2389 922 2470 τελευτήσαντος
966 2385 1455 2468 διαδεξάμενος.
1479 2386 1603 2469 τὴν
1647 2391 1992 2470 βασιλείαν
2037 2388 2165 2454 καὶ·
2193 2399 2335 2466 ταῖς
2362 2420 2418 2461 20

411 2494 1131 2577 προκατεργασθείσαις
1155 2491 1432 2577 πράξεσι
1456 2497 1949 2579 μετεωρισθείς,
1982 2494 2334 2578 ἐπεβάλετο

342 2617 374 2668 8
410 2598 535 2681 τὴν
582 2596 984 2681 οἰκουμένην
1037 2599 1595 2680 κατακτήσασθαι.
1688 2601 1857 2665 ἔνιοι
1903 2597 1977 2666 δὲ
2022 2599 2339 2683 λέγουσιν

411 2703 619 2769 αὐτὸν
662 2702 795 2768 ὑπὸ
842 2711 957 2785 τῆς
1007 2704 1189 2781 ἰδίας
1231 2706 1573 2791 θυγατρὸς
1611 2703 1961 2790 Ἀθύρτιος
2004 2713 2338 2792 παρακλη-

410 2817 622 2894 θῆναι
665 2811 833 2895 πρὸς
883 2810 1008 2893 τὴν
1051 2821 1188 2875 τῶν
1243 2811 1424 2876 ὅλων
1470 2813 1899 2896 δυναστείαν,
1951 2812 2040 2896 ἣν
2096 2814 2167 2879 οἰ
2215 2811 2337 2899 μὲν

413 2915 678 2983 συνέσει
723 2919 896 2983 πολὺ
931 2927 1069 2983 τῶν
1113 2918 1337 2983 ἄλλων
1375 2917 1833 3004 διαφέρουσάν
1870 2937 2039 3003 φασι
2076 2922 2339 3001 διδάξαι
2367 2953 2423 2994 25

412 3026 532 3090 τὸν
586 3020 834 3106 πατέρα
899 3023 1148 3111 ῥᾳδίως
1205 3022 1342 3104 [ἂν]
1400 3022 1729 3108 ἐσομένην
1780 3026 1905 3108 τὴν
1968 3029 2338 3112 στρατείαν,

414 3132 485 3196 οἰ
543 3125 618 3196 δὲ
689 3139 969 3215 μαντικῇ
1031 3128 1382 3216 χρωμένην
1443 3128 1554 3195 καὶ
1615 3131 1692 3196 τὸ
1756 3129 2002 3216 μέλλον
2065 3134 2341 3199 ἔσεσθαι

557 3258 589 3307 2
627 3249 1086 3321 κοινωνήσαντας
1121 3251 1163 3305 O
1273 3256 1307 3306 5
1343 3251 1568 3323 πόνοις]
1604 3255 2027 3318 κακοπαθείαις
2063 3254 2150 3310 CF
2273 3261 2339 3310 10

414 3320 681 3396 ἀρίστων]
712 3319 957 3392 ἀγαθῶν
997 3323 1083 3378 CF
1169 3329 1237 3377 14
1273 3342 1335 3377 τε
1366 3340 1472 3379 om.
1503 3322 1545 3377 C
1632 3331 1698 3379 16
1730 3320 1972 3398 Ἀράβων
1999 3326 2338 3397 Wesseling,

417 3390 717 3466 βαρβάρων
754 3393 979 3451 codices
1068 3401 1134 3449 17
1171 3390 1275 3463 τὴν
1314 3410 1422 3450 om.
1452 3394 1538 3450 CF
1630 3401 1695 3452 18
1734 3392 2096 3470 ἀποσταλεὶς]
2136 3394 2345 3467 ἐκπεμὲ

417 3460 590 3525 ‹pasu-
626 3465 668 3518 Ο
813 3470 884 3521 24
918 3457 992 3533 ἣν
1032 3483 1138 3520 om.
1178 3464 1225 3518 D
1373 3472 1444 3521 26
1480 3460 1554 3520 ἂν
1591 3465 1700 3523 del.
1736 3467 1902 3524 Dind.
