2569 4061
1135 288 1215 344 IV
1255 295 1342 344 33.
2059 292 2195 357 449

230 475 337 534 ,τε
385 452 422 518 6
458 449 825 518 Ἱπποκόων
869 448 979 517 καὶ
1027 445 1166 536 μετ’
1219 451 1428 517 αὐτοῦ
1477 452 1637 518 δέκα
1680 449 1805 538 μὲν
1851 453 2009 536 υἱοί,
2057 464 2194 518 τῶν

267 552 330 623 δ’
383 559 606 623 ἄλλων
651 561 1092 644 Σπαρτιατῶν
1136 563 1572 642 παμπληθεῖς.
1656 558 1783 623 ἀπὸ
1833 556 1906 624 δὲ
1949 560 2193 645 ταύτης
2232 586 2261 634 7

264 674 381 748 τῆς
419 667 760 751 στρατείας
807 662 1099 729 ἐπανιὼν
1134 665 1229 742 εἰς
1264 667 1389 749 τὴν
1428 662 1803 750 Ἀρκαδίαν,
1848 665 1962 732 καὶ
1996 690 2192 733 κατα-

266 772 474 849 λύσας
527 773 706 857 παρὰ
751 770 963 859 ’Ἀλεφ
1009 778 1101 860 τῷ
1148 774 1440 854 βασιλεῖ,
1487 779 1567 856 τῇ
1614 770 1903 856 θυγατρὶ
1947 775 2190 839 τούτου

210 897 237 939 5
265 879 490 966 λάθρᾳ
533 877 749 963 μιγεὶς
793 879 988 963 Αὔγῃ
1033 875 1146 943 καὶ
1187 879 1440 960 ταύτην
1484 878 1766 961 ποιήσας
1810 879 2053 960 ἔγκυον
2097 882 2192 957 εἰς

265 986 683 1071 Στύμφαλον
737 984 1135 1068 ἐπανῆλθεν.
1212 982 1460 1061 ’Ἀλεως
1514 978 1577 1048 δ’
1631 982 1897 1066 ἀγνοῶν
1950 985 2025 1048 τὸ
2080 1005 2192 1051 πε·-
2229 1007 2262 1059 8

261 1090 670 1177 πραγμένον,
726 1091 818 1166 ὡς
873 1090 910 1156 6
965 1099 1080 1174 τῆς
1133 1092 1419 1174 γαστρὸς
1474 1091 1672 1174 ὄγκος
1727 1091 2012 1176 ἐμήνυσε
2065 1092 2191 1175 τὴν

263 1198 560 1283 φθοράν,
608 1197 815 1280 ἐζήτει
859 1197 980 1261 τὸν
1027 1200 1418 1283 φθείραντα.
1490 1206 1607 1282 τῆς
1653 1194 1716 1262 δ’
1751 1197 1984 1281 Αὔγης
2030 1195 2190 1262 ἀπο-

265 1301 677 1389 φαινομένης
714 1303 816 1367 ὅτι
852 1302 1154 1385 βιάσαιτο
1197 1303 1409 1387 αὐτὴν
1437 1301 1788 1390 Ἡρακλῆς,
1826 1303 2191 1389 ἀπιστήσας

182 1429 235 1470 10
260 1420 401 1486 τοῖς
455 1409 585 1474 ὑπὸ
648 1409 891 1493 ταύτης
945 1406 1331 1493 λεγομένοις
1383 1410 1635 1494 ταύτην
1680 1406 1802 1494 μὲν
1846 1409 2187 1498 παρέδωκε

265 1518 596 1602 Ναυπλίῳ
645 1518 819 1604 φίλω
864 1522 1257 1599 καθεστῶτι,
1302 1513 1413 1581 καὶ
1461 1515 1818 1602 προσέταξε
1862 1539 2186 1584 καταπον-

261 1624 457 1687 τίσαι.
531 1621 724 1706 Αὔγη
764 1619 826 1686 δ’
862 1619 1245 1706 ἀπαγομένη
1284 1622 1380 1698 εἰς
1416 1624 1798 1705 Ναυπλίαν,
1843 1621 1955 1688 καὶ
2000 1647 2189 1705 γενο-
2225 1645 2258 1694 9

153 1725 430 1813 279μένη
489 1729 655 1793 κατὰ
710 1729 786 1793 τὸ
844 1727 1242 1814 Παρθένιον
1300 1730 1485 1815 ὄρος,
1543 1727 1675 1793 ὑπὸ
1733 1739 1870 1793 τῶν
1923 1728 2190 1796 ὠδίνων

261 1833 811 1920 καταβαρουμένη
859 1839 1209 1919 παρῆλθεν
1254 1837 1350 1913 εἰς
1394 1835 1518 1918 τὴν
1561 1837 1848 1918 πλησίον
1890 1833 2062 1923 ὕλην
2099 1836 2189 1913 ὡς

184 1959 236 2000 15
268 1939 381 2006 ἐπί
399 1964 551 2006 τινα
577 1944 812 2026 χρείαν
839 1939 1232 2023 ἀναγκαίαν·
1268 1948 1553 2006 τεκοῦσα
1583 1935 1657 2004 δὲ
1683 1940 1954 2005 παιδίον
1983 1941 2188 2027 ἄρρεν

267 2047 536 2114 ἀπέλιπε
600 2049 676 2112 τὸ
740 2046 992 2135 βρέφος
1055 2054 1150 2126 εἴς
1222 2071 1411 2125 τινας
1483 2048 1790 2133 θάμνους
1857 2049 2184 2134 κρύψασα.

264 2154 425 2237 μετὰ
472 2150 545 2218 δὲ
588 2162 795 2219 ταῦτα
831 2154 1026 2239 Αὔγη
1073 2149 1197 2238 μὲν
1241 2153 1586 2238 ἀπηλλάγη
1632 2154 1800 2241 πρὸς
1842 2155 1962 2219 τὸν
1999 2156 2187 2221 Ναύ-

261 2266 482 2344 πλιον,
547 2259 659 2326 καὶ
715 2263 1181 2345 καταντήσασα
1237 2269 1357 2345 τῆς
1412 2257 1708 2346 Ἀργείας
1771 2262 1868 2337 εἰς
1927 2261 2049 2327 τὸν
2112 2259 2187 2327 ἐν

264 2369 583 2455 Ναυπλίᾳ
628 2367 863 2452 λιμένα
898 2367 1281 2455 παραδόξου
1320 2369 1647 2452 σωτηρίας
1682 2368 1938 2453 ἔτυχεν·
1985 2367 2022 2433 6
2056 2368 2185 2452 γὰρ
2224 2388 2292 2438 10

180 2491 234 2532 20
261 2474 611 2550 Ναύπλιος
655 2477 1131 2540 καταποντίσαι
1176 2471 1300 2558 μὲν
1354 2472 1565 2556 αὐτὴν
1617 2473 1782 2539 κατὰ
1833 2473 1952 2550 τὰς
2005 2470 2186 2540 ἐντο-

264 2580 384 2658 λάς
430 2579 553 2645 οὐκ
599 2582 839 2666 ἔκρινε,
888 2577 1101 2658 ξένοις
1148 2577 1228 2645 δέ
1265 2595 1402 2644 τισι
1438 2576 1703 2665 Καρσὶν
1748 2576 2187 2663 ἀναγομένοις

260 2689 356 2763 εἰς
399 2688 523 2770 τὴν
572 2681 801 2752 Ἀσίαν
847 2683 1326 2774 δωρήσασθαι(
1369 2679 1556 2751 οὗτοι
1614 2684 1684 2751 δ’
1735 2685 2187 2770 ἀπαγαγόντες

259 2794 354 2870 εἰς
397 2794 523 2878 τὴν
553 2788 781 2859 Ἀσίαν
828 2791 1152 2859 ἀπέδοντο
1195 2794 1322 2878 τὴν
1358 2792 1599 2877 Αὔγην
1644 2800 1735 2881 τῷ
1772 2797 2037 2876 βασιλεῖ
2070 2802 2187 2877 τῆς

264 2902 536 2976 Μυσίας
586 2900 979 2986 Τεύθραντι.
1054 2900 1129 2964 τὸ
1178 2896 1241 2964 δ’
1276 2894 1693 2984 ἀπολειφθὲν
1739 2897 1813 2964 ἐν
1857 2908 1950 2987 τῷ
1998 2903 2182 2984 Παρ-
2222 2918 2284 2967 11

180 3022 232 3063 2⁵
258 3009 469 3093 θενίφ
507 3003 758 3091 βρέφος
793 3006 924 3072 ὑπὸ
969 3013 1087 3089 τῆς
1121 3006 1356 3089 Αὔγης
1399 3007 1716 3088 βουκόλοι
1750 3000 1927 3081 τινὲς
1961 3004 2183 3089 Κορύ-

265 3115 403 3174 θου
455 3119 578 3175 τοῦ
632 3110 955 3194 βασιλέως
1009 3110 1317 3198 εὑρόντες
1369 3110 1500 3176 ὑπό
1553 3132 1735 3186 τινος
1788 3108 2046 3194 ἐλάφου
2088 3116 2181 3195 τῷ

260 3222 487 3304 μαστῷ
534 3220 974 3303 τρεφόμενον,
1021 3216 1444 3305 ἐδωρήσαντο
1489 3226 1582 3306 τῷ
1631 3216 1931 3300 δεσπότῃ.
2025 3214 2061 3280 6
2109 3210 2184 3280 δὲ

439 3343 472 3394 5
517 3332 676 3411 Αὔγῃ
725 3355 836 3395 om.
882 3341 932 3394 D
984 3341 1066 3410 (et
1108 3340 1240 3395 Eue.
1289 3357 1371 3409 pr.
1412 3355 1497 3395 ev.
1536 3338 1590 3391 II
1626 3344 1685 3406 2,
1724 3338 1817 3405 26)
2000 3341 2030 3391 7
2080 3331 2156 3399 ὥς

257 3407 365 3472 ἕως
400 3410 450 3465 D
626 3416 693 3465 12
728 3407 1008 3466 ναύπλιον
1047 3410 1094 3465 D
1262 3416 1329 3464 13
1367 3406 1541 3481 κατά]
1578 3428 1638 3463 τε
1677 3408 1804 3463 add.
1843 3406 1893 3459 D
2037 3401 2154 3461 ὑπό

253 3500 314 3536 τε
354 3480 484 3536 add.
523 3481 676 3607 wlff.
812 3487 881 3536 14
916 3483 1159 3551 πλησίαν
1195 3480 1348 3551 vulg.
1479 3477 1726 3548 17·πρός
1759 3475 1861 3532 τὸν
1897 3478 2000 3550 Ν.]
2039 3497 2181 3549 μετα

256 3554 560 3608 Ναυπλίου
799 3557 865 3608 18
894 3546 1168 3625 Ἀργείας]
1201 3546 1490 3623 Ἀρκαδίας
1524 3550 1591 3607 D.

359 3651 613 3695 mononus
639 3653 681 3694 1.
1792 3643 1860 3714 223
