2569 4061
412 410 583 473 Τάδε
621 408 877 473 ἔνεστιν
924 407 997 473 ἐν
1033 417 1112 493 τῇ
1153 406 1432 495 δευτέρᾳ
1466 418 1600 473 τῶν
1637 410 1999 494 Διοδώρου
2036 412 2308 493 βίβλων.
2335 433 2444 483 112

547 563 692 633 Περὶ
729 567 914 620 Νίνου
952 565 1052 620 τοῦ
1090 564 1315 633 πρώτου
1356 560 1792 638 βασιλεύσαντος
1828 564 1976 620 κατὰ
2012 562 2118 634 τὴν
2149 562 2330 621 Ἀσίαν

401 652 501 707 καὶ
537 653 651 707 τῶν
687 648 790 708 ὑπ’
832 650 1008 709 αὐτοῦ
1045 645 1438 723 πραχθέντων.

547 742 693 812 Περὶ
746 744 846 813 τῆς
900 738 1286 813 Σεμιράμιδος
1341 741 1614 811 γενέσεως
1667 741 1764 797 καὶ
1818 744 1918 812 τῆς
1968 744 2098 814 περὶ
2151 739 2330 812 αὐτὴν

402 825 708 899 αὐξήσεως.
2358 855 2386 895 5

542 916 634 982 Ὡς
662 921 842 982 Νίνος
878 916 910 974 ὃ
951 916 1209 990 βασιλεὺς
1239 917 1410 990 ἔγημε
1448 915 1552 988 τὴν
1580 920 1900 991 Σεμίραμιν
1939 916 2036 975 διὰ
2066 916 2174 989 τὴν
2202 915 2332 990 άρε·

402 1004 507 1076 τὴν
547 1003 747 1076 αὐτῆς.

540 1091 634 1158 Ὡς
687 1095 1001 1165 Σεμίραμις
1056 1093 1491 1166 τελευτήσαντος
1546 1098 1731 1151 Νίνου
1790 1096 2169 1167 διαδεξαμένη
2229 1094 2332 1165 τὴν

405 1183 701 1253 βασιλείαν
740 1180 947 1246 πολλὰς
983 1183 1083 1237 καὶ
1121 1181 1368 1255 μεγάλας
1405 1182 1641 1255 πράξεις
1679 1181 2062 1240 ἐπετελέσατο.

549 1272 744 1333 Κτίσις
816 1273 1154 1345 Βαβυλῶνος
1217 1272 1318 1327 καὶ
1382 1274 1481 1341 τῆς
1542 1269 1670 1329 κατ’
1733 1269 1914 1344 αὐτὴν
1980 1273 2334 1342 κατασκευῆς
2363 1298 2418 1337 10

410 1354 792 1430 [άπαγγελία].

551 1447 697 1517 Περὶ
742 1448 843 1503 τοῦ
891 1450 1209 1519 κρεμαστοῦ
1258 1448 1569 1520 λεγομένου
1615 1447 1800 1519 κήπου
1849 1450 1947 1504 καὶ
1993 1455 2107 1505 τῶν
2153 1446 2334 1505 ἄλλων

406 1537 520 1591 τῶν
557 1532 703 1591 κατὰ
740 1533 845 1606 τὴν
881 1538 1253 1609 Βαβυλωνίαν
1290 1534 1660 1607 παραδόξων.ἷ

552 1626 834 1695 Στρατεία
873 1620 1260 1695 Σεμιράμιδος
1300 1623 1379 1688 εἰς
1415 1627 1699 1695 Αἴγυπτον
1736 1625 1836 1680 καὶ
1871 1624 2211 1693 Αὐθιοπίαν,
2253 1624 2335 1681 ἔτι

409 1711 472 1768 δὲ
511 1711 616 1782 τὴν
647 1708 908 1782 Ἰνδικήν.
2361 1740 2417 1779 15

552 1801 695 1872 Περὶ
743 1801 855 1856 τῶν
904 1796 1206 1870 άπογόνων
1252 1801 1467 1872 ταύτης
1513 1802 1661 1874 [καὶ]
1711 1803 1824 1857 τῶν
1880 1803 2334 1875 βασιλευσάντων

412 1886 560 1945 κατὰ
587 1888 693 1959 τὴν
719 1886 897 1944 Ἀσίαν
928 1890 1024 1944 καὶ
1052 1891 1150 1959 τῆς
1176 1885 1305 1945 κατ’
1330 1886 1540 1953 αὐτοὺς
1568 1892 1787 1960 τρυφῆς
1812 1911 1872 1946 τε
1902 1890 1999 1945 καὶ
2029 1888 2335 1964 ῥᾳθυμίας.

547 1975 638 2041 Ὡς
667 1975 899 2049 ἔσχατος
924 1975 1417 2048 Σαρδανάπαλλος
1455 1977 1486 2035 ὁ
1519 1978 1780 2053 βασιλεὺς
1818 1977 1915 2036 διὰ
1943 1978 2171 2052 τρυφὴν
2201 1976 2338 2037 ἀπέ-

413 2070 548 2140 βαλε
585 2065 692 2138 τὴν
729 2064 910 2138 ἀρχὴν
949 2063 1061 2128 ὑπὸ
1094 2064 1363 2140 Ἀρβάκου
1401 2071 1502 2124 τοῦ
1539 2068 1768 2140 Μήδου.

558 2156 701 2226 Περὶ
738 2158 851 2212 τῶν
887 2159 1191 2213 Χαλδαίων
1228 2157 1328 2213 καὶ
1363 2160 1462 2229 τῆς
1489 2157 1924 2229 παρατηρήσεως
1961 2159 2074 2214 τῶν
2103 2154 2335 2230 ἄστρων.
2365 2182 2423 2223 20

558 2246 703 2315 Περὶ
739 2248 851 2301 τῶν
890 2245 1164 2318 βασιλέων
1201 2249 1311 2302 τῶν
1348 2244 1495 2302 κατὰ
1532 2243 1637 2316 τὴν
1665 2250 1901 2317 Μηδίαν
1939 2248 2038 2303 καὶ
2073 2252 2173 2316 τῆς
2210 2248 2340 2317 περὶ

415 2331 631 2389 τούτων
670 2336 989 2404 διαφωνίας
1024 2331 1180 2403 παρὰ
1217 2342 1334 2397 τοῖς
1373 2332 1841 2406 ἱστοριογράφοις.

560 2421 707 2491 Περὶ
741 2424 1086 2484 τοποθεσίας
1131 2423 1229 2492 τῆς
1259 2419 1499 2491 Ἰνδικῆς
1534 2422 1635 2477 καὶ
1671 2425 1782 2478 τῶν
1820 2422 1967 2479 κατὰ
2005 2422 2110 2493 τὴν
2148 2421 2339 2493 χώραν

418 2507 725 2577 φυομένων
762 2511 858 2563 καὶ
897 2509 1009 2564 τῶν
1045 2506 1185 2578 παρ’
1217 2505 1418 2573 Ἰνδοῖς
1451 2511 1722 2579 νομίμων.

562 2596 707 2664 Περὶ
742 2596 995 2650 Σκυθῶν
1030 2595 1129 2649 καὶ
1159 2591 1473 2666 Ἀμαζόνων
1510 2597 1608 2651 καὶ
1636 2595 2043 2670 “Τπερβορέων.
2367 2624 2425 2665 25

440 2747 444 2752 ¹
562 2683 708 2753 Περὶ
753 2685 850 2753 τῆς
892 2679 1144 2757 Ἀραβίας
1189 2683 1288 2738 καὶ
1331 2686 1445 2739 τῶν
1490 2682 1618 2741 κατ’
1661 2683 1842 2756 αὐτὴν
1890 2685 2195 2756 φυομένων
2240 2688 2339 2741 καὶ

418 2771 951 2843 μυθολογουμένων.

561 2859 706 2930 Περὶ
739 2860 851 2915 τῶν
879 2860 1068 2930 νήσων
1096 2861 1209 2916 τῶν
1241 2858 1304 2918 ἒν
1331 2863 1398 2934 τῇ
1429 2865 1743 2938 μεσημβρίᾳ
1780 2860 1925 2918 κατὰ
1953 2860 2053 2917 τὸν
2082 2859 2343 2917 ὠκεανὸν

420 2947 784 3021 εὑρεθεισῶν.

568 3100 632 3148 11
672 3089 988 3163 ἀπαγγελία
1018 3109 1126 3147 om.
1156 3092 1205 3146 D
1283 3097 1348 3146 13
1387 3094 1498 3146 τῶν
1530 3110 1638 3149 om.
1670 3093 1821 3164 vulg,
1878 3093 1982 3182 τὴν
2012 3110 2118 3148 om.
2149 3093 2197 3149 D
2273 3100 2343 3149 16

423 3164 522 3220 καὶ
551 3162 847 3220 del.Dind.
925 3168 990 3218 18
1027 3161 1483 3231 Σαρδανάπαλος
1511 3165 1663 3234 vulg.
1741 3171 1806 3220 19
1844 3160 1956 3220 ὑπο
1996 3162 2176 3235 βάκου
2207 3162 2342 3234 CD2,

423 3231 525 3291 ’ὑπ’
568 3233 822 3306 άρβακου
862 3233 939 3287 D1
1057 3253 1108 3288 v.
1146 3240 1213 3288 21
1255 3238 1314 3290 et
1350 3241 1417 3289 22
1476 3238 1608 3290 ante
1648 3254 1698 3289 v.
1737 3241 1807 3289 20
1862 3240 2079 3307 ponunt
2124 3237 2346 3293 codices

426 3322 619 3360 omnes
697 3309 879 3362 taeter
915 3304 1040 3371 AD3
1088 3305 1151 3359 in
1187 3306 1237 3359 D
1274 3308 1417 3361 haec
1455 3305 1644 3362 omnia
1682 3310 1813 3362 sunt
1848 3307 1906 3363 in
1955 3308 2129 3365 litura
2174 3325 2343 3363 manu

426 3392 572 3430 saec.
676 3375 727 3429 V
774 3376 984 3446 scripta
1128 3382 1195 3431 22
1252 3374 1408 3445 παρὰ
1455 3384 1575 3440 τοῖς
1625 3375 2083 3449 ἷστοριογράφοις
2138 3395 2245 3433 om.
2293 3377 2344 3430 D

425 3449 494 3495 23
533 3449 846 3501 τοποθεσία
883 3446 1035 3516 (περὶ
1072 3464 1180 3502 om.
1219 3447 1292 3517 D)
1309 3445 1416 3503 CD.
