2569 4061
385 287 511 351 198
1047 280 1355 337 DIODORI
1393 280 1627 337 SICULI

312 476 344 523 5
382 473 598 537 ραμιν.
654 443 764 511 καὶ
802 456 1068 531 πρῶτον
1105 442 1227 530 μὲν
1264 445 1338 511 ἐκ
1373 455 1495 511 τοῦ
1530 446 1832 530 καλάμου
1869 445 2312 511 κατεσκεύασε

382 560 584 619 πλοῖα
621 552 908 637 ποτάμια
945 556 1456 639 τετρακισχίλια·
1504 552 1545 635 ἡ
1584 553 1712 639 γὰρ
1741 550 1984 637 Ἰνδικὴ
2023 552 2201 637 παρά
2238 574 2313 617 τε

380 662 537 737 τοὺς
572 663 909 745 ποταμοὺς
953 656 1064 725 καὶ
1099 661 1257 736 τοὺς
1296 658 1564 737 ἑλώδεις
1599 662 1844 737 τόπους
1882 657 2072 746 φέρει
2108 660 2311 725 καλά-

380 791 514 852 μου
549 772 831 852 πλῆθος,
878 761 962 832 οὗ
1007 768 1081 832 τὸ
1119 765 1326 850 πάχος
1372 766 1496 831 οὐκ
1533 765 1618 831 ἂν
1665 766 1911 854 ῥᾳδίως
1947 768 2309 852 ἄνθρωπος

380 876 754 961 περιλάβοι·
803 872 1058 956 λέγεται
1097 869 1170 938 δὲ
1202 870 1316 939 καὶ
1350 874 1467 950 τὰς
1504 871 1576 938 ἐκ
1610 874 1869 940 τούτων
1904 888 2307 939 κατασκευα-
2338 891 2366 931 5

385 980 658 1067 ζομένας
698 990 863 1058 ναῦς
911 981 1281 1065 διαφόρους
1316 981 1482 1045 κατά
1528 982 1651 1064 τὴν
1695 983 1925 1067 χρείαν
1962 979 2306 1068 ὑπάρχειν,

314 1113 346 1161 6
383 1089 589 1172 οὔσης
644 1087 943 1170 ἀσήπτου
996 1087 1238 1170 ταύτης
1290 1096 1406 1171 τῆς
1458 1086 1640 1170 ὕλης.
1731 1088 2175 1172 ποιησάμενος
2233 1084 2308 1152 δὲ

380 1194 492 1260 καὶ
535 1203 651 1277 τῆς
694 1204 830 1259 τῶν
885 1193 1108 1258 ὅπλων
1163 1202 1571 1277 κατασκευῆς
1616 1194 1873 1276 πολλὴν
1932 1193 2307 1279 ἐπιμέλειαν

379 1297 491 1366 καὶ
545 1309 765 1364 πᾶσαν
820 1298 1125 1365 ἐπελθὼν
1178 1301 1303 1383 τὴν
1344 1298 1631 1383 Ἰνδικὴν
1647 1298 1968 1387 ,ζῆθροισε
2016 1301 2307 1385 δύναμιν

313 1432 343 1480 7
380 1409 553 1472 πολὺ
590 1409 856 1491 μείζονα
901 1415 1017 1490 τῆς
1052 1408 1458 1492 Σεμιράμιδι
1502 1409 1965 1491 συναχθείσης.
2030 1409 2307 1491 ποιησά-
2339 1427 2396 1466 10

381 1536 580 1599 μενος
643 1509 717 1578 δὲ
781 1514 890 1579 καὶ
953 1524 1088 1579 τῶν
1153 1513 1406 1600 ἀγρίων
1471 1513 1852 1598 ἐλεφάντων
1908 1515 2136 1599 θήραν
2196 1513 2306 1579 καὶ

381 1621 963 1699 πολλαπλασιάσας
1043 1624 1202 1699 τοὺς
1282 1622 1865 1708 προϋπάρχοντας,
1940 1619 2307 1706 ἐκόσμησεν

381 1728 675 1806 ἅπαντας
720 1739 859 1806 τοῖς
907 1730 1000 1805 είς
1043 1730 1164 1794 τὸν
1212 1730 1506 1813 πόλεμον
1551 1734 2098 1812 καταπληκτικοῖς
2142 1734 2306 1813 λαμ-

310 1856 342 1905 8
379 1847 586 1922 πρῶς·
644 1838 749 1901 διὸ
792 1833 914 1924 {aaz
971 1833 1323 1919 συνέβαινε
1377 1836 1541 1901 κατὰ
1595 1837 1718 1919 τὴν
1774 1838 2027 1921 ἔφοδον
2080 1837 2306 1902 αὐτῶν

382 1943 495 2009 διά
533 1966 604 2008 τε
649 1946 722 2009 τὸ
752 1947 1020 2027 ,πλῆθος
1063 1941 1175 2008 καὶ
1209 1945 1334 2027 τὴν
1381 1942 1488 2008 ἐπὶ
1532 1954 1668 2009 τῶν
1704 1949 2063 2033 θωρακίων
2107 1968 2305 2010 κατα·
2332 1959 2390 1999 15

382 2053 628 2135 σκευὴν
686 2053 1144 2118 ἀνυπόστατον
1188 2050 1600 2140 ζάνθρωπίνῃ
1667 2052 1868 2138 φύσει
1940 2058 2309 2138 φαίνεσθαι

380 2160 504 2242 τὴν
552 2159 960 2243 ἐπιφάνειαν.

279 2265 360 2330 18
553 2265 733 2333 Ἐπεὶ
771 2264 832 2331 δ’
870 2266 1047 2354 αὐτῷ
1083 2268 1299 2332 πάντα
1340 2270 1410 2331 τὰ
1446 2268 1610 2354 πρὸς
1646 2268 1766 2332 τὸν
1801 2269 2093 2352 πόλεμον
2125 2292 2308 2335 κατε-

384 2374 738 2456 σκεύαστο,
796 2374 963 2458 πρὸς
1020 2373 1143 2455 τὴν
1202 2371 1589 2459 ξΣεμίραμιν
1646 2367 1805 2438 καθ’
1866 2373 2029 2439 ὁδὸν
2094 2369 2308 2441 οὖσαν

382 2477 764 2544 ἀπέστειλεν
827 2476 1177 2561 ἀγγέλους,
1245 2478 1543 2559 ἐγκαλῶν
1616 2479 1717 2542 ὅτι
1780 2483 2304 2567 προκατάρχεται
2334 2494 2390 2533 2⁰

381 2592 504 2649 τοῦ
559 2584 854 2668 πολέμου
910 2580 1120 2668 μηδὲν
1176 2584 1600 2665 ἀδικηθεῖσα·
1654 2587 1868 2650 πολλὰ
1914 2582 1987 2649 δὲ
2032 2586 2144 2651 καὶ
2192 2590 2310 2675 ἄρ-

384 2712 550 2777 ρητα
595 2687 736 2754 κατ’
790 2690 994 2772 αὐτῆς
1040 2689 1129 2764 ὡς
1174 2686 1435 2773 ἑταίρας
1487 2693 1969 2775 βλασφημήσας
2013 2692 2125 2757 διὰ
2169 2706 2310 2760 τῶν

380 2797 781 2883 γραμμάτων
808 2794 919 2861 καὶ
945 2798 1152 2872 θεοὺς
1181 2795 1810 2881 ἐπιμαρτυράμενος,
1830 2797 2083 2880 ἠπείλει
2110 2823 2309 2866 κατα-

310 2923 342 2972 2
381 2905 755 2988 πολεμήσας
792 2902 1002 2986 αὐτὴν
1049 2911 1315 2991 σταυρῷ
1351 2904 1827 2990 προσηλώσειν.
1901 2904 1941 2988 ἡ
1992 2902 2066 2971 δὲ
2102 2912 2307 2992 Σεμί-

384 3037 578 3101 ραμις
633 3011 1019 3094 ἀναγνοῦσα
1063 3010 1187 3095 τὴν
1241 3009 1597 3093 ἐπιστολὴν
1641 3009 1753 3077 καὶ
1806 3015 2305 3096 καταγελάσασα
2334 3027 2389 3068 2⁵

380 3133 516 3187 τῶν
561 3116 1058 3206 γεγραμμένων,
1105 3118 1218 3183 διά
1253 3129 1389 3182 τῶν
1434 3120 1649 3204 ἔργων
1686 3119 1894 3204 ἔφησε
1939 3121 2058 3184 τὸν
2090 3118 2307 3186 Ἰνδὸν

525 3356 559 3404 8
615 3349 981 3422 παρασκευῆς
1016 3347 1069 3401 II
1216 3353 1282 3403 15
1339 3343 1450 3429 τὴν·
1482 3344 1597 3419 ἐπὶ]
1646 3344 1749 3418 τὴν
1787 3353 1886 3404 aut
1922 3346 2025 3418 τὴν
2061 3349 2172 3403 τῶν
2213 3346 2307 3404 ἐπὶ

382 3418 590 3504 Βοξεὶθ
659 3419 991 3506 θωρακίων]
1030 3420 1253 3508 θηρίων
1292 3418 1576 3502 Gemstuq
1651 3424 1718 3502 {8
1756 3415 1826 3507 τὰ
1860 3420 1990 3509 §.²³⁶¹-
2021 3419 2305 3476 Gemistus

381 3490 824 3626 ἒτέἔὲἐνκόταείἑ)
838 3491 1435 3628 ἕταιέἓίαῖςῑῗταίρας
1472 3506 1698 3560 senpm,
1738 3511 1812 3554 ως
1850 3492 2082 3562 εταίραν
2119 3490 2186 3560 Ι),
2227 3490 2309 3555 εἰς
