2569 4061
385 194 473 260 52
1054 186 1360 243 monom
1399 184 1635 241 summ

383 356 574 443 μέχρι
608 366 725 440 τῆς
761 357 856 431 εἰς
892 353 1233 419 θάλατταν
1270 348 1548 432 ἐκβολῆς
1583 348 1819 414 στάδια
1855 350 2137 434 μάλιστά
2173 372 2313 429 πως
2385 415 2405 420 ,

314 487 347 535 3
385 463 594 548 μύρια
636 459 749 527 καὶ
796 462 1087 544 δισχίλια
1133 460 1262 523 σὺν
1309 447 1415 532 αἷς
1451 465 1735 520 ποιεῖται
1780 468 2083 541 καμπαῖς.
2148 461 2312 523 κατὰ

384 564 457 632 δὲ
516 570 674 643 τοὺς
735 566 1045 633 ὑποκάτω
1111 564 1357 638 τόπους
1420 559 1844 626 συστέλλεται
1896 573 2036 640 τοῖς
2089 563 2313 647 ὄγκοις

383 672 487 739 ἀεὶ
531 679 786 757 μᾶλλον
809 721 828 757 ,
865 666 1363 752 (ἀποσπωμένου
1407 675 1529 732 τοῦ
1575 666 1900 751 ῥεύματος
1944 666 2045 734 ἐπ’
2098 668 2314 754 άμφο·

312 803 347 852 4
381 778 575 863 τέρας
610 782 725 858 τὰς
754 781 1085 864 ἠπείρους.
1141 786 1276 840 τῶν
1317 770 1380 837 δ’
1416 771 1952 858 ἀποσχιζομένων
1989 787 2209 861 μερῶν
2235 779 2310 843 τὸ
2340 797 2365 837 5

382 886 506 974 μὲν
550 890 645 966 εἰς
689 889 816 973 τὴν
860 887 1128 969 Λιβύην
1173 882 1484 950 ἐκκλῖνον
1527 875 1650 965 ὑφ’
1700 884 1924 969 ἅμμου
1967 888 2312 952 καταπίνε-

380 1018 490 1061 ται
534 997 610 1061 τὸ
658 995 874 1078 βάθος
919 990 1199 1077 ἐχούσης
1236 979 1555 1072 ἅπιστονζ
1586 990 1662 1055 τὸ
1710 988 1771 1054 δ’
1825 992 1919 1068 εἰς
1964 992 2089 1075 τὴν
2128 986 2312 1077 Ἀρα-

381 1105 538 1185 βίαν
593 1100 913 1175 ἐναντίως
966 1098 1391 1182 εἰσχεόμενον
1445 1097 1541 1172 είς
1584 1093 1868 1179 τέλματα
1921 1097 2310 1183 παμμεγέθη

380 1205 491 1272 καὶ
539 1209 778 1291 λίμνας
833 1201 1207 1289 ἐκτρέπεται
1268 1203 1558 1287 μεγάλας
1609 1200 1723 1267 καὶ
1765 1203 2312 1289 περιοικουμένας

311 1332 346 1382 5
381 1309 605 1394 γένεσι
661 1316 948 1387 πολλοῖς.
1041 1312 1135 1386 είς
1192 1305 1267 1374 δὲ
1303 1309 1426 1393 τὴν
1481 1314 1827 1391 Αἴγυπτον
1873 1308 2181 1394 ἐμβάλλει
2230 1320 2310 1397 τῇ
2340 1330 2393 1368 10

380 1412 502 1501 μὲν
559 1415 720 1484 δέκα
767 1418 1088 1503 σταδίων,
1131 1425 1211 1501 τῇ
1260 1412 1324 1480 δ’
1377 1417 1651 1481 ἔλαττον
1698 1416 1986 1499 τούτων,
2033 1416 2156 1483 οὐκ
2201 1415 2302 1483 ἐπ’

381 1523 652 1602 εὐθείας
708 1526 1111 1609 φερόμενος,
1166 1523 1336 1588 ἀλλὰ
1388 1523 1647 1607 καμπὰς
1699 1525 2019 1600 παντοίας
2079 1525 2311 1589 ποιού-

380 1650 604 1714 μενος·
659 1627 819 1697 ποτε
875 1626 1001 1715 μὲν
1054 1630 1182 1715 γὰρ
1238 1627 1556 1694 ἑλίττεται
1608 1630 1774 1713 πρὸς
1817 1629 1942 1711 τὴν
1987 1627 2106 1713 ἕω,
2151 1627 2310 1696 ποτὲ

380 1733 456 1802 δὲ
499 1738 666 1823 πρὸς
712 1736 836 1819 τὴν
886 1732 1190 1820 ἑσπέραν,
1234 1735 1375 1799 ἔστι
1420 1731 1483 1797 δ’
1534 1734 1642 1798 ὅτε
1685 1735 1852 1818 πρὸς
1895 1736 2017 1817 τὴν
2062 1752 2309 1820 μεσημ·

310 1863 342 1912 6
381 1845 601 1928 βρίαν,
649 1843 746 1917 εἰς
792 1839 1089 1905 τούπίσω
1128 1838 1490 1923 λαμβάνων
1533 1839 1657 1923 τὴν
1702 1840 2118 1925 παλίρροιαν.
2184 1843 2306 1928 ὄρη
2337 1859 2388 1899 15

378 1949 508 2035 γὰρ
555 1947 621 2027 ἐξ
659 1944 976 2033 ἑκατέρου
1020 1945 1264 2032 μέρους
1300 1954 1423 2011 τοῦ
1467 1954 1770 2030 ποταμοῦ
1803 1948 2104 2032 παρήκει,
2150 1954 2309 2015 πολ-

379 2057 506 2140 λὴν
561 2051 683 2140 μὲν
739 2061 853 2139 τῆς
909 2054 1414 2139 παραποταμίας
1468 2051 1815 2138 ἐπέχοντα,
1881 2053 2308 2140 διειλημμένα

379 2159 455 2227 δὲ
502 2160 792 2248 φάραγξι
837 2157 949 2226 καὶ
993 2171 1317 2247 κρημνοῖς
1352 2163 1803 2247 στενοπόροις,
1841 2153 1942 2239 οἷς
1986 2161 2309 2247 ἐμπῖπτον

377 2269 453 2333 τὸ
508 2268 720 2353 ῥεῦμα
776 2272 1177 2333 παλισσυτεῖ
1227 2269 1341 2332 διὰ
1402 2277 1519 2350 τῆς
1579 2269 1924 2351 πεδιάδος,
1979 2267 2092 2335 καὶ
2144 2271 2310 2356 πρὸς

376 2373 501 2456 τὴν
556 2375 972 2458 μεσημβρίαν
1035 2369 1142 2455 ἐφ’
1207 2373 1443 2437 ἰκανὸν
1495 2375 1705 2439 τόπον
1767 2370 2045 2458 ἐνεχθὲν
2107 2376 2308 2441 πάλιν
2337 2392 2390 2431 2⁰

310 2500 342 2550 '7
379 2477 486 2543 ἐπὶ
540 2479 664 2561 τὴν
717 2479 885 2544 κατὰ
939 2478 1151 2561 φύσιν
1213 2478 1437 2563 φορὰν
1496 2476 2038 2544 ἀποκαθίσταται.
2129 2486 2309 2563 τηλι-

377 2585 631 2668 καύτην
669 2582 732 2648 δ’
778 2586 951 2669 ἔχων
986 2583 1325 2669 ὑπεροχὴν
1363 2583 1438 2650 ἐν
1467 2594 1673 2651 πᾶσιν
1710 2584 1747 2650 ὁ
1782 2586 2075 2669 ποταμὸς
2112 2581 2310 2665 οὗτος

378 2692 584 2774 μόνος
628 2699 763 2755 τῶν
810 2691 1035 2755 ἄλλων
1079 2691 1242 2757 ἄνευ
1291 2692 1443 2774 βίας
1477 2689 1589 2757 καὶ
1633 2691 2065 2775 κυματώδους
2102 2692 2310 2779 ὁρμῆς

378 2797 501 2880 τὴν
537 2796 737 2881 ῥύσιν
775 2808 1081 2880 ποιεῖται,
1127 2798 1304 2881 πλὴν
1341 2797 1417 2864 ἐν
1456 2808 1595 2875 τοῖς
1632 2797 2070 2883 καλουμένοις
2112 2823 2307 2865 κατα-

309 2927 342 2977 8
380 2903 666 2990 ράκταις.
757 2905 958 2981 τόπος
1012 2903 1141 2989 γάρ
1204 2907 1305 2981 τίς
1360 2904 1500 2970 ἐστι
1563 2907 1754 2989 μήκει
1808 2901 1931 2988 μὲν
1995 2906 2086 2983 ὡς
2149 2905 2307 2971 δέκα
2335 2923 2387 2964 25

520 3102 553 3151 2
610 3098 889 3169 καμπαῖς]
937 3098 1266 3166 περιείληφε
1316 3094 1381 3151 δὲ
1434 3095 1534 3150 καὶ
1589 3093 1798 3165 νήσους
1845 3092 1908 3151 ἐν
1954 3090 2110 3171 αὐτῷ
2158 3094 2305 3152 κατὰ

378 3168 482 3238 μὲν
529 3163 634 3238 τὴν
679 3165 995 3223 Αἰθιοπίαν
1039 3162 1211 3230 ἄλλας
1265 3186 1327 3222 τε
1375 3167 1608 3230 πλείους
1661 3168 1759 3222 καὶ
1805 3169 1941 3237 μίαν
1999 3162 2306 3256 εὖμεγέθη,

377 3237 482 3307 τὴν
518 3235 950 3311 ὀνομαζομένην
985 3235 1252 3308 Μερόην,
1287 3232 1325 3307 ἣ
1367 3239 1546 3294 εἴκοσι
1591 3241 1756 3294 δυοῖν
1793 3241 2036 3295 σταδίων
2087 3236 2203 3295 ἐστὶ
2239 3259 2304 3295 το

374 3307 585 3372 πλάτος
620 3310 750 3365 add.
791 3309 921 3376 &1⁴¹3
970 3310 1040 3367 cf.
1080 3327 1125 3364 ο.
1166 3316 1252 3378 33,
1296 3317 1322 3363 1
1471 3314 1504 3364 5
1541 3306 1668 3381 τὰς]
1706 3309 2132 3380 παρακειμένας
2177 3312 2306 3367 add.

380 3378 488 3431 OF
625 3386 658 3436 8
710 3377 1054 3452 ἐκχεόμενον
1094 3379 1181 3435 OF
1332 3385 1397 3435 11
1449 3376 1657 3436 ἐλάττω
1695 3382 1744 3437 D
1902 3387 1968 3436 13
2023 3379 2166 3453 πρὸς
2200 3378 2304 3452 τὴν

380 3444 453 3498 ἕω
491 3447 628 3502 ποτὲ
667 3449 732 3505 δὲ
773 3467 880 3508 om.
920 3452 969 3506 D
1115 3457 1183 3507 25
1221 3448 1330 3523 μὲν
1367 3448 1443 3515 ὥς
1482 3468 1590 3508 om.
1629 3453 1695 3521 D,
1734 3449 1810 3516 ὡς
1847 3469 1955 3509 om.
1996 3453 2054 3510 C.
