2569 4061
1091 331 1170 385 IV
1206 338 1293 387 39.
1326 337 1410 387 40.
2076 334 2210 399 459

284 496 879 580 παραλελοίπαμεν.
968 491 1121 580 περὶ
1169 490 1240 559 δὲ
1287 504 1422 559 τῶν
1444 488 1929 580 Ἀργοναυτῶν,
1977 494 2207 581 ἐπειδὴ
2228 500 2316 567 40

281 602 543 677 τούτοις
589 598 919 687 Ἡρακλῆς
983 601 1579 686 συνεστράτευσεν,
1649 603 1896 667 οἰκεῖον
1961 601 2045 668 ἂν
2104 609 2207 687 εἴη

281 709 581 773 διελθεῖν
625 706 776 793 περὶ
823 707 1063 772 αὐτῶν.

446 809 706 880 Ἰάσονα
761 813 1082 898 γενέσθαι
1137 811 1453 895 λέγουσιν
1509 812 1664 878 υἱὸν
1718 809 1841 896 μὲν
1889 818 2206 898 Αἴσονος,

216 936 246 977 5
276 921 689 1006 ἀδελφιδοῦν
765 917 839 986 δὲ
913 921 1169 1011 Πελίου
1240 929 1363 985 τοῦ
1439 924 1788 985 Θετταλῶν
1861 918 2207 1004 βασιλέως,

275 1027 463 1114 ῥώμῃ
503 1024 576 1093 δὲ
610 1028 912 1112 σώματος
947 1024 1060 1092 καὶ
1087 1035 1304 1110 ψυχῆς
1329 1029 1739 1112 λαμπρότητι
1777 1023 2207 1109 διενέγκαντα

273 1146 411 1200 τῶν
455 1134 826 1217 ἡλικιωτῶν
872 1132 1291 1217 ἐπιθυμῆσαί
1318 1157 1382 1197 τι
1418 1133 1661 1216 πρᾶξαι
1699 1134 1959 1217 μνήμης
1996 1131 2204 1211 ἄξιον.

272 1241 534 1327 ὁρῶντα
581 1237 654 1306 δὲ
690 1252 826 1306 τῶν
860 1241 990 1325 πρὸ
1030 1240 1239 1306 αὐτοῦ
1277 1237 1544 1325 Περσέα
1588 1238 1699 1305 καὶ
1735 1263 1921 1316 τινας
1958 1241 2206 1315 ἄλλους
2243 1262 2276 1310 2

162 1363 268 1414 285
292 1349 406 1412 διὰ
467 1348 584 1424 τὰς
647 1346 1050 1433 ὑπερορίους
1113 1348 1455 1431 στρατείας
1509 1345 1620 1412 καὶ
1675 1349 1750 1412 τὸ
1816 1346 2204 1429 παράβολον

189 1468 244 1507 10
271 1464 407 1519 τῶν
461 1454 695 1518 ἄθλων
751 1454 948 1537 δόξης
999 1452 1403 1537 ἀειμνήστου
1447 1455 1858 1538 τετευχότας,
1918 1456 2203 1536 ζηλῶσαι

268 1559 384 1634 τὰς
427 1557 849 1643 προαιρέσεις
886 1558 1125 1622 αὐτῶν.
1202 1558 1310 1622 διὸ
1359 1554 1470 1622 καὶ
1513 1557 1636 1639 τὴν
1681 1557 2003 1641 ἐπιβολὴν
2040 1558 2202 1623 ἀνα-

266 1664 767 1748 κοινωσάμενον
850 1672 942 1752 τῷ
1028 1666 1294 1747 βασιλεῖ
1359 1661 1604 1748 ταχέως
1687 1666 1917 1747 λαβεῖν
1992 1665 2200 1732 αὐτὸν

266 1772 736 1854 συγκάταινον,
776 1770 897 1854 οὐχ
936 1769 1111 1835 οὕτω
1148 1779 1271 1836 τοῦ
1302 1773 1558 1835 Πελίου
1594 1771 2002 1848 σπεύδοντος
2036 1792 2201 1859 προ·

266 1887 542 1961 αγαγεῖν
599 1877 693 1953 εἰς
748 1875 1144 1961 ἐπιφάνειαν
1199 1878 1320 1941 τὸν
1364 1879 1720 1942 νεανίσκον
1767 1877 1856 1953 ὡς
1903 1876 2199 1956 ἐλπίζον-

184 1996 238 2038 15
264 2007 376 2062 τος
422 1984 494 2051 ἐν
541 1993 685 2061 ταῖς
720 1985 1127 2068 παραβόλοις
1174 1986 1543 2069 στρατείαις
1587 1984 2199 2069 διαφθαρήσεσθαι·

268 2092 473 2156 αὐτὸν
528 2087 650 2176 μὲν
703 2092 832 2178 γὰρ
887 2090 960 2156 ἐκ
1006 2092 1271 2175 φύσεως
1329 2090 1727 2176 ἐστερῆσθαι
1771 2092 2035 2157 παίδων
2082 2092 2197 2179 ἆρ-
2235 2118 2267 2165 3

270 2194 509 2280 ρένων,
557 2198 675 2262 τὸν
724 2192 786 2261 δ’
840 2196 1138 2280 ἀδελφὸν
1183 2196 1616 2280 εὐλαβεῖσθαι
1662 2198 1911 2280 μήποτε
1958 2214 2196 2283 συνερ-

266 2302 394 2385 γὸν
456 2304 625 2386 ἔχων
687 2304 808 2368 τὸν
870 2303 1024 2368 υἱὸν
1091 2301 1404 2386 ἐπίθηται
1463 2312 1542 2387 τῇ
1608 2306 1927 2390 βασιλεία.
2036 2307 2196 2391 κρύ-

266 2426 513 2472 πτοντα
569 2405 644 2473 δὲ
687 2410 813 2493 τὴν
863 2409 1161 2487 ὑποψίαν
1215 2409 1496 2492 ταύτην,
1552 2407 1663 2474 καὶ
1716 2409 1797 2473 τὰ
1851 2410 2015 2495 πρὸς
2071 2413 2194 2495 τὴν

184 2529 242 2571 20
270 2516 618 2599 στρατείαν
645 2517 930 2600 χρήσιμα
948 2518 1348 2601 χορηγήσειν
1369 2514 1950 2600 ἐπαγγειλάμενον,
1979 2538 2191 2603 παρα-

265 2624 495 2685 καλεῖν
554 2614 774 2686 ἇθλον
832 2620 1092 2688 τελέσαι
1151 2622 1584 2706 στειλάμενον
1640 2623 1759 2687 τὸν
1819 2627 2037 2688 πλοῦν
2096 2626 2191 2701 εἰς

259 2729 567 2810 Κόλχους
604 2725 711 2793 ἐπὶ
746 2729 822 2793 τὸ
863 2726 1387 2813 διαβεβοημένον
1422 2736 1544 2794 τοῦ
1580 2738 1776 2814 κριοῦ
1814 2728 2006 2814 δέρος
2031 2755 2190 2818 χρυ-

260 2836 614 2918 σόμαλλον.
705 2837 826 2899 τὸν
874 2830 946 2899 δὲ
995 2837 1264 2900 Πόντον
1309 2828 1443 2899 κατ’
1495 2833 1789 2912 ἐκείνους
1822 2838 1990 2913 ,τοὺς
2035 2840 2189 2921 χρό-
2226 2859 2262 2908 4

257 2963 422 3015 νους
492 2941 1046 3026 περιοικούμενον
1125 2940 1255 3005 ὑπὸ
1341 2939 1565 3005 ἐθνῶν
1637 2941 1995 3026 βαρβάρων
2076 2940 2188 3032 καὶ

181 3058 235 3099 25
262 3048 600 3121 παντελῶς
637 3044 891 3133 ἀγρίων
927 3046 1164 3125 ἄξενον
1198 3047 1841 3131 προσαγορεύεσθαι,
1889 3044 2188 3122 ξενοκτο-

260 3150 568 3215 νούντων
612 3163 748 3217 τῶν
785 3152 1123 3239 ἐγχωρίων
1158 3155 1317 3230 τοὺς
1353 3150 1854 3227 καταπλέοντας.
1921 3144 2187 3217 Ἰάσονα
2224 3174 2257 3223 5

259 3253 335 3322 δὲ
402 3256 598 3342 δόξης
663 3258 1066 3344 ὀρεγόμενον
1137 3257 1248 3324 καὶ
1313 3260 1433 3323 τὸν
1497 3252 1715 3323 ἆθλον
1779 3255 2187 3340 δυσέφικτον

437 3456 470 3506 8
524 3452 638 3508 τῶν
693 3451 958 3519 Dindorf,
1013 3448 1113 3506 τὸν
1169 3449 1303 3505 libri
1505 3455 1566 3502 11
1620 3450 1718 3517 τῆς
1771 3444 2034 3522 ἐπιβολῆς
2082 3448 2191 3504 OF

253 3527 323 3649 ΞΞ
361 3521 588 3651 ἔῧῗος
653 3521 728 3592 D,
796 3521 967 3592 δέρας
1032 3520 1139 3577 OF
1200 3522 1289 3591 (ut
1351 3519 1702 3590 plerumque)
1918 3524 1984 3574 27
2051 3518 2179 3592 τὸν]
