2569 4061
689 407 788 463 DE
827 407 1124 464 SERMON
1127 406 1172 461 E
1210 406 1600 465 DIODOREO.
1935 409 2114 465 LXIII

184 578 296 637 ubi
335 570 690 654 Ὀλυμπικὸς
736 576 1028 653 praebent
1065 575 1288 636 similia
1321 576 1688 652 persuadent
1721 577 1890 656 vitia,
1937 581 2008 638 ut
2052 577 2119 637 in

182 693 305 734 uno
354 674 428 734 de
481 674 629 752 ipsis
677 666 790 755 (A)
840 677 898 749 4,
933 677 989 752 6,
1023 678 1054 734 1
1117 676 1210 734 est
1254 676 1669 752 Διονυσικαῖς,
1735 674 1850 736 etsi
1905 675 2116 735 eodem

185 771 365 832 modo
413 775 802 849 quaerentem
845 774 989 833 utra
1032 771 1232 832 verior
1278 772 1360 832 sit
1403 772 1717 833 ludificant
1762 774 1925 850 apud
1958 773 2122 834 Pau·

189 868 439 946 saniam,
486 869 846 930 Strabonem
892 872 955 930 et
999 869 1169 929 alios.
1954 948 1960 955 .

361 960 530 1027 Ὀστᾶ
577 988 762 1045 quum
809 967 890 1028 sit
934 968 997 1027 in
1043 967 1321 1028 omnibus
1377 969 1434 1043 2,
1467 969 1569 1044 22,
1602 968 1667 1043 53
1719 970 1776 1044 2,
1806 970 1908 1044 56,
1941 970 2007 1046 23
2055 971 2124 1047 4,

191 1068 392 1142 79,4;
453 1067 553 1144 13,
587 1066 786 1143 75,2;
846 1066 947 1142 18,
979 1067 1178 1142 36,1;
1239 1068 1340 1142 19,
1370 1067 1573 1142 44,2;
1622 1066 1868 1144 26,16,
1923 1084 2116 1141 neque

186 1158 359 1225 ὀστέα
415 1183 486 1224 ex
539 1162 892 1223 melioribus
939 1165 1000 1236 4,
1034 1164 1134 1240 62,
1165 1165 1205 1222 4
1257 1163 1377 1222 suit
1427 1161 1864 1239 recipiendum,
1922 1181 2119 1239 neque

183 1261 501 1321 ferendum
547 1261 705 1338 quod
745 1263 805 1339 4,
837 1262 940 1333 38,
972 1261 1009 1320 5
1060 1263 1154 1319 est
1195 1261 1258 1319 in
1305 1261 1607 1338 omnibus,
1654 1255 1889 1338 ὀστέον,
1935 1279 2120 1337 quam

181 1360 443 1421 formam
487 1359 744 1419 reiciunt
787 1358 1139 1433 Atticistae,
1195 1376 1381 1435 quum
1426 1353 1642 1418 ὀστοῦν
1685 1357 1834 1417 item
1877 1358 1943 1417 in
1988 1377 2117 1417 om-

183 1457 366 1516 nibus
413 1457 494 1516 sie
532 1459 591 1535 5,
623 1459 725 1534 33,
755 1459 815 1533 4,
862 1459 925 1516 et
970 1450 1160 1515 ὀστῶν
1200 1457 1257 1533 3,
1290 1457 1392 1532 21,
1424 1458 1489 1534 63
1541 1457 1598 1530 3,
1630 1457 1731 1532 35,
1763 1458 1872 1532 ιο,
1922 1459 2127 1534 5,11²,

188 1558 260 1631 4,
319 1555 419 1631 13,
451 1556 650 1632 75,5;
713 1557 814 1630 17,
844 1554 1047 1631 ss,1;
1111 1556 1212 1631 19,
1242 1555 1347 1630 59,
1377 1556 1433 1613 3.
1535 1552 1665 1623 Quo
1728 1554 2120 1631 redarguitur

189 1648 408 1713 ὀστέων
463 1656 519 1727 9,
552 1654 656 1728 36,
686 1654 746 1727 3,
792 1640 963 1711 ὀστέα
1001 1654 1105 1730 32,
1135 1653 1193 1730 8,
1239 1655 1528 1728 tanquam
1583 1650 1881 1728 eclogario
1932 1652 2124 1711 relin-

189 1751 447 1828 quenda.
518 1748 709 1825 Saepe
746 1749 832 1809 sic
870 1752 1180 1825 peccatum
1217 1750 1402 1809 etiam
1437 1748 1598 1826 apud
1633 1749 1804 1825 alios,
1846 1750 1920 1808 ut
1948 1747 2117 1809 Stra-

184 1849 413 1908 bonem
445 1849 548 1923 16,
583 1866 639 1922 p.
673 1849 708 1906 7
719 1847 819 1923 75,
856 1846 962 1905 ubi
997 1841 1234 1925 ὀστέων,
1273 1848 1492 1924 quibus
1534 1845 1745 1905 formis
1773 1848 2129 1905 constanter

187 1948 454 2006 utuntur
495 1943 721 2004 novicii
767 1943 1101 2022 scriptores,
1147 1964 1457 2023 nunquam
1502 1942 1890 2021 antiquiores.

363 2037 674 2103 Ὁστισοῦν
735 2040 800 2101 in
863 2043 1206 2102 accusativo
1270 2042 1595 2121 singularis
1666 2042 1985 2102 masculini
2058 2043 2120 2101 et

189 2141 466 2201 feminini
510 2163 550 2201 α
595 2141 832 2201 abicere
886 2139 976 2199 ita
1030 2140 1151 2200 alia
1208 2140 1533 2200 ostendunt
1578 2140 1851 2217 exempla
1895 2144 1966 2201 ut
2013 2143 2120 2220 23,

197 2238 299 2314 15,
332 2240 368 2296 2
418 2232 736 2297 ὁντιναοῦν
782 2238 1205 2314 corrigendum
1252 2237 1335 2297 sit
1379 2233 1686 2315 ὁντινοῦν,
1740 2241 2119 2314 quemadmo-

193 2336 341 2395 dum
391 2337 447 2413 1,
485 2337 586 2410 59,
627 2339 693 2413 13
756 2337 812 2409 1,
844 2338 946 2410 61,
978 2337 1045 2411 23
1107 2336 1208 2409 13,
1241 2336 1343 2413 55,
1376 2338 1411 2394 7
1467 2329 1754 2422 ἡντινοῷν
1810 2354 1882 2394 ex
1946 2336 2119 2396 libris

192 2432 441 2492 restitui
494 2451 601 2507 pro
646 2427 1007 2509 ἡντιναοῦν,
1068 2434 1131 2491 et
1178 2434 1270 2491 est
1316 2433 1378 2491 in
1423 2433 1698 2493 omnibus
1750 2436 1847 2507 13,
1884 2434 2029 2511 102,
2062 2435 2118 2492 3.

378 2527 777 2610 Παλαιότερος
824 2534 886 2590 et
944 2527 1334 2601 παλαιότατος
1392 2529 1505 2588 etsi
1560 2533 1905 2590 constanter
1947 2547 2120 2606 prae-
2229 2593 2253 2607 x

190 2628 347 2686 bent
389 2625 550 2705 libri,
594 2630 798 2687 tamen
843 2626 1005 2688 haud
1052 2627 1231 2687 dubie
1274 2647 1396 2687 non
1442 2627 1638 2686 minus
1673 2628 1900 2687 fallunt
1938 2646 2122 2705 quam¹

195 2725 358 2802 apud
405 2725 554 2784 alios
591 2724 927 2803 plerosque,
973 2726 1045 2784 ut
1088 2725 1187 2784 vel
1223 2723 1473 2783 Eusebii
1508 2725 1778 2783 nonnulli
1814 2724 2026 2802 Praep.
2060 2728 2119 2800 3,

195 2842 252 2899 p.
285 2824 388 2898 96,
425 2822 496 2899 Β,
544 2825 788 2882 servant
839 2820 1157 2900 παλαίτερα
1217 2823 1278 2879 et
1324 2824 1384 2897 4,
1428 2841 1485 2895 Ρ.
1518 2823 1663 2899 169,
1701 2821 1782 2898 D,
1837 2820 2128 2881 παλαιαί--

26 2941 33 2948 ’
134 2923 139 2927 ’
194 2939 328 2996 της,
384 2922 448 2980 et
492 2919 655 2995 apud
699 2919 1065 2978 Pausaniam
1109 2918 1382 2995 quamvis
1428 2920 1772 2977 constanter
1818 2919 2135 2978 scribatur⁴

195 3016 609 3099 παλαιότερος,
672 3020 877 3077 tamen
929 3017 1043 3076 hoc
1095 3016 1324 3092 pariter
1379 3017 1559 3090 atque
1615 3012 2013 3095 σχολαιότερος
2063 3018 2135 3092 7,.

198 3121 302 3195 12,
332 3120 392 3194 9,
435 3115 747 3192 redarguit
801 3116 1058 3174 duorum
1115 3113 1478 3189 optimorum
1534 3112 1831 3189 scriptura
1889 3115 2120 3192 σχολαι-

194 3211 353 3293 τέρα,
399 3217 470 3273 ut
514 3212 835 3292 παλαίτερα
878 3212 1154 3288 Dionysii
1190 3212 1263 3270 A.
1304 3210 1375 3269 R.
1416 3213 1473 3286 1,
1501 3211 1605 3288 40,
1641 3230 1700 3286 Ρ.
1734 3212 1878 3286 101,
1911 3213 2022 3287 133
2062 3212 2122 3279 2,

198 3315 304 3390 47,
338 3333 399 3390 Ρ.
430 3313 579 3391 335,
612 3316 677 3390 73
718 3313 774 3388 8,
808 3312 910 3389 74,
946 3330 1004 3386 Ρ.
1035 3310 1227 3385 1689,
1257 3310 1316 3384 4,
1361 3307 1675 3386 redarguit
1720 3307 1881 3383 quod
1928 3308 2023 3366 est
2064 3307 2139 3375 1„

196 3412 257 3489 8,
292 3413 349 3489 9,
383 3413 485 3487 12,
517 3411 627 3486 683
669 3412 726 3486 2,
758 3412 859 3486 12,
904 3403 1310 3484 παλαιότατος,
1347 3408 1409 3465 et
1450 3406 1549 3482 13,
1595 3400 2009 3479 παλαιότερον;
2061 3400 2132 3470 2,.
2220 3433 2226 3439 -

348 3539 566 3606 Οὖθείς
594 3541 863 3599 exhibent
881 3557 1072 3597 omnes
1094 3547 1143 3606 2,
1167 3546 1249 3607 19,
1272 3545 1333 3603 ὃς
1360 3533 1606 3600 οὐθενός
1626 3544 1675 3603 1,
1696 3542 1783 3600 31,
1805 3540 1862 3597 63
1901 3526 2124 3584 οὐθένα

193 3632 249 3695 3,
273 3629 360 3693 73,
383 3629 443 3689 δί
472 3616 653 3678 Οὗθὲν
675 3630 724 3690 1,
745 3628 831 3692 37,
851 3628 910 3687 2;
941 3619 1195 3691 μηθενός
1220 3626 1269 3687 1,
1288 3624 1375 3685 22,
1400 3624 1425 3670 1
1450 3616 1689 3682 aliisque
1717 3603 2135 3693 locis-variant.⁴

346 3697 543 3765 Οὕτως
579 3702 753 3758 etiam
790 3703 922 3757 ante
960 3701 1334 3756 consonantes
1372 3714 1486 3750 non
1521 3708 1649 3746 raro
1685 3684 1987 3741 invemtur.
