2569 4061
396 222 482 288 98
1056 213 1366 279 monoffl
1404 212 1643 268 SIGULI

398 385 480 450 οὐ
528 382 786 470 ῥᾴδιον,
831 382 906 445 τὸ
954 375 1018 444 δ’
1059 378 1451 465 ἀναγραφῆς
1496 376 1770 454 ἀξιῶσαι
1814 376 1894 439 τὰ
1942 376 2322 459 διαφωνού-

397 513 563 574 μενα
634 489 813 572 παρὰ
879 496 1019 562 τοῖς
1092 491 1597 569 συγγραφεῦσιν
1671 481 2071 564 ἀναγκαῖον,
2145 482 2324 560 ὅπως

398 593 702 681 ἀκέραιος
753 593 795 676 ἡ
850 590 1002 677 περὶ
1064 599 1182 674 τῆς
1238 590 1556 673 ἀληθείας
1618 591 1834 675 κρίσις
1889 575 2335 672 ἀπολείπηται.

394 711 535 778 τοῖς
580 698 1198 781 ἀναγινώσκουσιν(

289 809 374 876 57
568 803 639 870 Ὁ
686 803 747 870 δ’
793 799 919 870 οὖν
954 805 1297 879 Σεσόωσις
1342 802 1611 886 χώματα
1652 801 1868 868 πολλὰ
1913 798 2024 865 καὶ
2069 801 2321 884 μεγάλα
2347 817 2380 857 ⁵

367 977 370 980 ,
400 912 895 994 κατασκευάσας
937 910 1054 986 τὰς
1089 912 1316 985 πόλεις
1361 909 1458 985 εἰς
1499 916 1704 972 ταῦτα
1741 904 2123 993 μετῴκισεν,
2170 906 2325 972 ὅσαι

363 1022 484 1105 -μὴ
534 1028 833 1104 φυσικῶς
877 1018 951 1081 τὸ
1009 1017 1259 1099 ἔδαφος
1304 1014 1669 1098 ἐτύγχανον
1725 1011 2099 1099 ἐπηρμένον
2143 1015 2327 1098 ἔχου-

397 1144 541 1208 σαι,
600 1125 778 1200 ὅπως
821 1125 985 1188 κατὰ
1028 1124 1145 1200 τὰς
1189 1122 1564 1207 πληρώσεις
1607 1129 1729 1185 τοῦ
1783 1128 2085 1203 ποταμοῦ
2129 1143 2323 1185 κατα-

398 1232 618 1315 φυγὰς
674 1232 914 1314 ἔχωσιν
970 1228 1375 1306 ἀκινδύνους
1428 1228 1500 1293 οἵ
1551 1251 1622 1292 τε
1676 1228 2029 1314 ἄνθρωποι
2069 1224 2192 1291 ’καὶ
2242 1227 2322 1290 τά

326 1361 357 1409 2
395 1339 619 1420 κτήνη.
709 1337 874 1401 κατὰ
925 1344 1147 1400 πᾶσαν
1202 1330 1277 1400 δὲ
1332 1335 1453 1418 τὴν
1502 1334 1727 1419 χώραν
1780 1334 1904 1416 τὴν
1961 1333 2088 1398 ἀπὸ
2136 1331 2322 1417 Μέμ-
2351 1348 2408 1387 10

397 1467 577 1528 φεως
623 1440 730 1507 ἐπὶ
773 1443 1115 1507 θάλατταν
1162 1440 1374 1528 ὤρυξε
1428 1441 1684 1517 πυκνὰς
1705 1439 1802 1504 ’ἐκ
1854 1448 1977 1532 τοῦ
2022 1449 2321 1523 ποταμοῦ

398 1550 761 1635 διώρυχας,
828 1549 939 1613 ἵνα
1002 1549 1118 1625 τὰς
1188 1545 1313 1632 μὲν
1377 1547 1784 1631 συγκομιδὰς
1845 1556 1979 1610 τῶν
2049 1554 2324 1631 καρπῶν

399 1666 722 1720 ποιῶνται
772 1658 1115 1739 συντόμως
1158 1651 1269 1719 καὶ
1308 1653 1577 1740 ῥᾳδίως,
1622 1663 1766 1729 ταῖς
1803 1648 1879 1716 δὲ
1920 1653 2091 1738 πρὸς
2126 1651 2321 1734 ἀλλή-

398 1766 559 1838 λους
621 1772 756 1825 τῶν
829 1765 1011 1825 λαῶν
1076 1758 1429 1842 ἐπιμιξίαις
1491 1757 1603 1823 καὶ
1668 1769 1832 1824 πᾶσι
1896 1770 2036 1835 τοῖς
2096 1760 2324 1834 τόποις

395 1867 657 1953 ὑπάρχῃ
717 1867 1022 1952 ῥᾳστώνη
1068 1863 1179 1931 καὶ
1232 1866 1504 1930 πάντων
1547 1875 1683 1929 τῶν
1740 1866 1907 1952 πρὸς
1953 1865 2322 1930 ἀπόλαυσιν
2351 1878 2407 1919 15

395 1974 607 2057 πολλὴ
649 1974 985 2051 δαψίλεια·
1029 1974 1104 2038 τὸ
1154 1968 1228 2037 δὲ
1275 1969 1610 2057 μέγιστον,
1656 1973 1822 2060 πρὸς
1861 1974 1979 2050 τὰς
2023 1983 2159 2038 τῶν
2202 1993 2320 2038 πο-
2361 1971 2432 2020 67

397 2083 643 2164 λεμίων
711 2079 1000 2165 ἐφόδους
1071 2079 1325 2166 ὀχυρὰν
1390 2077 1500 2145 καὶ
1574 2079 1991 2166 δυσέμβολον
2056 2079 2322 2162 ἐποίησε

325 2189 520 2271 3»τὴν
571 2189 822 2274 χώραν·
881 2189 1000 2252 τὸν
1055 2189 1182 2275 γὰρ
1247 2189 1376 2272 πρὸ
1431 2195 1552 2251 τοῦ
1605 2189 1852 2272 χρόνον
1906 2187 1947 2269 ἡ
2007 2190 2321 2273 κρατίστη

397 2303 512 2377 τῆς
537 2294 887 2375 Αἰγύπτου
930 2303 1110 2358 πᾶσα
1149 2294 1389 2376 σχεδὸν
1427 2293 1784 2376 ἱππάσιμος
1820 2279 1991 2358 οὖσα
2034 2292 2146 2359 καὶ
2181 2304 2324 2370 ταῖς

399 2402 766 2484 συνωρίσιν
814 2399 1092 2480 εὔβατος
1136 2394 1246 2461 ἀπ’
1302 2394 1562 2460 ἐκείνου
1615 2406 1738 2462 τοῦ
1782 2399 2034 2483 χρόνου
2091 2401 2203 2463 διὰ
2248 2401 2321 2463 τὸ
2351 2411 2408 2450 2⁰

399 2507 662 2585 πλῆθος
715 2513 850 2568 τῶν
896 2502 968 2567 ἐκ
1012 2510 1133 2566 τοῦ
1188 2509 1490 2585 ποταμοῦ
1538 2502 1888 2588 διωρύχων
1937 2504 2326 2587 δυσεφοδω-

326 2632 361 2679 4
397 2608 556 2693 τάτη
616 2607 909 2692 γέγονεν.
1003 2607 1274 2691 ἐτείχισε
1333 2603 1408 2672 δὲ
1452 2605 1562 2672 καὶ
1611 2608 1734 2690 τὴν
1787 2610 1954 2694 πρὸς
2001 2608 2326 2687 ἀνατολὰς

398 2715 734 2780 νεύουσαν
779 2715 1075 2800 πλευρὰν
1118 2722 1235 2798 τῆς
1271 2714 1617 2796 Αἰγύπτου
1662 2715 1827 2800 πρὸς
1871 2716 1989 2792 τὰς
2034 2712 2162 2778 ἀπὸ
2209 2723 2325 2799 τῆς

397 2822 656 2906 Συρίας
709 2819 844 2886 καὶ-
874 2828 990 2903 τῆς
1037 2814 1344 2906 Ἀραβίας
1400 2819 1681 2904 ἐμβολὰς
1744 2820 1872 2885 ἀπὸ
1931 2823 2324 2904 Πηλουσίου

400 2925 590 3013 μέχρι
627 2923 1117 3003 “Ηλιουπόλεως
1173 2926 1284 2991 διὰ
1329 2935 1445 3009 τῆς
1499 2924 1778 3011 ἐρήμου,
1834 2928 1909 2990 τὸ
1956 2935 2162 3012 μῆκος
2219 2924 2324 2990 ἐπὶ
2353 2941 2412 2982 25

333 3060 364 3109 5
403 3035 718 3109 σταδίους
762 3035 1018 3116 χιλίους
1072 3028 1183 3096 καὶ
1235 3033 1729 3107 πεντακοσίους.
1822 3030 2325 3114 ἐναυπηγήσπο

407 3138 481 3208 δὲ·
537 3137 647 3206 καὶ
700 3143 939 3204 πλοῖον
985 3137 1298 3224 κέδρινον
1358 3137 1432 3202 τὸ
1479 3133 1602 3220 μὲν
1656 3144 1864 3221 μῆκος
1907 3148 2137 3221 πηχῶν
2184 3138 2326 3202 δια-

554 3340 585 3387 3
625 3328 902 3403 ἀληθείας
937 3331 1138 3401 κρίσις]
1178 3325 1473 3404 ἀκριβείας
1510 3330 1774 3393 σύστασις
1810 3329 1859 3382 D
1997 3338 2030 3386 6
2079 3328 2159 3391 εἰς
2194 3325 2327 3383 ταύ-

409 3422 510 3463 τας
547 3404 671 3469 DF,
709 3400 921 3466 ταύτας
958 3401 1018 3471 Ο,
1056 3419 1193 3458 corr.
1232 3402 1410 3458 Wess.
1524 3407 1590 3458 14
1625 3398 1853 3470 τρόποις
1891 3401 1997 3456 OF
2095 3406 2161 3455 18
2198 3399 2326 3471 τοῦ]

409 3468 611 3526 τούτου
650 3474 698 3526 D
844 3480 913 3528 20
952 3471 1190 3544 ἔμβατος
1225 3472 1375 3544 vulg.
