2569 4061
389 269 521 336 336
1061 266 1371 324 DIODORI
1406 265 1638 323 SICULI

318 454 348 482 υ
386 436 462 500 τὸ
509 435 740 515 ἔθνος,
785 431 873 514 ἢν
918 436 1225 515 μυθικῶς
1278 426 1558 506 ἑαυτοὺς
1603 426 2086 514 παρειληφέναι
2137 431 2324 514 παρὰ

386 551 522 605 τῶν
566 540 921 623 προγόνων
969 538 1374 622 ἱστοροῦσιν.
1466 537 1508 620 ἡ
1557 531 1618 602 δ’
1675 534 1821 621 ἑξῆς
1866 537 2047 622 χώρα
2097 559 2324 602 κατοι-

387 655 598 710 κεῖται
655 641 778 729 μὲν
831 644 961 710 ὑπὸ
1004 641 1303 729 Ἀράβων
1342 641 1688 709 Ἀλιλαίων
1756 641 1869 709 καὶ
1925 644 2320 727 Γασανδῶν,

390 750 515 817 οὐκ
559 753 853 837 ἔμπυρος
889 746 1059 817 οὑσα
1095 749 1402 834 καθάπερ
1449 750 1524 814 αἰ
1554 751 1861 834 πλησίον,
1910 749 2077 814 ἀλλὰ
2114 754 2322 833 μαλα-

388 867 537 936 καῖς
572 856 687 923 καὶ
732 860 1026 934 δασείαις
1060 855 1376 941 νεφέλαις
1419 856 1737 932 πολλάκις
1770 853 2197 940 κατεχομένη·
2247 855 2323 922 ἐκ
2351 875 2380 917 5

392 962 467 1031 δὲ
508 967 765 1031 τούτων
800 961 985 1029 ὑετοὶ
1019 965 1329 1046 γίνονται
1370 960 1484 1027 καὶ
1519 971 1834 1047 χειμῶνες
1874 963 2170 1046 εὔκαιροι
2205 961 2323 1028 καὶ

390 1079 744 1146 ποιοῦντες
789 1070 912 1152 τὴν
955 1070 1242 1153 θερινὴν
1290 1069 1473 1153 ὥραν
1519 1069 1862 1152 εὔκρατον.
1933 1068 1975 1150 ἦ
2020 1090 2091 1133 τε
2135 1069 2322 1153 χώρα

390 1177 747 1259 πάμφορός
802 1173 941 1239 ἐστι
985 1172 1096 1239 καὶ
1156 1174 1484 1258 διάφορος
1535 1174 1700 1238 κατὰ
1743 1173 1867 1256 τὴν
1918 1172 2187 1258 ἀρετήν,
2234 1175 2319 1239 οὐ

391 1279 619 1364 μέντοι
654 1281 968 1365 τυγχάνει
1001 1288 1119 1364 τῆς
1164 1279 1600 1365 ἐνδεχομένης
1635 1278 2004 1363 ἐπιμελείας
2050 1281 2163 1345 διὰ
2194 1282 2320 1364 τὴν

324 1408 354 1457 7
392 1397 532 1451 τῶν
578 1391 761 1451 λαῶν
808 1386 1131 1472 ἀπειρίαν.
1204 1388 1326 1452 τὸν
1373 1383 1447 1451 δὲ
1491 1388 1743 1471 χρυσὸν
1778 1386 2200 1471 εὑρίσκοντες
2244 1386 2319 1453 ἐν
2352 1409 2408 1448 10

390 1516 466 1557 το
477 1503 538 1570 ῖς
583 1504 897 1577 φυσικοῖς
939 1494 1306 1578 ὑπονόμοις
1338 1501 1454 1576 τῆς
1496 1500 1620 1576 γῆς
1663 1493 2036 1575 συνάγουσι
2080 1494 2318 1577 πολύν,

393 1597 475 1663 οὐ
532 1600 651 1664 τὸν
707 1599 780 1666 ἐκ
833 1608 954 1665 τοῦ
1010 1603 1355 1684 ψήγματος
1409 1600 1934 1683 συντηκόμενον,
1990 1598 2157 1664 ἀλλὰ
2200 1600 2319 1664 τὸν

393 1705 701 1791 αὐτοφυῆ
774 1705 886 1771 καὶ
948 1707 1365 1790 καλούμενον
1439 1705 1568 1770 ἀπὸ
1631 1713 1754 1770 τοῦ
1828 1707 2321 1790 συμβεβηκότος

314 1830 342 1859 ·
393 1812 710 1896 ἄπυρον..
766 1812 931 1876 κατὰ
992 1806 1066 1875 δὲ
1120 1811 1195 1875 τὸ
1241 1808 1530 1895 μέγεθος
1583 1809 1921 1895 ἐλάχιστος
1962 1806 2085 1893 μὲν
2137 1809 2318 1893 εὑρί-

395 1933 620 1983 σκεται
672 1919 1129 2002 παραπλήσιος
1181 1924 1458 2001 πυρῆνι,
1517 1915 1824 2002 μέγιστος
1875 1911 1949 1980 δὲ
2001 1913 2082 1980 οὐ
2140 1917 2317 1981 πολὺ
2352 1938 2409 1979 15

324 2048 357 2097 8
394 2026 785 2109 λειπόμενος
847 2027 1195 2108 βασιλικοῦ
1259 2023 1532 2108 καρύου.
1636 2032 1928 2108 φοροῦσι
1990 2015 2050 2087 δ’
2112 2020 2319 2089 αὐτὸν

391 2134 552 2216 περί
598 2155 670 2197 τε
735 2135 893 2209 τοὺς
946 2134 1242 2216 καρποὺς
1304 2140 1438 2196 τῶν
1491 2140 1732 2216 χειρῶν
1794 2128 1907 2195 καὶ
1959 2128 2111 2215 περὶ
2164 2132 2321 2207 τοὺς

392 2240 801 2323 τραχήλους,
867 2236 1268 2323 τετρημένον
1328 2236 1605 2317 ἐναλλὰξ
1660 2238 1883 2314 λίθοις
1947 2234 2320 2321 διαφανέσι.

392 2343 505 2412 καὶ
579 2346 824 2410 τούτου
896 2342 1018 2430 μὲν
1090 2352 1211 2410 τοῦ
1282 2341 1522 2427 γένους
1587 2343 2096 2422 ἐπιπολάζοντος
2157 2341 2311 2429 παρ’

396 2451 645 2535 αὑτοῖς,
683 2456 933 2535 χαλκοῦ
973 2447 1047 2514 δὲ
1082 2448 1194 2522 καὶ
1232 2452 1518 2536 σιδήρου
1555 2453 2007 2534 σπανίζοντος,
2046 2444 2146 2515 ἐπ’
2174 2456 2322 2533 ἴσης
2351 2471 2407 2511 20

397 2556 834 2623 ἀλλάττονται
876 2565 1079 2621 ταῦτα
1135 2558 1216 2621 τὰ
1261 2560 1506 2642 φορτία
1551 2559 1718 2642 πρὸς
1769 2560 1928 2633 τοὺς
1972 2555 2320 2642 ἐμπόρους.

290 2665 375 2729 46
576 2664 771 2727 Μετὰ
817 2658 892 2727 δὲ
936 2663 1217 2739 τούτους
1271 2663 1687 2748 ὑπάρχουσιν
1735 2664 1806 2729 oc
1845 2664 2322 2747 ὀνομαζόμενοι

395 2767 699 2853 Κάρβαι,
744 2767 856 2833 καὶ
902 2770 1062 2852 μετὰ
1105 2770 1384 2846 τούτους
1429 2773 1747 2853 Σαβαῖοι,
1792 2770 2322 2854 πολυανθρωπό-

396 2897 583 2940 τατοι
627 2886 763 2941 τῶν
792 2872 1159 2963 Ἀραβικῶν
1196 2875 1419 2941 ἐθνῶν
1457 2878 1658 2952 ὄντες.
1729 2873 2042 2960 νέμονται
2090 2871 2164 2940 δὲ
2197 2876 2321 2958 τὴν

398 2982 768 3067 εὐδαίμονα
805 2981 1169 3067 λεγομένην
1191 2981 1526 3068 Ἀραβίαν,
1558 2982 1902 3068 φέρουσαν
1938 2983 2020 3046 τὰ
2046 2986 2322 3047 πλεῖστα
2351 3002 2406 3044 25

397 3101 532 3155 τῶν
579 3089 733 3176 παρ’
769 3091 929 3175 ἡμῖν
977 3091 1255 3173 ἀγαθῶν
1292 3088 1404 3156 καὶ
1438 3091 1841 3175 θρεμμάτων
1878 3090 2323 3156 παντοδαπῶν

398 3195 856 3281 ἐκτρέφουσαν
910 3202 1171 3280 πλῆθος
1226 3197 1593 3280 ἀμύθητον.
1684 3195 1933 3261 εὐωδία
1987 3217 2058 3260 τε
2113 3194 2323 3278 αὐτὴν

542 3391 574 3437 3
613 3385 719 3453 μὲν
757 3404 864 3442 om.
902 3386 953 3438 A
1047 3383 1275 3442 Ἀλιάων
1316 3388 1375 3457 C,
1407 3384 1656 3441 Ἀλιαίων
1691 3388 1736 3441 F
1846 3394 1879 3442 6
1914 3381 2073 3441 ὑετοὶ
2111 3385 2322 3455 Agath.

398 3452 494 3519 96]
534 3456 760 3521 νιφετοὶ
796 3456 1017 3511 codices
1130 3463 1197 3512 10
1234 3457 1412 3527 λαῶν]
1451 3453 1632 3512 ἄλλων
1670 3456 1731 3525 F,
1768 3454 1977 3514 ἁλιέων
2017 3455 2066 3510 G
2159 3462 2227 3510 22
2267 3452 2331 3510 ot

398 3532 508 3573 om.
540 3522 690 3589 vulg.
802 3531 871 3578 24
900 3525 992 3595 δὲ]
1021 3522 1130 3595 γὰρ
1162 3527 1267 3583 ΟΕ
1370 3531 1439 3580 27
1467 3545 1525 3580 τε
1556 3526 1793 3596 Bekker‚
1822 3547 1881 3583 τε
1912 3524 2020 3597 γὰρ
2048 3527 2200 3583 libri.
