2569 4061
314 210 401 277 60
987 209 1294 266 DIODORI
1332 209 1562 268 SICULI

314 375 713 458 ποιούμενος
776 372 1041 453 αὔξεται
1104 367 1227 457 μὲν
1291 371 1481 458 μέχρι
1545 381 1662 457 τῆς
1727 374 2070 460 ἰσημερίας
2129 383 2245 458 τῆς

315 487 802 566 μετοπωρινῆς,
848 478 1114 562 ἐπάγων
1170 475 1231 543 δ’
1277 478 1382 545 ἀεὶ
1435 478 1598 544 νέαν
1646 480 1798 544 ἰλὺν
1852 478 2073 566 βρέχει
2121 482 2247 564 τὴν

315 596 443 670 γῆν
489 585 733 671 ὁμοίως
778 588 902 669 τήν
945 607 1016 651 τε
1063 584 1276 671 ἀργὴν
1315 583 1428 650 καὶ
1472 589 1803 672 σπόριμον
1848 584 1958 651 καὶ
2002 587 2247 670 φυτεύ-

316 709 514 777 σιμον
550 702 874 758 τοσοῦτον
919 693 1166 778 χρόνον
1204 692 1371 757 ὅσον
1417 690 1503 758 ἂν
1537 693 1609 757 οί
1637 702 2091 778 γεωργοῦντες
2125 694 2249 777 τὴν

245 824 277 872 3
315 800 540 884 χώραν
595 802 978 882 ἐθελήσωσι.
1071 807 1194 863 τοῦ
1246 799 1376 884 γὰρ
1429 798 1677 876 ὕδατος
1729 797 1989 885 πραέως
2052 822 2246 886 φερο-
2274 816 2302 857 5

315 904 524 990 μένου
569 906 818 993 ῥᾳδίως
863 903 1356 990 ἀποτρέπουσιν
1412 905 1619 972 αὐτὸν
1663 916 1923 992 μικροῖς
1967 907 2246 991 χώμασι,

314 1010 427 1077 καὶ
489 1013 692 1077 πάλιν
757 1011 1121 1094 ἐπάγουσιν
1188 1010 1477 1097 εὐχερῶς
1538 1021 1743 1078 ταῦτα
1810 1014 2246 1098 διαιροῦντες,

246 1144 279 1191 4
317 1119 478 1183 ὅταν
533 1117 696 1203 δόξῃ
752 1115 1138 1202 συμφέρειν.
1229 1119 1533 1183 καθόλου
1589 1115 1663 1183 δὲ
1723 1119 2056 1204 τοσαύτην
2111 1129 2251 1197 τοῖς
2284 1138 2352 1188 43

316 1222 440 1308 μὲν
486 1225 707 1308 ἔργοις
761 1222 1081 1288 εὐκοπίαν
1126 1220 1509 1309 παρέχεται,
1557 1236 1698 1302 τοῖς
1749 1219 1812 1290 δ’
1864 1225 2249 1311 ἀνθρώποις

319 1329 753 1413 λυσιτέλειαν,
802 1330 969 1395 ὥστε
1006 1333 1163 1407 τοὺς
1209 1327 1332 1415 μὲν
1368 1334 1719 1410 πλείστους
1762 1343 1898 1397 τῶν
1933 1342 2248 1417 γεωργῶν
2276 1351 2328 1390 10

318 1449 457 1515 τοῖς
503 1434 1137 1523 ἀναξηραινομένοις
1170 1445 1290 1522 τῆς
1332 1445 1456 1521 γῆς
1495 1441 1724 1516 τόποις
1769 1436 2250 1523 ἐφισταμένους

317 1544 428 1610 καὶ
481 1546 556 1610 τὸ
621 1544 879 1630 σπέρμα
943 1544 1315 1627 βάλλοντας
1378 1544 1646 1628 ἐπάγειν
1698 1545 1779 1609 τὰ
1842 1548 2248 1630 βοσκήματα,

317 1649 429 1716 καὶ
473 1651 738 1728 τούτοις
793 1651 1349 1734 συμπατήσαντας
1392 1650 1554 1733 μετὰ
1607 1648 1919 1735 τέτταρας
1963 1650 2004 1733 ἢ
2055 1649 2249 1716 πέντε

318 1766 532 1841 μῆνας
568 1756 869 1822 ἀπαντᾶν
907 1754 1014 1821 ἐπὶ
1050 1757 1170 1820 τὸν
1204 1757 1556 1839 θερισμόν,
1595 1754 1819 1831 ἐνίους
1855 1750 1932 1819 δὲ
1966 1756 2250 1841 κούφοις

319 1863 627 1949 ἀρότροις
673 1862 1124 1945 ἐπαγαγόντας
1176 1858 1473 1946 βραχέως
1516 1861 1639 1944 τὴν
1690 1859 2085 1946 ἐπιφάνειαν
2131 1871 2248 1946 τῆς
2276 1880 2327 1920 15

319 1966 763 2055 βεβρεγμένης
797 1966 1016 2052 χώρας
1053 1968 1316 2052 σωροὺς
1345 1965 1771 2053 ἀναιρεῖσθαι
1805 1978 1941 2034 τῶν
1976 1980 2250 2056 καρπῶν

250 2100 282 2148 5
320 2075 522 2163 χωρὶς
569 2076 870 2159 δαπάνης
914 2078 1163 2158 πολλῆς
1207 2072 1321 2140 καὶ
1365 2077 1831 2153 κακοπαθείας.
1907 2075 2078 2154 ὅλως
2121 2079 2250 2163 γὰρ

320 2193 499 2249 πᾶσα
552 2185 841 2268 γεωργία
898 2182 1081 2267 παρὰ
1134 2178 1257 2265 μὲν
1311 2192 1453 2259 τοῖς
1517 2182 1744 2259 ἄλλοις
1796 2185 2026 2248 ἔθνεσι
2092 2186 2252 2268 μετὰ

321 2291 626 2374 μεγάλων
682 2287 1137 2371 ἀναλωμάτων
1194 2287 1307 2353 καὶ
1362 2293 1830 2374 ταλαιπωριῶν
1886 2290 2250 2374 διοικεῖται,

320 2396 498 2480 παρὰ
553 2391 616 2459 δ’
667 2395 1065 2476 Αἰγυπτίοις
1118 2396 1351 2478 μόνοις
1405 2393 1774 2479 ἐλαχίστοις
1828 2397 2252 2481 δαπανήμασι
2279 2414 2332 2453 20

188 2512 196 2531 '
323 2498 436 2565 καὶ
483 2501 717 2576 πόνοις
762 2501 1240 2583 συγκομίζεται.
1315 2500 1357 2583 ἥ
1392 2523 1463 2565 τε
1511 2500 1973 2587 ἀμπελόφυτος
2010 2501 2253 2586 ὁμοίως

325 2603 738 2693 ἀρδευομένη
797 2606 1152 2683 δαψίλειαν
1207 2612 1400 2673 οἴνου
1454 2619 1595 2686 τοῖς
1648 2608 1991 2695 ἐγχωρίοις
2048 2630 2253 2694 παρα-

254 2737 286 2785 6
327 2714 639 2792 σκευάζει.
715 2712 788 2778 οἰ
829 2708 903 2777 δὲ
946 2713 1291 2798 χερσεύειν
1338 2714 1650 2792 ἐάσαντες
1692 2717 1817 2799 τὴν
1861 2715 2086 2800 χώραν
2128 2715 2253 2797 τὴν

324 2798 883 2904 ἐπικεκλυσμέῦην
928 2818 1041 2885 καὶ
1085 2831 1225 2898 τοῖς
1274 2825 1611 2907 ποιμνίοις
1656 2819 1921 2896 ἀνέντες
1964 2822 2251 2904 μηλόβο-

322 2951 442 2993 τον
497 2927 609 2991 διὰ
652 2927 729 2992 τὸ
783 2931 1045 3011 πλῆθος
1088 2935 1204 3012 τῆς
1258 2937 1472 3013 νομῆς
1516 2926 1620 3004 δὶς
1672 2928 1947 2992 τεκόντα
1990 2924 2103 2991 καὶ
2149 2923 2253 3004 δὶς
2280 2943 2334 2984 25

325 3032 741 3121 ἀποκαρέντα
786 3036 867 3099 τὰ
912 3036 1213 3120 πρόβατα
1257 3043 1687 3121 καρποῦνται.

256 3163 285 3210 ’1
511 3142 604 3205 Τὸ
653 3137 728 3204 δὲ
782 3142 1141 3223 γινόμενον
1185 3138 1341 3225 περὶ
1384 3140 1508 3223 τὴν
1553 3138 1882 3219 ἀνάβασιν
1927 3146 2049 3204 τοῦ
2092 3139 2254 3203 Νεί-

324 3250 448 3312 λου
502 3257 644 3323 τοῖς
700 3241 823 3329 μὲν
880 3247 1102 3312 ἰδοῦσι
1154 3246 1549 3330 θαυμαστὸν
1605 3247 1942 3330 φαίνεται,
1997 3254 2137 3322 τοῖς
2183 3242 2246 3310 δ’

324 3485 357 3533 χ
389 3465 402 3482 ,
470 3405 535 3453 15
552 3397 999 3524 Οῗεαγαγόντας
1051 3400 1258 3458 Reiske
1478 3409 1546 3459 23
1602 3397 1706 3472 τὴν
1766 3399 2250 3473 ἐπικεκλυσμένην

361 3486 513 3534 ωραν
654 3513 665 3525 .
