2569 4061
417 286 552 351 500
1094 285 1399 342 DIODORI
1438 284 1599 342 SICU
1600 286 1670 341 LI

418 451 811 524 νεανίσκους
857 449 1363 532 παραλαβόντας
1406 448 1531 532 τὴν
1576 448 1788 534 ἀρχὴν
1823 449 2188 533 ὁμολογίας
2250 452 2417 516 θέ-

420 561 582 619 σθαι
628 554 796 639 πρὸς
832 552 1161 639 ἀλλήλους
1195 551 1351 638 παρ’
1388 554 1699 621 ἐνιαυτὸν
1736 556 1980 641 ἄρχειν.
2053 559 2411 640 πρεσβυ-

417 658 616 745 τέρου
662 656 723 725 δ’
779 661 974 738 ὄντος
1013 658 1459 743 Ἐτεοκλέους,
1513 669 1758 727 τοῦτον
1813 672 2078 745 πρῶτον
2127 662 2403 748 ἄρξαι,

411 764 522 832 καὶ
583 768 974 844 διελθόντος
1026 775 1147 832 τοῦ
1201 769 1455 853 χρόνου
1510 768 1598 851 μὴ
1646 768 2016 850 βούλεσθαι
2058 772 2399 853 παραδι-

344 893 378 942 2
416 874 612 939 δόναι
655 874 779 957 τὴν
825 875 1186 957 βασιλείαν.
1269 874 1391 937 τὸν
1436 868 1512 937 δὲ
1549 874 1973 955 Πολυνείκην
2016 875 2187 938 κατὰ
2243 877 2395 955 τὰς
2428 895 2458 936 5

416 980 776 1064 ὁμολογίας
820 979 1121 1045 ἀπαιτεῖν
1164 979 1289 1062 τὴν
1335 978 1573 1064 ἀρχήν·
1619 987 1742 1043 τοῦ
1792 976 1853 1042 δ’
1906 978 2216 1063 ἀδελφοῦ
2273 985 2385 1067 μὴ

417 1087 879 1163 ὑπακούοντος
923 1096 1167 1169 φυγεῖν
1204 1087 1300 1162 είς
1328 1084 1575 1170 ’Ἁργος
1608 1085 1776 1171 πρὸς
1803 1083 2185 1170 ’Ἀδραστον
2237 1090 2386 1153 τὸν

418 1191 708 1277 βασιλέα.
817 1190 973 1256 καθ’
1054 1191 1135 1256 ὃν
1209 1192 1292 1274 δὴ
1366 1194 1616 1277 χρόνον
1688 1188 1855 1276 φασὶ
1935 1190 2156 1257 Τυδέα
2235 1196 2384 1259 τὸν

422 1298 673 1374 Οἰνέως
708 1296 782 1362 ἐν
818 1298 1182 1362 Καλυδῶνι
1215 1301 1377 1375 τοὺς
1413 1297 1733 1375 ἀνεψιοὺς
1768 1297 2091 1363 ἀνελόντα
2121 1293 2376 1366 Ἀλκά-

415 1411 595 1469 θουν
658 1401 771 1469 καὶ
834 1403 1168 1470 Λυκωπέα
1233 1416 1480 1489 φυγεῖν
1544 1405 1617 1470 ἐκ
1677 1413 1793 1488 τῆς
1838 1406 2173 1483 Αἰτωλίας
2240 1410 2350 1485 εἰς
2371 1431 2482 1480 309

347 1530 378 1578 3
399 1509 659 1594 Ἄργος.
689 1507 1065 1596 ’Ἄδραστον
1093 1508 1155 1576 δ’
1182 1509 1602 1595 ἀμφοτέρους
1628 1510 2126 1594 ὑποδεξάμενον
2157 1519 2364 1597 φιλο-
2396 1555 2444 1590 11

419 1619 690 1702 φρόνως
743 1618 907 1682 κατά
961 1641 1025 1681 τι
1079 1619 1313 1701 λόγιον
1369 1619 1747 1683 συνοικίσαι
1800 1618 1917 1693 τας
1970 1618 2362 1707 θυγατέρας

419 1724 670 1809 αὐτοῖς,
700 1721 1006 1808 Ἀργείαν
1033 1720 1156 1809 μὲν
1184 1726 1609 1807 Πολυνείκει,
1637 1725 1995 1808 Δηιπύλην
2024 1721 2098 1789 δὲ
2127 1728 2355 1792 Τυδεῖ.

420 1830 962 1915 εὐδοκιμούντων
1009 1826 1084 1896 δὲ
1127 1840 1264 1895 τῶν
1308 1835 1678 1896 νεανίσκων
1714 1828 1825 1895 καὶ
1861 1831 2149 1915 μεγάλης
2183 1831 2353 1897 ἀπο-

423 1940 626 2022 δοχῆς
682 1937 812 2002 ὑπὸ
871 1946 993 2002 τοῦ
1053 1935 1377 2021 βασιλέως
1437 1940 1931 2022 τυγχανόντων,
1998 1935 2154 2022 φασὶ
2213 1939 2343 2003 τὸν
2376 1975 2434 2015 15

422 2046 780 2131 Αδραστον
834 2045 1268 2130 χαριζόμενον
1314 2044 1542 2121 αὐτοῖς
1588 2043 2106 2128 ἐπαγγείλασθαι
2146 2046 2348 2110 κατά-

351 2171 386 2219 4
425 2150 561 2228 ξειν
591 2150 1009 2237 ἀμφοτέρους
1036 2152 1129 2228 εἰς
1155 2152 1272 2228 τὰς
1299 2152 1638 2235 πατρίδας.
1675 2153 2029 2236 κρίναντος
2058 2140 2117 2216 δ’
2137 2151 2345 2218 αὐτοῦ

421 2265 687 2343 πρῶτον
751 2267 1147 2340 καταγαγεῖν
1212 2259 1333 2322 τὸν
1394 2259 1839 2339 Πολυνείκην,
1904 2258 2188 2340 ἄγγελον
2249 2261 2344 2337 εἰς

421 2365 538 2441 τὰς
594 2367 822 2449 Θήβας
878 2364 1259 2429 ἀποστεῖλαι
1325 2361 1543 2429 Τυδέα
1598 2364 1766 2450 πρὸς
1811 2358 2152 2429 Ἐτεοκλέα
2196 2364 2344 2451 περὶ

421 2479 539 2553 τῆς
592 2472 912 2536 καθόδου.
1005 2469 1302 2536 ἐνταῦθά
1360 2486 1526 2555 φασι
1579 2471 1697 2535 τὸν
1752 2466 1875 2554 μὲν
1937 2468 2154 2535 Τυδέα
2208 2470 2339 2537 ἐνε-
2364 2507 2412 2547 20

425 2575 800 2660 δρευθέντα
855 2579 1019 2642 κατὰ
1073 2578 1197 2660 τὴν
1251 2577 1416 2642 ὁδὸν
1471 2577 1602 2642 ὑπὸ
1644 2574 2060 2654 Ἐτεοκλέους
2114 2583 2339 2663 πεντή-

422 2703 626 2745 κοντα
674 2681 1001 2766 ἀνδράσιν
1046 2683 1341 2759 ἅπαντας
1387 2682 1649 2748 ἀνελεῖν
1684 2681 1796 2748 καὶ
1831 2683 2216 2769 παραδόξως
2247 2686 2339 2763 είς

421 2787 497 2850 τὸ
527 2784 772 2871 ’Ἀργος
809 2788 1252 2871 διασωθῆναι,
1289 2789 1409 2853 τὸν
1447 2787 1507 2852 δ’
1545 2787 1920 2876 ’Ἄδραστον
1955 2793 2337 2875 πυθόμενον

424 2894 503 2959 τὰ
558 2893 903 2978 συμβάντα
955 2895 1596 2981 παρασκευάσασθαι
1649 2898 1730 2960 τα
1774 2897 1941 2981 πρὸς
1983 2897 2108 2979 τὴν
2153 2912 2333 2984 στρα-

425 3003 630 3085 τείαν,
678 3004 994 3067 πείσαντα
1039 3012 1389 3087 μετασχεῖν
1433 3011 1555 3067 τοῦ
1593 3000 1887 3086 πολέμου
1923 3003 2231 3068 Καπανέα
2262 3029 2330 3071 τε
2354 3039 2404 3080 25

426 3107 536 3174 καὶ
573 3105 1049 3194 Ἱππομέδοντα
1084 3106 1198 3173 καὶ
1236 3112 1761 3194 Παρθενοπαῖον
1796 3110 1916 3174 τὸν
1956 3107 2330 3194 Ἀταλάντης

358 3233 389 3281 5
426 3224 541 3298 τῆς
587 3212 940 3300 Σχοινέως.
1030 3217 1188 3291 τοὺς
1242 3210 1317 3278 δὲ
1380 3211 1532 3300 περὶ
1577 3215 1697 3279 τὸν
1742 3218 2162 3299 Πολυνείκην
2204 3215 2327 3281 ἐπι-

573 3341 600 3388 1
642 3330 943 3422 ὁμολογίας
962 3338 1109 3423 post
1143 3330 1415 3423 ἀλλήλους
1451 3334 1500 3387 D
1678 3341 1741 3390 11
1784 3332 2142 3425 φιλοφρόνως
2173 3332 2324 3397 ὑποδ.

426 3407 579 3473 vulg.
755 3412 820 3459 15
866 3401 982 3461 υπὸ
1020 3407 1087 3474 Ε,
1135 3402 1250 3461 άπὸ
1289 3407 1358 3474 D,
1404 3426 1519 3475 παρ
1524 3402 1560 3460 α
1602 3406 1707 3462 OF
1886 3414 1951 3464 16
1989 3405 2242 3493 κατάγειν
2272 3407 2322 3461 D

430 3480 496 3528 18
528 3475 745 3608 3‘030278
751 3495 803 3528 ιν
842 3475 891 3529 D
966 3475 1048 3539 εἰς
1083 3473 1184 3539 τας
1223 3479 1290 3533 Θ.
1330 3493 1436 3532 om.
1477 3477 1530 3530 II
1637 3482 1706 3531 22
1745 3473 1960 3549 ἄνδρας
1996 3481 2126 3548 (om.
2161 3498 2319 3533 απαν-

426 3561 526 3602 τας
