2569 4061
420 240 554 305 222
1000 257 1023 274 s
1087 237 1394 294 DIODORI
1430 237 1664 294 SICULI

418 398 630 468 οὖσαν
668 402 779 466 διὰ
814 401 939 483 τὴν
974 401 1334 487 βαρύτητα,
1374 398 1948 487 διαπορευομένην
1986 395 2049 464 δ’
2084 398 2158 465 ἐν
2196 399 2345 465 ἐλα-

416 514 616 597 χίστῳ
662 511 882 597 χρόνῳ
929 510 1047 574 τὸν
1094 507 1333 592 ἑαυτῆς
1378 509 1663 595 δρόμον,
1720 507 1803 572 οὐ
1860 507 1972 571 διὰ
2025 507 2148 589 τὴν
2194 505 2345 585 ὀξύ-

417 637 578 698 τητα
621 623 737 698 τῆς
783 626 1031 701 φορᾶς,
1092 614 1259 681 ἀλλὰ
1315 615 1427 679 διὰ
1472 615 1596 698 τὴν
1641 614 2017 700 βραχύτητα
2061 622 2183 678 τοῦ
2228 615 2345 680 κύ-

346 742 382 790 6
419 725 603 785 κλου.
696 721 798 786 ὅτι
845 718 919 787 δὲ
963 723 1039 787 τὸ
1086 732 1231 806 φῶς
1276 721 1630 806 ἀλλότριον
1675 723 1808 804 ἔχει
1853 717 1965 785 καὶ
2011 721 2183 785 διότι
2227 721 2345 795 τὰς

417 826 741 908 ἐκλείψεις
794 839 1079 894 ποιεῖται
1137 829 1248 892 διὰ
1303 829 1379 892 τὸ
1441 831 1732 911 σκίασμα
1785 835 1902 910 τῆς
1959 836 2081 910 γῆς
2132 847 2344 911 παρα-
2373 846 2402 885 5

416 938 661 1019 πλήσια
707 934 978 1018 λέγουσι
1021 944 1162 1011 τοῖς
1191 932 1485 1018 Ἕλλησι.
1562 931 1712 1020 περὶ
1754 930 1828 999 δὲ
1863 941 1979 1017 τῆς
2014 934 2180 998 κατὰ
2224 934 2344 998 τὸν

417 1041 614 1124 ἥλιον
659 1040 1010 1120 ἐκλείψεως
1064 1040 1555 1118 ἀσθενεστάτας
1610 1040 1978 1118 ἀποδείξεις
2024 1038 2345 1125 φέροντες

418 1147 502 1211 οὐ
556 1153 847 1230 τολμῶσι
900 1145 1252 1229 προλέγειν
1310 1145 1457 1213 οὐδ’
1522 1147 1808 1233 ἀκριβῶς
1869 1142 2037 1232 ὑπὲρ
2100 1146 2344 1229 ταύτης

344 1271 379 1321 7
418 1252 856 1337 περιγράφειν
899 1255 1057 1329 τοὺς
1109 1255 1413 1339 χρόνους.
1505 1251 1657 1339 περὶ
1712 1249 1786 1318 δὲ
1831 1261 1947 1336 τῆς
1992 1261 2114 1335 γῆς
2161 1253 2342 1317 ίδιω-

416 1357 612 1433 τάτας
658 1356 1026 1443 ἀποφάσεις
1079 1367 1454 1442 ποιοῦνται,
1504 1358 1809 1441 λέγοντες
1852 1358 2177 1443 ὑπάρχειν
2224 1358 2341 1423 αὐ-
2371 1378 2424 1417 10
2559 1425 2560 1436 χ

417 1462 540 1545 τὴν
585 1465 950 1549 σκαφοειδῆ
987 1462 1098 1530 καὶ
1142 1469 1401 1550 κοίλην,
1446 1464 1557 1531 καὶ
1601 1465 1850 1541 πολλάς
1893 1462 2004 1528 καὶ
2048 1464 2342 1540 πιθανὰς
2557 1505 2560 1572 4

416 1568 785 1650 ἀποδείξεις
830 1570 1196 1658 εὐποροῦσι
1248 1576 1409 1658 περί
1445 1596 1516 1637 τε
1560 1572 1802 1655 ταύτης
1855 1569 1966 1636 καὶ
2009 1568 2161 1656 περὶ
2205 1581 2340 1636 τῶν

418 1677 640 1742 ἄλλων
685 1688 819 1743 τῶν
864 1679 1030 1744 κατὰ
1073 1679 1192 1743 τὸν
1236 1681 1520 1762 κόσμον·
1566 1674 1733 1764 ὑπὲρ
1780 1672 1877 1743 ὧν
1911 1678 1993 1742 τὰ
2029 1679 2193 1743 κατὰ
2230 1676 2340 1762 μέ-

418 1807 535 1869 ρος
591 1783 903 1862 διεξιέναι
955 1793 1071 1867 τῆς
1127 1782 1564 1868 ὑποκειμένης
1629 1784 1923 1878 ἱστορίας
1988 1783 2340 1870 ἀλλότριον

343 1909 381 1959 8
420 1885 590 1955 εἶναι
654 1893 1024 1975 νομίζομεν.
1102 1898 1313 1955 ’τοῦτο
1370 1888 1594 1974 μέντοι
1660 1913 1735 1973 γε
1803 1887 2333 1973 διαβεβαιώσαιτ’
2370 1907 2421 1948 15

418 1998 503 2062 ἄν
546 2019 647 2074 τις
690 1999 1161 2083 προσηκόντως
1207 1997 1309 2062 ὅτι
1352 1998 1677 2063 Χαλδαῖοι
1724 2000 2039 2082 μεγίστην
2084 1996 2223 2078 ἕξιν
2268 1995 2343 2063 έν

419 2103 819 2192 ἀστρολογίᾳ
845 2114 983 2169 τῶν
1012 2102 1326 2169 ἁπάντων
1355 2103 1738 2190 ἀνθρώπων
1766 2106 1993 2188 ἔχουσι
2028 2101 2140 2169 καὶ
2171 2105 2341 2169 διότι

418 2212 735 2295 πλείστην
789 2209 1165 2296 ἐπιμέλειαν
1229 2210 1625 2295 ἐποιήσαντο
1689 2212 1931 2295 ταύτης
1994 2220 2109 2294 τῆς
2171 2217 2342 2276 θεω-

344 2336 381 2384 9
422 2319 584 2401 ρίας.
657 2315 809 2403 περὶ
856 2314 930 2382 δὲ
976 2327 1099 2382 τοῦ
1142 2320 1449 2401 πλήθους
1492 2329 1627 2382 τῶν
1674 2316 1861 2400 ἐτῶν,
1908 2316 1982 2382 ἐν
2028 2309 2130 2393 οἷς
2176 2333 2341 2401 φασι

420 2423 542 2505 τὴν
586 2426 884 2508 θεωρίαν
928 2434 1063 2488 τῶν
1117 2425 1282 2489 κατὰ
1335 2425 1454 2488 τὸν
1508 2426 1762 2507 κόσμον
1815 2429 2221 2506 πεποιῆσθαι
2267 2424 2341 2489 τὸ
2369 2442 2423 2482 20

421 2528 724 2611 σύστημα
767 2539 904 2593 τῶν
943 2530 1322 2612 Χαλδαίων,
1370 2528 1493 2594 οὐκ
1540 2530 1624 2593 ἄν
1658 2552 1759 2605 τις
1795 2529 2042 2616 ῥᾳδίως
2076 2530 2343 2595 πιστεύ-

420 2649 623 2698 σειεν·
689 2632 855 2699 ἐτῶν
908 2636 1035 2719 γὰρ
1093 2631 1252 2699 ἑπτα
1306 2633 1417 2700 καὶ
1480 2636 1962 2722 τετταράκοντα
2016 2635 2343 2722 μυριάδας

418 2736 529 2803 καὶ
575 2750 751 2822 τρεῖς
796 2738 903 2805 ἐπὶ
947 2741 1216 2817 ταύταις
1259 2742 1561 2825 χιλιάδας
1607 2743 1701 2818 είς
1743 2743 1867 2825 τὴν
1906 2739 2342 2827 Ἀλεξάνδρου

421 2844 734 2927 διάβασιν
798 2844 1144 2928 γεγονέναι
1215 2853 1780 2933 καταριθμοῦσιν,
1855 2842 1972 2932 ἀφ’
2044 2849 2205 2914 ὅτου
2265 2850 2341 2914 τὸ

418 2952 705 3016 παλαιὸν
767 2950 1054 3038 ἤρξαντο
1126 2965 1262 3018 τῶν
1337 2955 1601 3041 ἄστρων
1671 2956 1788 3030 τὰς
1858 2957 2343 3040 παρατηρήσεις
2370 2973 2422 3014 25

419 3065 779 3126 ποιεῖσθαι.

318 3184 384 3232 10
600 3165 733 3232 Καὶ
790 3164 940 3252 περὶ
997 3163 1119 3250 μὲν
1174 3169 1532 3231 Χαλδαίων
1589 3165 2146 3251 ἀρκεσθησόμεθα
2206 3178 2344 3245 τοῖς

421 3270 763 3354 ῥηθεῖσιν,
828 3272 940 3335 ἵνα
1002 3273 1090 3355 μὴ
1155 3273 1565 3356 μακρότερον
1615 3268 2169 3359 χάποπλανώμεθα
2228 3282 2344 3356 τῆς

566 3432 592 3478 1
636 3423 954 3497 βραχύτητα
990 3426 1044 3479 II
1206 3422 1498 3498 ἐλαχίστῳ]
1541 3421 1708 3495 ὀλίγῳ
1745 3424 1797 3478 Il
1951 3432 1984 3481 8
2024 3423 2202 3497 αὐτῆς
2239 3429 2348 3484 OF

420 3495 453 3540 9
490 3495 890 3563 παραγράφειν
927 3496 1075 3566 libri,
1112 3513 1249 3553 corr.
1291 3497 1468 3552 Wess.
1599 3502 1665 3550 16
1701 3492 2097 3566 προσηκόντως
2133 3516 2243 3553 om.
2272 3499 2337 3555 D.
