2569 4061
343 329 476 394 284
1010 325 1320 382 DIODORI
1358 324 1592 381 smum

342 496 625 577 κόμενον
673 490 785 555 διὰ
828 499 963 554 τῶν
1008 489 1235 575 ὑγρῶν
1281 498 1599 573 καταρρεῖ
1638 488 1802 552 κατὰ
1845 487 1968 569 τὴν
2002 495 2117 570 τῆς
2154 501 2272 551 σα-

344 598 531 672 νίδος
576 598 899 678 ἔγκλισιν,
961 596 1035 660 τὸ
1095 591 1169 659 δὲ
1213 596 1498 679 χρυσίον
1545 595 1698 679 ἔχον
1743 590 1852 658 ἐπὶ
1895 601 2017 659 τοῦ
2066 593 2273 672 ξύλου

274 725 305 775 2
343 700 703 787 παραμένει
760 703 871 768 διὰ
924 701 999 766 τὸ
1055 701 1276 785 βάρος.
1368 701 1686 777 πολλάκις
1742 695 1816 765 δὲ
1869 707 2068 766 τοῦτο
2123 719 2271 765 ποι-

344 798 605 892 οῦντες,
669 809 744 874 τὸ
800 804 923 893 μὲν
975 817 1243 892 πρῶτον
1294 818 1439 883 ταῖς
1491 805 1723 894 χερσὶν
1777 806 2082 894 ἐλαφρῶς
2133 809 2272 892 τρί-

342 918 571 1000 βουσι,
646 916 808 1000 μετὰ
872 910 946 980 δὲ
1009 921 1217 979 ταῦτα
1284 915 1604 997 σπόγγοις
1675 912 1934 998 ἀραιοῖς
1994 915 2267 999 κούφως
2298 932 2328 973 5

344 1021 807 1107 ἐπιθλίβοντες
840 1022 917 1085 τὸ
953 1028 1207 1105 χαῦνον
1238 1016 1352 1084 καὶ
1387 1021 1633 1103 γεῶδες
1669 1022 1781 1085 διὰ
1816 1021 2075 1087 τούτων
2112 1020 2272 1086 ἀνα-

345 1131 793 1215 λαμβάνουσι,
866 1124 1055 1211 μέχρι
1119 1126 1204 1191 ἂν
1268 1127 1430 1193 ὅτου
1492 1128 1798 1212 καθαρὸν
1860 1125 2132 1212 γένηται
2194 1131 2269 1194 τὸ

274 1257 306 1305 3
343 1243 574 1318 ψῆγμα
617 1242 739 1298 τοῦ
783 1241 1056 1317 χρυσοῦ.
1147 1234 1222 1298 τὸ
1271 1229 1347 1298 δὲ
1401 1239 1782 1299 τελευταῖον
1826 1235 2019 1299 ἄλλοι
2062 1245 2273 1318 τεχνῖ-

346 1364 453 1404 ται
508 1339 1140 1425 παραλαμβάνοντες
1193 1337 1409 1429 μέτρω
1465 1338 1575 1406 καὶ
1622 1346 1900 1429 σταθμῷ
1945 1341 2021 1404 τὸ
2068 1357 2271 1425 συνη-

345 1443 594 1530 γμένον
651 1447 747 1522 εἰς
799 1454 1162 1531 κεραμεοῦς
1215 1447 1503 1532 χύτρους
1559 1446 1988 1531 ἐμβάλλουσι·
2048 1447 2270 1532 μίξαν-
2303 1466 2361 1505 10

235 1555 240 1561 '
346 1576 452 1630 τες
506 1548 580 1618 δὲ
635 1553 798 1617 κατὰ
851 1553 926 1618 τὸ
981 1557 1244 1637 πλῆθος
1299 1553 1634 1636 ἀνάλογον
1679 1554 2006 1639 μολίβδου
2051 1555 2273 1637 βῶλον

346 1657 456 1725 καὶ
500 1660 831 1748 χόνδρους
886 1659 1098 1743 ἀλῶν,
1153 1663 1250 1724 ἔτι
1306 1656 1380 1725 δὲ
1426 1663 1641 1746 βραχὺ
1695 1658 2107 1746 καττιτέρου,
2162 1660 2274 1727 καὶ

346 1768 662 1852 κρίθινον
729 1769 1011 1852 πίτυρον
1079 1767 1731 1852 προσεμβάλλουσιν·
1804 1766 2139 1852 ἁρμοστὸν
2204 1763 2268 1832 δ’

348 1872 643 1958 ἐπίθημα
696 1875 1092 1956 ποιήσαντες
1146 1869 1255 1937 καὶ
1312 1878 1499 1961 πηλῷ
1557 1877 1938 1956 φιλοπόνως
1982 1877 2270 1958 περιχρί-

348 1997 584 2058 σαντες
629 1979 919 2047 ὀπτῶσιν
957 1979 1031 2045 ἐν
1067 1982 1323 2068 καμίνῳ
1362 1979 1556 2047 πέντε
1593 1978 1840 2068 ἡμέρας
1874 1977 1986 2047 καὶ
2027 1979 2272 2059 νύκτας
2303 1998 2361 2039 1⁵

278 2109 313 2158 4
352 2093 501 2164 ἴσας
554 2087 1013 2164 ἀδιαλείπτως·
1081 2090 1303 2153 ἔπειτα
1360 2087 1671 2165 ἐάσαντες
1733 2095 2081 2173 ψυχθῆναι
2137 2099 2273 2156 τῶν

348 2191 471 2279 μὲν
517 2197 739 2261 ἄλλων
784 2191 988 2260 οὐδὲν
1034 2193 1464 2280 εὑρίσκουσιν
1502 2194 1576 2260 ἐν
1611 2205 1752 2273 τοῖς
1797 2195 2109 2280 ἀγγείοις,
2155 2198 2274 2262 τὸν

350 2296 424 2366 δὲ
479 2303 731 2388 χρυσὸν
783 2302 1090 2387 καθαρὸν
1144 2302 1606 2385 λαμβάνουσιν
1662 2302 1890 2387 ὀλίγης
1951 2301 2275 2380 ἀπουσίας

349 2405 806 2491 γεγενημένης.
897 2407 938 2490 ἡ
987 2404 1110 2490 μὲν
1156 2402 1282 2471 οὗν
1328 2406 1603 2492 ἐργασία
1656 2415 1778 2473 τοῦ
1823 2416 2081 2492 χρυσοῦ
2124 2406 2275 2493 περὶ

348 2514 465 2589 τὰς
501 2512 805 2597 ἐσχατιὰς
838 2520 956 2597 τῆς
992 2512 1343 2594 Αἰγύπτου
1381 2511 1696 2598 γινομένη
1736 2515 1897 2598 μετὰ
1931 2515 2273 2580 τοσούτων
2302 2532 2358 2571 20

280 2642 312 2690 5
348 2613 461 2681 καὶ
523 2618 934 2700 τηλικούτων
997 2620 1225 2683 πόνων
1291 2624 1728 2685 συντελεῖται·
1801 2620 1966 2703 αὐτὴ
2040 2622 2168 2706 γὰρ
2231 2621 2272 2704 ἡ

351 2722 574 2808 φύσις,
623 2717 829 2807 οἶμαι,
874 2735 1058 2789 ποιεῖ
1096 2725 1439 2810 πρόδηλον
1485 2727 1574 2804 ὡς
1620 2726 1657 2792 ὁ
1703 2729 1947 2812 χρυσὸς
1991 2725 2257 2811 γένεσιν
2279 2748 2384 2797 184

350 2825 473 2913 μὲν
522 2828 841 2895 ἐπίπονον
888 2832 1051 2915 ἔχει,
1109 2832 1420 2916 φυλακὴν
1467 2828 1541 2898 δὲ
1584 2836 1907 2919 χαλεπήν,
1969 2835 2277 2918 σπουδὴν

354 2932 427 3002 δὲ
482 2939 830 3020 μεγίστην,
884 2945 1126 3023 χρῆσιν
1182 2934 1257 3003 δὲ
1314 2938 1442 3004 ἀνά
1495 2938 1704 3024 με’σον
1745 2939 1996 3024 ἡδονῆς
2049 2963 2119 3006 τε
2163 2938 2276 3006 καὶ

349 3044 577 3128 λύπης.
1654 3060 1658 3064 ’
2303 3082 2359 3122 25

519 3165 608 3232 ‘H
651 3164 772 3252 μὲν
820 3161 945 3232 οὖν
988 3178 1124 3233 τῶν
1169 3169 1511 3253 μετάλλων
1555 3170 1812 3235 τούτων
1857 3169 2116 3255 εὕρεσις
2163 3169 2276 3255 ἀρ-

350 3277 504 3356 χαία
549 3278 886 3350 παντελῶς
933 3272 1134 3355 ἐστιν,
1192 3276 1281 3350 ὡς
1327 3272 1411 3339 ἂν
1455 3274 1586 3339 ὑπὸ
1633 3284 1767 3339 τῶν
1812 3279 2115 3341 παλαιῶν
2159 3280 2277 3360 βα-

493 3517 525 3563 2
565 3511 772 3580 χρυσὸν
810 3514 1006 3569 malim
1147 3522 1209 3569 11
1288 3519 1456 3572 ωλίον
1490 3515 1606 3571 DF
1742 3525 1805 3573 12
1844 3519 1941 3574 καὶ
1979 3521 2275 3592 κρὺθινον]

392 3575 449 3626 αὶ
487 3593 594 3632 om.
636 3583 683 3633 Ο
808 3589 874 3636 16
914 3585 1167 3652 ψυγῆναι
1376 3593 1444 3642 22
1483 3583 1514 3642 ὃ
1554 3589 1782 3658 Reiske,
1822 3584 1852 3643 ὁ
1890 3588 1996 3660 μὲν
2034 3591 2277 3648 codices,
