2569 4061
1078 326 1157 380 IV
1195 332 1281 380 36.
1311 332 1397 381 37.
2067 327 2201 392 455

281 491 447 576 πρὸς
491 486 845 574 Ἡρακλέα·
918 488 1165 553 τούτου
1228 489 1356 573 γὰρ
1423 487 1650 566 αὐτοῖς
1714 497 2201 575 συνεργοῦντος

277 605 457 681 τρεῖς
509 599 733 672 πόλεις
779 594 1029 684 ᾤκισαν
1086 592 1160 659 ἐν
1206 597 1736 683 Πελοποννήσῳ,
1779 590 2046 680 Ἀσίνην
2087 592 2199 661 καὶ

281 701 663 787 Ἑρμιόνην,
729 704 825 766 ἔτι
881 696 943 766 δ’
989 695 1237 766 Ἠιόνα.
1330 702 1492 786 μετα
1549 697 1623 765 δὲ
1679 702 1803 784 τὴν
1859 704 2198 787 Δρυόπων
2236 722 2269 771 3

284 808 668 892 ἀνάστασιν,
715 806 1010 893 πολέμου
1048 818 1461 883 συνεστῶτος
1505 816 1645 883 τοϊς
1682 811 2023 892 Δωριεῦσι
2058 817 2199 885 τοῖς

222 935 248 976 5
276 916 400 999 τὴν
419 913 833 980 Ἑστιαιῶτιν
868 911 1289 997 καλουμένην
1327 915 1651 997 οἰκοῦσιν,
1690 908 1786 978 ὧν
1814 911 2198 996 ἐβασίλευεν

275 1023 610 1106 Αἰγίμιος,
646 1018 759 1085 καὶ
795 1031 936 1096 τοῖς
975 1021 1319 1096 Λαπίθαις
1354 1030 1494 1096 τοῖς
1528 1017 1681 1105 περὶ
1715 1021 1835 1085 τὸν
1853 1018 2196 1102 Ὄλυμπον

280 1127 689 1213 ἱδρυμένοις,
756 1121 852 1190 ὧν
926 1124 1326 1190 ἐδυνάστευε
1389 1128 1710 1212 Κόρωνος
1774 1125 1810 1191 ὁ
1872 1123 2195 1209 Καινέως,

273 1233 735 1319 ὑπερεχόντων
773 1228 848 1296 δὲ
883 1242 1019 1296 τῶν
1049 1236 1384 1298 Λαπιθῶν
1420 1235 1592 1298 πολὺ
1628 1242 1771 1310 ταῖς
1808 1232 2193 1316 δυνάμεσιν,

217 1390 230 1397 -
276 1340 347 1404 οἱ
386 1344 674 1425 Δωριεῖς
727 1337 1110 1423 κατέφυγον
1164 1336 1271 1404 ἐπὶ
1316 1341 1436 1403 τὸν
1471 1336 1829 1424 “Ηρακλέα,
1874 1337 1986 1404 καὶ
2032 1340 2195 1424 σύμ-

190 1468 245 1507 10
271 1469 486 1531 μαχον
524 1445 730 1510 αὐτὸν
768 1443 1087 1510 ἐκάλεσαν
1123 1442 1231 1509 ἐπὶ
1265 1447 1463 1533 τρίτῳ
1504 1443 1686 1531 μέρει
1730 1455 1846 1529 τῆς
1883 1447 2195 1532 Δωρίδος

272 1552 490 1636 χώρας
543 1549 656 1615 καὶ
709 1559 824 1633 τῆς
879 1553 1244 1634 βασιλείας·
1300 1553 1644 1626 πείσαντες
1699 1547 1773 1616 δὲ
1815 1540 2018 1636 ’κοινῇ
2070 1553 2194 1636 τὴν

274 1654 381 1721 ἐπὶ
417 1659 574 1734 τοὺς
608 1660 925 1734 Λαπίθας
962 1660 1311 1743 στρατείαν
1349 1654 1763 1740 ἐποιήσαντο.
1828 1655 1863 1721 ὁ
1905 1654 1965 1721 δ’
1991 1653 2191 1742 Ἡρα-

274 1767 434 1845 κλῆς
497 1764 669 1846 ἔχων
740 1760 843 1826 ἀεὶ
904 1764 1063 1839 τοὺς
1134 1756 1288 1846 μεθ’
1352 1760 1593 1827 ἑαυτοῦ
1667 1762 2193 1849 στρατεύσαντας

262 1862 608 1954 Ἀρκάδας,
653 1866 766 1933 καὶ
812 1870 973 1952 μετα
1015 1869 1276 1934 τούτων
1322 1869 1808 1954 χειρωσάμενος
1852 1871 2009 1945 τοὺς
2056 1872 2192 1933 Λα-

189 1995 240 2037 15
271 1979 507 2060 πίθας,
557 1976 764 2043 αὐτόν
817 1999 888 2042 τε
937 1977 1058 2042 τὸν
1112 1974 1388 2060 βασιλέα
1434 1978 1761 2062 Κόρωνον
1815 1975 2034 2042 ἀνεῖλε
2079 1960 2190 2042 κάὶ

271 2094 404 2149 τῶν
468 2086 689 2149 ἄλλων
743 2086 901 2160 τοὺς
963 2087 1317 2160 πλείστους
1378 2086 1755 2161 κατακόψας
1814 2083 2190 2166 ἠνάγκασεν

270 2186 635 2275 ἐκχωρῆσαι
679 2199 796 2274 τῆς
848 2189 1435 2275 ἀμφισβητησίμου
1484 2192 1717 2274 χώρας.
1809 2189 2066 2254 τούτων
2111 2185 2188 2255 δὲ
2223 2209 2258 2258 4

271 2294 730 2380 πραχθέντων,
776 2297 1068 2384 Αἰγιμίῳ
1114 2293 1238 2380 μὲν
1281 2297 1357 2361 τὸ
1406 2295 1765 2379 ἐπιβάλλον
1810 2304 1926 2379 τῆς
1969 2296 2188 2380 χώρας

266 2403 494 2486 τρίτον
531 2401 729 2488 μέρος
763 2401 1094 2489 παρέθετο
1121 2400 1233 2467 καὶ
1269 2402 1792 2490 παρεκελεύσατο
1826 2402 2187 2487 φυλάττειν

184 2526 238 2567 20
263 2518 404 2584 τοῖς
449 2502 558 2573 ἀπ’
611 2509 843 2576 αὐτοῦ·
901 2509 1193 2576 ἐπανιὼν
1240 2504 1303 2573 δ’
1355 2511 1450 2585 εἰς
1502 2513 1824 2595 Τραχῖνα,
1868 2506 1981 2572 καὶ
2024 2529 2186 2595 προ-

262 2612 538 2699 κληθεὶς
592 2615 721 2679 ὑπὸ
778 2616 1056 2681 Κύκνου
1106 2624 1229 2681 τοῦ
1257 2614 1523 2701 Ἄρεος,
1586 2624 1830 2681 τοῦτον
1882 2611 2006 2700 μὲν
2065 2615 2184 2680 ἀπ-

264 2722 573 2805 έκτεινεν,
618 2721 691 2787 ἐκ
729 2718 803 2788 δὲ
839 2731 956 2806 τῆς
984 2718 1252 2788 Ἰτώνου
1289 2724 1738 2808 πορευόμενος
1772 2721 1884 2787 καὶ
1923 2723 2035 2787 διὰ
2069 2732 2185 2807 τῆς

266 2830 806 2912 Πελασγιώτιδος
859 2837 981 2912 γῆς
1043 2831 1333 2912 βαδίζων
1391 2826 1704 2917 Ὀρμενίῳ
1769 2838 1862 2917 τῷ
1926 2832 2191 2911 βασιλεῖ

262 2934 640 3019 συνέμιξεν,
706 2929 790 3001 οὗ
844 2935 968 3018 τὴν
1026 2934 1368 3020 θυγατέρα
1422 2933 1823 3019 ἐμνήστευεν
1871 2931 2182 2998 Ἀστυδά-

181 3056 232 3097 2⁵
260 3060 480 3122 μειαν·
527 3041 610 3105 οὐ
650 3039 1094 3127 προσέχοντος
1140 3037 1202 3105 δ’
1238 3040 1449 3105 αὐτοῦ
1496 3042 1607 3104 διὰ
1642 3041 1717 3103 τὸ
1764 3040 1939 3122 ἔχειν
1975 3037 2181 3102 αὐτὸν

259 3145 549 3228 γαμετὴν
614 3148 1027 3232 Δηιάνειραν
1092 3147 1216 3230 τὴν
1274 3144 1556 3227 Οἰνέως,
1612 3142 2014 3229 στρατεύσας
2072 3139 2172 3206 ἐπ’

256 3251 464 3316 αὐτὸν
489 3253 615 3335 τήν
649 3274 720 3316 τε
756 3255 954 3318 πόλιν
991 3245 1124 3318 εἷλε
1151 3251 1265 3318 καὶ
1299 3253 1419 3317 τὸν
1457 3250 1867 3315 ἀπειθοῦντα
1902 3244 2179 3330 βασιλέα

398 3378 433 3426 4
468 3379 587 3436 τοῖς
624 3375 718 3447 Δ.]
756 3380 874 3437 τοῖς
910 3362 1105 3430 om.'D
1218 3380 1284 3429 11
1322 3374 1620 3433 πείσαντες
1656 3385 1764 3424 om.
1803 3367 1905 3424 DG
2013 3369 2177 3438 κοινῆ

254 3442 319 3500 δὲ
359 3444 428 3513 D,
466 3442 666 3514 κοινὴν
707 3442 769 3501 δὲ
810 3446 859 3501 G
950 3452 1018 3500 20
1056 3439 1164 3514 ἀφ’
1209 3438 1417 3499 ἑαυτοῦ
1458 3442 1506 3498 Ο
1538 3444 1605 3512 (c.
1646 3447 1733 3509 33,
1773 3443 1826 3511 ὅ)
1911 3446 1980 3496 23
2019 3436 2177 3509 ὄρχο-

251 3516 426 3584 μενίω
465 3516 532 3586 D,
582 3510 843 3589 Ἀρμενίῳ
890 3516 1019 3572 Eue.
1057 3534 1142 3587 pr.
1181 3530 1265 3572 ev.
1305 3515 1358 3568 Π
1403 3520 1464 3582 2,
1501 3520 1570 3568 30
1751 3517 1823 3567 24
1873 3509 2175 3567 Ἀστυάνει·

250 3605 359 3656 ραν
444 3603 526 3642 us.
