2569 4061
0 175 3 182 r

1049 352 1102 406 11
1139 358 1225 407 35.
1254 357 1341 408 36.
2021 352 2153 417 229

228 515 558 603 φέροντας
612 515 1104 593 κατασκευάζει·
1161 509 1335 579 εἶναι
1392 512 1453 579 δ’
1508 515 1752 593 αὐτοὺς
1801 517 2157 599 συμβαίνει

227 621 340 689 καὶ
384 623 550 708 πρὸς
595 624 712 699 τὰς
765 621 997 706 τέχνας
1042 620 1513 705 ἐπιστήμονας,
1562 622 1650 698 ὡς
1695 622 1779 687 ἂν
1826 621 1988 709 ἀέρα
2033 617 2158 706 μὲν

229 728 545 806 ἕλκοντας
580 730 907 813 καθαρόν,
955 728 1139 813 ὕδωρ
1181 722 1254 792 δὲ
1292 725 1891 811 λεπτομερέστατον
1925 733 2157 795 πίνον-

230 858 364 914 τας.
428 834 470 917 ἡ
520 830 593 899 δὲ
639 842 722 916 γῆ
769 834 1122 919 πάμφορος
1168 827 1339 898 οὖσα
1383 842 1526 907 τοῖς
1569 830 1839 916 ἡμέροις
1882 845 2159 918 καρποῖς
2195 859 2227 906 2

175 961 203 1001 5
233 945 365 1026 ἔχει
420 940 532 1006 καὶ
589 938 839 1025 φλέβας
895 943 1287 1022 καταγείους
1339 943 1610 1004 πολλῶν
1668 936 1779 1002 καὶ
1831 940 2159 1004 παντοδα-

230 1060 378 1114 πῶν
440 1049 806 1133 μετάλλων·
881 1050 1134 1131 γίνεται
1198 1046 1326 1131 γὰρ
1393 1044 1467 1110 ἐν
1531 1045 1698 1131 αὐτῇ
1763 1047 1974 1121 πολὺς
2038 1041 2159 1128 μὲν

232 1155 526 1241 ἄργυρος
597 1152 706 1219 καὶ
770 1156 1046 1240 χρυσός,
1122 1152 1247 1217 οὐκ
1314 1151 1538 1235 ὀλίγος
1603 1147 1676 1217 δὲ
1747 1152 1989 1236 χαλκὸς
2050 1150 2161 1215 καὶ

234 1264 528 1346 σίδηρος,
566 1262 662 1325 ἔτι
701 1256 775 1325 δὲ
801 1261 1178 1344 καττίτερος
1212 1255 1324 1323 καὶ
1351 1260 1558 1324 τᾶλλα
1594 1260 1676 1323 τὰ
1704 1259 1871 1344 πρὸς
1907 1260 2161 1341 κόσμον

231 1390 301 1433 τε
347 1366 459 1432 καὶ
502 1368 732 1451 χρείαν
776 1364 890 1431 καὶ
935 1365 1300 1448 πολεμικὴν
1336 1366 1762 1451 παρασκευὴν
1809 1365 2157 1450 ἀνήκοντα.

152 1494 207 1533 ιο
232 1470 436 1559 χωρὶς
500 1468 574 1536 δὲ
632 1481 768 1535 τῶν
832 1472 1298 1556 δημητριακῶν
1354 1483 1629 1555 καρπῶν
1692 1472 1930 1555 φύεται
1993 1472 2159 1537 κατὰ
2197 1492 2228 1540 3

231 1580 357 1662 τὴν
407 1572 696 1659 Ἰνδικὴν
759 1576 968 1658 πολλὴ
1035 1572 1161 1659 μὲν
1222 1573 1532 1661 κέγχρος,
1598 1576 2013 1662 ἀρδευομένη
2079 1586 2159 1662 τῇ

126 1731 129 1734 -
232 1696 370 1749 τῶν
415 1684 758 1766 ποταμίων
811 1683 1124 1766 ναμάτων
1171 1682 1513 1768 δαψιλείᾳ,
1560 1685 1733 1746 πολὺ
1771 1677 1834 1746 δ’
1879 1685 2160 1766 ὄσπριον

233 1787 346 1853 καὶ
394 1787 748 1873 διάφορον,
794 1789 890 1852 ἔτι
927 1785 989 1852 δ’
1034 1789 1235 1874 ὄρυζα
1279 1784 1392 1851 καὶ
1430 1785 1466 1852 ὁ
1504 1789 2163 1872 προσαγορευόμενος

234 1897 598 1979 βόσπορος,
664 1892 775 1958 καὶ
838 1895 998 1978 μετὰ
1056 1892 1240 1959 ταῦτ’
1295 1894 1463 1959 ἄλλα
1525 1893 1739 1958 πολλὰ
1804 1902 1940 1956 τῶν
1997 1894 2163 1977 πρὸς

152 2022 206 2063 15
237 2001 609 2089 διατροφὴν
646 2004 1012 2088 χρησίμων·
1059 1999 1172 2067 καὶ
1215 2001 1474 2067 τούτων
1508 2001 1590 2065 τὰ
1634 2000 1847 2066 πολλὰ
1883 1998 2161 2084 ὑπάρχει

235 2108 560 2192 αὐτοφυῆ.
654 2106 777 2172 οὐκ
840 2107 1111 2190 ὀλίγους
1177 2103 1252 2174 δὲ
1315 2106 1428 2173 καὶ
1492 2110 1736 2183 ἄλλους
1793 2105 2163 2189 ἐδωδίμους

232 2206 559 2297 καρποὺς
584 2212 774 2299 φέρει
832 2213 1249 2298 δυναμένους
1313 2212 1585 2299 τρέφειν
1643 2218 1803 2301 ζῷα,
1858 2210 2010 2298 περὶ
2065 2207 2161 2277 ὧν

235 2321 490 2407 μακρὸν
556 2318 640 2385 ἂν
700 2325 801 2403 εἴη
866 2321 1170 2405 γράφειν.
1264 2321 1371 2384 διὸ
1436 2323 1555 2385 καί
1606 2334 1772 2404 φασι
1835 2316 2161 2402 μηδέποτε
2199 2341 2234 2388 4
2563 2342 2569 2405 ξ

234 2428 358 2510 τὴν
397 2422 685 2509 Ἰνδικὴν
730 2424 1023 2510 ἐπισχεῖν
1068 2427 1265 2511 λιμὸν
1303 2425 1344 2510 ἢ
1391 2429 1694 2492 καθόλου
1740 2426 1983 2491 σπάνιν
2026 2435 2163 2490 τῶν

152 2552 209 2593 20
235 2534 401 2619 πρὸς
452 2533 714 2619 τροφὴν
768 2533 1019 2619 ἥμερον
1074 2533 1480 2618 ἀνηκόντων.
1572 2534 1815 2597 διττῶν
1868 2533 1995 2619 γὰρ
2048 2533 2161 2615 ὄμ-

239 2641 424 2722 βρων
479 2637 552 2703 ἐν
608 2638 774 2724 αὐτῇ
830 2638 1205 2724 γινομένων
1258 2636 1415 2705 καθ’
1470 2638 1749 2704 ἕκαστον
1804 2640 1976 2722 ἔτος,
2039 2647 2162 2720 τοῦ

237 2739 361 2827 μὲν
404 2754 816 2830 χειμερινοῦ,
870 2747 1052 2811 καθὰ
1104 2747 1284 2832 παρὰ
1337 2757 1478 2824 τοῖς
1526 2746 1788 2827 ἄλλοις,
1832 2744 1868 2810 ὁ
1916 2749 2163 2831 σπόρος

235 2860 373 2915 τῶν
426 2853 733 2936 πυρίνων
779 2855 1033 2934 γίνεται
1087 2864 1392 2938 καρπῶν,
1437 2862 1559 2918 τοῦ
1608 2847 1669 2917 δ’
1723 2850 1950 2937 ἑτέρου
1998 2852 2163 2917 κατὰ
2563 2922 2566 2925 ,

234 2956 360 3039 τὴν
396 2957 681 3043 θερινὴν
717 2959 973 3043 τροπὴν
1011 2957 1192 3039 [καθ’
1227 2958 1340 3042 ἣν]
1383 2962 1774 3044 σπείρεσθαι
1812 2961 2162 3042 συμβαίνει
2561 2962 2569 3011 ἓ

151 3083 209 3124 25
239 3063 364 3145 τὴν
410 3064 654 3150 ὄρυζαν
699 3061 811 3128 καὶ
855 3064 975 3129 τὸν
1020 3067 1391 3148 βόσπορον,
1438 3068 1534 3130 ἔτι
1583 3061 1655 3129 δὲ
1707 3067 2007 3148 σήσαμον
2052 3059 2162 3127 καὶ

235 3167 548 3254 κέγχρον·
593 3171 759 3234 κατὰ
798 3165 872 3235 δὲ
915 3171 992 3234 τὸ
1028 3175 1342 3235 πλεῖστον
1388 3169 1787 3257 ἀμφοτέροις
1822 3179 1961 3244 τοῖς
2005 3190 2164 3250 καρ-

386 3403 450 3451 13
507 3394 569 3453 τὸ
609 3391 1173 3484 προσαγορευόμενον
1213 3395 1494 3471 βόσπορον
1533 3397 1687 3467 vulg.
1837 3399 1903 3447 15
1958 3387 2162 3461 πολλὰ]

235 3468 410 3522 πλείω
448 3467 501 3520 ΙΙ
571 3469 672 3523 καὶ
708 3487 924 3522 τουτων
954 3508 966 3520 .
999 3509 1012 3523 .
1044 3511 1056 3524 .
1088 3463 1350 3537 αὐτοφυῆ
1393 3486 1501 3524 om.
1540 3466 1591 3520 II
1666 3473 1731 3521 17
1771 3462 1937 3533 φέρει
1974 3479 2081 3516 om.
2111 3463 2158 3514 11

237 3544 310 3593 2⁰
349 3534 599 3609 ὄμβρων]
638 3543 874 3608 καρπῶν
910 3538 965 3592 Π
1064 3546 1132 3594 22
1170 3537 1359 3620 καθὰ]
1399 3529 1466 3593 οὗ
1505 3533 1668 3592 καθὰ
1708 3533 2005 3618 ῌίοὴεῒῆᾶίῑ
2094 3537 2165 3585 24

239 3605 385 3663 καθ’
426 3603 502 3678 ἣν
537 3609 742 3664 inclusi
890 3616 959 3665 26
997 3608 1062 3665 δὲ
1101 3609 1210 3664 del.
1248 3609 1476 3676 Relske,
1515 3605 1621 3676 μὲν
1657 3605 1826 3660 Dmd.

2561 3284 2569 3587 .-.-.f...-...---·-...·.„„-.----n
2561 3162 2569 3257 »κκνμῄ
2563 3106 2566 3129 .„
2561 3024 2566 3081 -μ.
2561 2948 2566 2957 e
2561 2836 2568 2849 1
2561 2692 2566 2727 „⁴
2561 2664 2564 2675 Ἴ
2561 2568 2564 2607 ᾼ-
2561 2460 2562 2469 ᾼ
