2569 4061
393 188 477 250 14
1095 183 1402 241 monoffl
1440 165 1674 240 sicULl

387 374 503 426 τας
547 359 683 414 τῶν
730 348 1112 433 ἀνθρώπων
1159 345 1371 432 φασὶν
1416 346 1490 412 έν
1533 347 1787 435 ἀτάκτῳ
1832 346 1943 413 καὶ
1987 351 2317 434 θηριώδει

387 457 512 542 βίω
568 460 988 530 καθεστῶτας
1045 454 1391 540 σποράδην
1448 450 1553 517 ἐπὶ
1607 455 1722 529 τὰς
1777 455 1985 537 νομὰς
2050 452 2315 538 ἐξιέναι,

387 558 498 625 καὶ
542 558 1048 647 προσφέρεσθαι
1093 569 1208 643 τῆς
1252 581 1324 624 τε
1366 561 1654 643 βοτάνης
1697 561 1820 644 τὴν
1864 562 2311 646 προσηνεστά-

386 689 508 750 την
545 665 658 732 καὶ
692 670 849 744 τοὺς
878 666 1292 750 αὐτομάτους
1330 664 1457 730 ἀπὸ
1495 675 1629 731 τῶν
1670 662 1969 749 δένδρων
1995 669 2310 754 καρπούς.

317 795 348 842 2
387 771 496 838 καὶ
550 771 1088 858 πολεμουμένους
1133 767 1256 856 μὲν
1310 770 1440 835 ὑπὸ
1468 781 1622 856 τῶν
1677 774 1942 857 θηρίων
1997 773 2309 858 ἀλλήλοις
2338 792 2363 831 5

384 884 669 964 βοηθεῖν
695 880 826 945 ὑπὸ
862 888 984 944 τοῦ
1022 877 1482 964 συμφέροντος
1511 877 2053 963 διδασκομένους,
2084 881 2315 967 ἀθροι-

389 986 700 1070 ζομένους
756 983 830 1051 δὲ
891 986 1003 1049 διὰ
1061 986 1181 1050 τὸν
1241 987 1463 1068 φόβον
1528 983 1989 1067 ἐπιγινώσκειν
2055 985 2126 1052 ἐκ
2189 997 2310 1053 τοῦ

315 1115 346 1161 3
385 1094 550 1156 κατὰ
595 1093 833 1176 μικρὸν
887 1094 1044 1167 τοὺς
1089 1091 1398 1174 ἀλλήλων
1447 1092 1712 1167 τύπους.
1805 1101 1920 1176 τῆς
1967 1103 2196 1177 φωνῆς
2243 1091 2305 1157 δ’

386 1198 646 1280 ἀσήμου
680 1195 791 1261 καὶ
837 1196 1329 1282 συγκεχυμένης
1367 1198 1572 1280 οὔσης
1618 1197 1690 1262 ἐκ
1727 1207 1847 1263 τοῦ
1893 1196 2034 1263 κατ’
2080 1199 2311 1282 ὀλίγον

386 1305 763 1389 διαρθροῦν
808 1305 923 1381 τὰς
968 1302 1203 1388 λέξεις,
1250 1303 1360 1369 καὶ
1406 1306 1572 1390 πρὸς
1629 1304 1957 1389 ἀλλήλους
2001 1304 2310 1384 τιθέντας
2351 1328 2416 1375 12

385 1411 685 1493 σύμβολα
739 1411 892 1494 περὶ
937 1409 1218 1477 ἑκάστου
1272 1421 1408 1476 τῶν
1457 1410 1916 1496 ὑποκειμένων
1971 1413 2311 1499 γνώριμον
2342 1432 2390 1469 11

385 1519 620 1602 σφίσιν
694 1518 921 1596 αὐτοῖς
980 1528 1253 1602 ποιῆσαι
1326 1518 1448 1601 τὴν
1513 1517 1664 1605 περὶ
1738 1519 2047 1584 ἁπάντων
2113 1518 2308 1606 ἑρμη-

309 1645 344 1691 4
383 1626 588 1690 νείαν.
680 1627 1006 1691 τοιούτων
1062 1623 1138 1690 δὲ
1201 1627 1640 1707 συστημάτων
1704 1624 2079 1710 γινομένων
2142 1624 2298 1691 καθ’

382 1731 645 1796 ἅπασαν
716 1732 839 1812 τὴν
908 1727 1345 1813 οἰκουμένην,
1422 1729 1544 1812 οὐχ
1623 1730 1984 1813 ὁμόφωνον
2056 1732 2306 1805 πάντας

381 1838 554 1919 ἔχειν
608 1835 730 1918 τὴν
788 1836 1164 1916 διάλεκτον,
1213 1831 1506 1898 ἑκάστων
1562 1835 1652 1910 ὡς
1702 1837 1888 1919 ἔτυχε
1947 1835 2307 1914 συνταξάν-
2338 1856 2389 1894 15

379 1964 514 2005 των
585 1942 701 2018 τὰς
773 1937 1004 2018 λέξεις·
1080 1942 1184 2005 διὸ
1260 1937 1372 2005 καὶ
1445 1943 1805 2018 παντοίους
1875 1964 1946 2006 τε
2019 1940 2307 2028 ὑπάρξαι

378 2058 792 2137 χαρακτῆρας
875 2046 1236 2114 διαλέκτων
1319 2046 1430 2113 καὶ
1510 2050 1591 2114 τὰ
1670 2059 1898 2135 πρῶτα
1978 2053 2305 2134 γενόμενα

381 2160 761 2241 συστήματα
796 2166 932 2221 τῶν
978 2154 1290 2222 ἁπάντων
1333 2154 1557 2222 ἐθνῶν
1605 2155 1931 2243 ἀρχέγονα
1967 2156 2308 2241 γενέσθαι.

307 2284 337 2331 5
378 2267 535 2339 τοὺς
601 2258 725 2328 οὖν
790 2263 1093 2348 πρώτους
1155 2272 1291 2327 τῶν
1356 2262 1737 2348 ἀνθρώπων
1811 2264 2097 2347 μηδενὸς
2166 2275 2301 2331 τῶν

377 2369 542 2453 πρὸς
595 2370 748 2451 βίον
805 2370 1146 2453 χρησίμων
1204 2366 1577 2451 εὑρημένου
1633 2368 1960 2444 ἐπιπόνως
2021 2370 2300 2452 διάγειν,
2333 2389 2387 2427 20

1966 2497 1983 2529 ἱ

376 2615 489 2663 ται,
536 2591 639 2663 τὴν
696 2592 821 2649 τότε
868 2591 1160 2664 ἐνέργειαν
1200 2594 1344 2663 φασὶ
1387 2595 1488 2649 καὶ
1541 2591 1613 2648 τὰ
1668 2593 1830 2664 μέχρι
1874 2596 1982 2650 νῦν
2028 2591 2304 2665 γινόμενα

377 2673 683 2736 μαρτυρεῖν
741 2661 978 2728 ἑαυτοῖς.
1053 2662 1201 2720 κατὰ
1251 2663 1360 2735 γὰρ
1406 2661 1511 2734 τὴν
1561 2667 1824 2738 Θηβαίδα
1870 2666 1969 2735 τῆς
2016 2663 2304 2735 Αἰγύπτου

375 2734 525 2792 καθ’
567 2730 666 2800 οὓς
704 2730 776 2790 ‹322›
825 2734 1058 2807 καιροὺς
1093 2735 1379 2808 πλεονάσῃ
1418 2735 1520 2805 τὴν
1560 2732 1842 2810 ἀνάβασιν
1882 2732 1913 2791 ὃ
1952 2739 2167 2799 Νεῖλος
2205 2738 2305 2793 καὶ

376 2809 476 2877 τῆς
502 2806 606 2878 μὲν
644 2809 748 2878 γῆς
785 2804 882 2863 διά
919 2809 1083 2862 τοῦτο
1119 2804 1419 2877 καθύγρου
1456 2807 1774 2878 γινομένης,
1810 2810 1909 2877 τῆς
1943 2806 2007 2862 δὲ
2045 2807 2175 2878 περὶ
2202 2806 2301 2863 τὸν

375 2874 535 2948 ἥλιον
591 2880 913 2967 θερμασίας
954 2874 1121 2948 ἄφνω
1169 2876 1596 2949 προσπεσούσης
1644 2879 1742 2934 καὶ
1797 2877 1895 2933 διὰ
1942 2880 2108 2934 τοῦτο
2154 2877 2302 2934 κατὰ

375 2947 614 3015 πολλοὺς
650 2970 857 3015 τοπους
893 2952 992 3020 τῆς
1038 2945 1381 3019 ἐπιφανείας
1426 2947 1651 3020 σήψεως
1695 2948 2028 3020 γενομένης,
2079 2952 2304 3020 πλῆθος

376 3025 535 3094 μυῶν
573 3020 637 3078 ἐκ
683 3023 783 3095 γῆς
824 3019 1217 3093 ἀναρίθμητον
1259 3022 1593 3092 γεννᾶσθαι.
1650 3016 1766 3077 ὑπό
1813 3019 1866 3075 τ’
1919 3017 2024 3076 οὖν
2060 3022 2161 3090 τῆς
2201 3023 2304 3092 γῆς

376 3094 617 3164 σκληρᾶς
653 3092 1030 3165 γεγενημένης
1065 3094 1164 3148 καὶ
1199 3094 1302 3148 τοῦ
1339 3092 1699 3163 περιέχοντος
1750 3088 1916 3162 ἀέρος
1952 3089 2142 3148 οὐκέτι
2181 3095 2301 3148 δια·

373 3168 681 3235 τηροῦντος
725 3162 829 3237 τὴν
887 3163 946 3233 ἐξ
1002 3160 1176 3235 ἀρχῆς
1230 3161 1540 3233 εὐκρασίαν
1596 3160 1889 3235 (εὐταξίαν
1944 3163 2043 3218 καὶ
2099 3159 2301 3232 εύκρα·

375 3239 504 3291 σίαν
532 3237 769 3307 ABEN),
809 3233 1020 3306 φύεται
1048 3237 1179 3306 ζῶα,
1217 3232 1474 3325 φανερὸν
1504 3232 1655 3291 εἶναι
1689 3233 1932 3305 λέγουσι,
1970 3234 2117 3290 διότι
2150 3233 2299 3291 κατὰ

372 3304 475 3375 τὴν
516 3304 575 3374 ἐξ
613 3304 789 3379 ἀρχῆς
824 3309 934 3364 τῶν
972 3302 1117 3365 ὅλων
1166 3325 1391 3376 γενεσιν
1432 3303 1495 3361 ἐκ
1540 3308 1639 3377 τῆς
1688 3308 1791 3377 γῆς
1829 3304 2126 3378 συνέβαινε
2168 3310 2300 3374 ζωο-

374 3382 674 3442 γονεῖσθαι
726 3382 1002 3444 παντοίας
1056 3375 1258 3466 φύσεις
1311 3376 1581 3450 ἐμψύχων
1626 3378 1879 3434 ABDEN
1917 3408 1984 3419 —-
2023 3379 2091 3432 cf.
2135 3385 2227 3446 10,
2266 3384 2297 3432 2

518 3454 550 3500 9
589 3443 783 3520 οὔσης]
820 3446 1183 3523 ὑπαρχουσης
1220 3452 1307 3507 CF
1347 3451 1611 3522 (Euseb.).
