2569 4061
1016 295 1071 349 11
1112 300 1158 349 1.
1190 302 1239 349 2.
1959 299 2082 362 171

160 465 374 526 τελεῖν
437 455 579 525 κατ’
644 458 953 524 ἐνιαυτὸν
1007 455 1420 540 ὡρισμένους
1475 463 1758 544 φόρους,
1824 461 1945 525 τὸν
2013 458 2088 525 δὲ

115 566 120 570 ’
163 565 437 649 βασιλέα
499 576 635 630 τῶν
691 561 1379 649 καταπολεμηθέντων
1443 566 1666 647 λαβὼν
1724 568 1886 650 μετὰ
1949 577 2088 631 τῶν

164 671 414 737 τέκνων
460 672 875 756 αἰχμάλωτον
921 669 1275 736 ἀπέκτεινε.
1352 670 1512 753 μετὰ
1559 666 1632 733 δὲ
1676 680 1879 736 ταῦτα
1925 677 2083 737 πολ·
2123 693 2153 739 8

166 782 307 853 λοῖς
350 780 679 861 πλήθεσιν
716 780 810 853 εἰς
854 778 978 859 τὴν
1017 771 1370 861 Ἀρμενίαν
1407 775 1711 859 ἐμβαλὼν
1755 780 1870 841 καί
1899 801 2084 855 τινας

109 899 140 939 6
166 894 301 948 τῶν
343 887 602 949 πόλεων
647 883 1056 959 ἀναστάτους
1110 885 1396 966 ποιήσας
1440 882 1883 966 κατεπλήξατο
1929 887 2086 959 τοὺς

163 989 545 1074 ἐγχωρίους·
622 990 853 1074 διόπερ
932 988 968 1053 ὁ
1042 991 1353 1070 βασιλεὺς
1427 987 1651 1052 αὐτῶν
1721 988 2083 1072 Βαρζάνης,

162 1095 338 1181 ὁρῶν
384 1097 591 1161 αὑτὸν
638 1095 761 1159 οὐκ
807 1094 1166 1177 ἀξιόμαχον
1212 1095 1393 1176 ὄντα,
1440 1095 1602 1178 μετὰ
1637 1083 1906 1159 πολλῶν
1959 1096 2085 1158 δώ-

160 1226 298 1285 ρων
346 1202 680 1285 ἀπήντησε
724 1200 838 1265 καὶ
874 1210 1003 1265 πᾶν
1048 1202 1254 1283 ἔφησε
1291 1203 1596 1283 ποιήσειν
1639 1202 1716 1266 τὸ
1761 1216 2086 1288 προστατ-

157 1312 461 1392 τόμενον.
550 1308 587 1373 ὁ
645 1304 721 1371 δὲ
784 1309 999 1381 Νίνος
1054 1308 1528 1390 μεγαλοψύχως
1595 1307 1774 1395 αὐτῷ
1836 1307 2082 1392 χρησά-
2121 1327 2151 1375 9

75 1429 131 1469 10
158 1436 357 1496 μενος
418 1421 535 1495 τῆς
599 1435 669 1476 τε
725 1410 1071 1495 Ἀρμενίας
1142 1412 1606 1496 συνεχώρησεν
1669 1414 1898 1498 ἄρχειν
1969 1411 2082 1478 καὶ

158 1522 366 1601 φίλον
412 1519 573 1581 ὄντα
618 1515 896 1599 πέμπειν
943 1516 1255 1599 στρατιὰν
1299 1515 1412 1580 καὶ
1457 1518 1581 1599 τὴν
1623 1523 1947 1603 χορηγίαν
1986 1526 2079 1605 τῷ

159 1620 455 1709 σφετέρῳ
530 1619 967 1708 στρατοπέδῳ.
1060 1619 1163 1684 ἀεὶ
1235 1618 1311 1685 δὲ
1382 1626 1633 1704 μᾶλλον
1715 1623 2078 1707 αὐξόμενος

160 1726 593 1811 ἐστράτευσεν
629 1728 723 1803 είς
767 1726 889 1809 τὴν
924 1728 1220 1809 Μηδίαν.
1295 1727 1332 1792 ὁ
1371 1723 1447 1790 δὲ
1483 1728 1725 1810 ταύτης
1769 1732 2084 1810 βασιλεὺς
2120 1757 2185 1805 10

163 1834 429 1919 Φάρνος
482 1832 1019 1918 παραταξάμενος
1070 1831 1391 1920 ἀξιολόγῳ
1449 1834 1731 1916 δυνάμει
1784 1832 1896 1898 καὶ
1950 1838 2080 1897 λεια

72 1955 125 1996 15
154 1942 379 2023 φθείς,
415 1949 549 2004 τῶν
584 1961 654 2004 τε
692 1949 1111 2023 στρατιωτῶν
1146 1940 1304 2014 τοὺς
1339 1941 1611 2014 πλείους
1648 1935 1932 2020 ἀπέβαλε
1968 1938 2082 2003 καὶ

154 2046 354 2123 αὐτὸς
406 2047 566 2129 μετὰ
618 2043 869 2110 τέκνων
924 2043 1083 2110 ἑπτὰ
1127 2043 1240 2110 καὶ
1291 2045 1606 2127 γυναικὸς
1662 2046 2076 2128 αἰχμάλωτος

155 2150 445 2236 ληφθεὶς
490 2151 987 2236 ἀνεσταυρώθη.

335 2257 527 2322 Οὕτω
567 2253 642 2322 δὲ
676 2267 811 2321 τῶν
848 2257 1251 2341 πραγμάτων
1286 2263 1378 2343 τῷ
1415 2257 1608 2343 Νίνῳ
1651 2259 2077 2343 προχωρούν-
2105 2266 2147 2330 2

153 2386 287 2429 των
320 2364 550 2447 δεινὴν
588 2362 955 2447 ἐπιθυμίαν
992 2364 1140 2446 ἔσχε
1176 2371 1300 2427 τοῦ
1334 2360 1916 2447 καταστρέψασθαι
1953 2365 2075 2447 τὴν

74 2485 131 2525 20
150 2465 376 2534 Ἀσίαν
422 2469 687 2535 ἅπασαν
731 2469 854 2552 τὴν
901 2467 1089 2545 ἐντὸς
1141 2467 1468 2544 Τανάιδος
1510 2465 1622 2532 καὶ
1659 2471 1938 2534 Νείλου·
1985 2471 2075 2548 ὡς

157 2573 397 2639 ἐπίπαν
468 2577 597 2660 γὰρ
669 2586 809 2652 τοῖς
880 2575 1276 2658 εὐτυχοῦσιν
1351 2574 1394 2657 ἡ
1466 2585 1601 2639 τῶν
1671 2577 2074 2660 πραγμάτων

154 2680 385 2765 εὔροια
464 2683 589 2765 τὴν
667 2690 791 2747 τοῦ
868 2684 1176 2758 πλείονος
1256 2679 1623 2764 ἐπιθυμίαν
1699 2685 2072 2768 παρίστησι.

153 2787 383 2872 διόπερ
448 2795 565 2870 τῆς
628 2783 751 2870 μὲν
810 2787 1081 2870 Μηδίας
1145 2787 1489 2872 σατράπην
1553 2785 1671 2852 ἕνα
1731 2799 1867 2853 τῶν
1921 2786 2073 2872 περὶ

152 2892 357 2958 αὑτὸν
412 2895 632 2976 φίλων
683 2891 1110 2975 κατέστησεν,
1168 2892 1366 2968 αὐτὸς
1420 2889 1481 2956 δ’
1537 2890 1721 2978 ἐπῄει
1774 2895 1856 2958 τὰ
1906 2894 2073 2959 κατὰ

69 3011 123 3052 2⁵
149 2999 273 3081 τὴν
303 2995 531 3064 Ἀσίαν
576 3000 744 3082 ἔθνη
781 3000 1416 3082 καταστρεφόμενος,
1450 2996 1560 3062 καὶ
1596 3001 1844 3083 χρόνον
1880 2997 2070 3064 ἕπτα-

150 3106 537 3188 καιδεκαετῆ
581 3104 1051 3181 καταναλώσας
1094 3104 1269 3187 πλὴν
1307 3101 1543 3170 Ἰνδῶν
1588 3103 1700 3169 καὶ
1743 3109 2070 3184 Βακτρια-

147 3221 290 3276 νῶν
334 3221 470 3276 τῶν
516 3211 736 3275 ἄλλων
781 3209 1091 3275 ἁπάντων
1144 3210 1375 3295 κύριος
1420 3209 1696 3292 ἐγένετο.
1787 3206 1904 3280 τὰς
1947 3201 2071 3288 μὲν
2109 3232 2139 3278 2

150 3311 277 3381 οὗν
328 3310 488 3382 καθ’
550 3314 787 3382 ἕκαστα
852 3316 1060 3400 μάχας
1118 3315 1158 3399 ἢ
1223 3317 1344 3379 τὸν
1400 3315 1694 3398 ἀριθμὸν
1760 3310 2072 3374 ἁπάντων

294 3480 323 3528 ’1
363 3468 541 3529 αὐτὸν
570 3473 637 3542 D,
669 3469 875 3529 ἑαυτὸν
905 3473 1054 3541 vulg.
1134 3477 1197 3526 15
1226 3471 1520 3530 πλείστους
1547 3467 1699 3537 vulg.
1773 3469 1842 3520 22
1873 3458 2072 3532 εὔροια

147 3543 515 3614 Herwerdeff,
557 3542 815 3615 ἑπίρροια
851 3543 1001 3598 libri.
