2569 4061
1816 252 1850 279 Ο

337 316 470 381 436
1005 311 1314 368 monoffl
1350 311 1581 368 smum

342 480 417 546 ἐν
473 477 800 543 Ἐλευσῖνι
865 477 1282 560 μυστηρίων,
1359 476 1721 539 Μουσαίου
1783 481 1906 538 τοῦ
1971 470 2276 558 Ὀρφέως

340 586 496 650 υἱοῦ
540 585 686 648 τότε
734 584 1218 667 προεστηκότος
1262 590 1379 665 τῆς
1422 586 1701 664 τελετῆς.

274 712 306 759 2
518 686 697 755 Ἐπεὶ
760 683 821 754 δ’
866 685 1157 775 Ὀρφέως
1214 687 1674 772 ἐμνήσθημεν,
1743 686 1865 752 οὐκ
1929 685 2279 752 ἀνοίκειόν

350 794 490 862 ἐστι
525 797 985 882 παρεκβάντας
1019 792 1265 880 βραχέα
1293 791 1444 878 περὶ
1473 793 1683 858 αὐτοῦ
1711 795 2025 859 διελθεῖν.
2074 788 2280 870 οὗτος

342 904 470 989 γὰρ
514 898 601 987 ἦν
648 904 795 980 υίὸς
838 899 960 987 μὲν
1011 903 1330 987 Οἰάγρου,
1380 900 1560 988 Θρᾷξ
1608 896 1684 965 δὲ
1726 902 1803 965 τὸ
1850 898 2075 982 γένος,
2120 922 2276 964 παι-
2307 920 2335 960 5

346 1011 493 1097 δείᾳ
561 1005 634 1074 δὲ
699 1007 809 1074 καὶ
873 1009 1163 1095 μελῳδίᾳ
1226 1005 1340 1072 καὶ
1401 1009 1664 1090 ποιήσει
1727 1008 1902 1072 πολὺ
1966 1005 2275 1092 προέχων

343 1127 480 1181 τῶν
537 1112 1166 1199 μνημονευομένων·
1222 1111 1336 1178 καὶ
1389 1114 1518 1198 γὰρ
1571 1116 1823 1197 ποίημα
1869 1112 2273 1193 συνετάξατο

346 1223 858 1305 θαυμαζόμενον
894 1216 1006 1283 καὶ
1050 1233 1119 1306 τῇ
1166 1221 1332 1285 κατὰ
1377 1221 1501 1302 τὴν
1547 1214 1730 1307 ᾠδὴν
1778 1220 2083 1307 εὐμελείᾳ
2126 1221 2267 1313 δια-

351 1323 579 1411 φέρον.
655 1323 762 1390 ἐπὶ
798 1334 1082 1390 τοσοῦτο
1122 1322 1196 1390 δὲ
1233 1324 1486 1410 προέβη
1522 1335 1602 1411 τῇ
1642 1326 1802 1413 δόξῃ
1840 1327 2008 1392 ὥστε
2046 1328 2269 1392 δοκεῖν

348 1439 426 1516 τῇ
488 1433 780 1520 μελῳδία
838 1430 1110 1514 θέλγειν
1169 1434 1250 1497 τά
1304 1456 1373 1497 τε
1430 1435 1640 1518 θηρία
1692 1431 1804 1497 καὶ
1863 1435 1945 1498 τὰ
2006 1432 2270 1518 δένδρα.
2305 1455 2360 1493 10

277 1560 308 1606 3
349 1533 497 1619 περὶ
558 1532 633 1602 δὲ
678 1538 991 1602 παιδείαν
1037 1535 1438 1623 ἀσχοληθεὶς
1480 1536 1591 1603 καὶ
1636 1540 1717 1602 τὰ
1761 1536 1913 1624 περὶ
1958 1547 2074 1623 τῆς
2118 1545 2273 1604 θεο-

347 1645 577 1725 λογίας
632 1644 1194 1729 μυθολογούμενα
1247 1644 1511 1728 μαθών,
1566 1643 1946 1728 ἀπεδήμησε
2000 1640 2125 1729 μὲν
2182 1647 2277 1721 εἰς

348 1755 698 1832 Αἴγυπτον
708 1798 729 1833 ,
811 1750 1003 1815 κάκεῖ
1075 1751 1290 1815 πολλὰ
1368 1752 1894 1836 προσεπιμαθὼν
1968 1749 2277 1834 μέγιστος

350 1853 610 1939 ἐγένετο
669 1866 804 1920 τῶν
852 1853 1193 1939 Ἑλλήνων
1255 1858 1330 1921 ἔν
1387 1879 1457 1920 τε
1516 1868 1660 1933 ταῖς
1718 1860 2103 1940 θεολογίαις
2157 1856 2271 1921 καὶ

278 1983 314 2032 4
350 1972 494 2040 ταῖς
552 1968 840 2040 τελεταῖς
898 1960 1007 2027 καὶ
1067 1964 1388 2046 ποιήμασι
1447 1960 1557 2026 καὶ
1617 1964 1990 2053 μελῳδίαις.
2078 1979 2271 2028 συνε-
2303 1983 2362 2023 15

355 2071 799 2154 στρατεύσατο
847 2065 920 2133 δὲ
964 2066 1076 2134 καὶ
1120 2080 1261 2145 τοῖς
1300 2063 1791 2153 Ἀργοναύταις,
1839 2069 1952 2135 καὶ
1998 2072 2112 2136 διὰ
2156 2072 2277 2136 τὸν

356 2177 569 2260 ἔρωτα
627 2178 748 2241 τὸν
806 2178 971 2261 πρὸς
1030 2176 1154 2259 τὴν
1216 2187 1498 2258 γυναῖκα
1563 2179 1931 2260 καταβῆναι
1994 2174 2119 2261 μὲν
2183 2180 2281 2254 εἰς

352 2279 524 2368 ᾅδου
570 2282 961 2369 παραδόξως
1006 2282 1346 2367 ἐτόλμησε,
1391 2283 1513 2366 τὴν
1561 2279 1635 2348 δὲ
1679 2287 2118 2368 Φερσεφόνην
2165 2286 2280 2349 διὰ

351 2397 465 2472 τῆς
512 2389 849 2473 εὐμελείας
891 2393 1378 2482 ψυχαγωγήσας
1423 2392 1637 2454 ἔπεισε
1686 2399 2089 2475 συνεργῆσαι
2135 2403 2281 2468 ταῖς

354 2493 738 2580 ἐπιθυμίαις
760 2495 883 2562 καὶ
921 2505 1345 2580 συγχωρῆσαι
1380 2496 1503 2579 τὴν
1538 2506 1823 2579 γυναῖκα
1859 2497 2069 2561 αὐτοῦ
2104 2521 2278 2563 τετε·
2310 2518 2369 2557 20

354 2603 751 2681 λευτηκυῖαν
824 2602 1185 2683 ἀναγαγεῖν
1260 2602 1326 2680 ἐξ
1399 2600 1571 2688 ᾅδου
1642 2607 2116 2687 παραπλησίως
2182 2613 2274 2691 τῷ

354 2705 704 2792 Διονύσῳ·
752 2704 862 2771 καὶ
898 2707 1025 2789 γάρ
1064 2704 1324 2770 ἐκεῖνον
1370 2714 1876 2792 μυθολογοῦσιν
1915 2709 2277 2794 ἀναγαγεῖν

354 2811 477 2892 τὴν
533 2810 780 2896 μητέρα
833 2810 1137 2895 Σεμέλην
1192 2810 1259 2891 ἐξ
1315 2809 1518 2899 ᾅδου,
1572 2813 1683 2879 καὶ
1740 2818 2108 2899 μεταδόντα
2161 2826 2279 2899 τῆς

357 2917 732 2994 ἀθανασίας
763 2919 1050 3003 Θυώνην
1086 2921 1550 3004 μετονομάσαι.
1622 2922 1810 3006 ἡμεῖς
1850 2922 1911 2987 δ’
1948 2921 2085 2988 ἐπεὶ
2124 2922 2278 3005 περὶ

349 3022 639 3109 Ὀρφέως
675 3024 1187 3109 διεληλύθαμεν,
1225 3028 1738 3110 μεταβησόμεθα
1773 3029 1976 3093 πάλιν
2014 3027 2120 3094 ἐπὶ
2155 3030 2277 3093 τὸν
2307 3048 2365 3088 25

346 3128 691 3214 Ἡρακλέα.

249 3235 335 3297 26
538 3232 753 3312 Οὗτος
797 3239 924 3320 γὰρ
971 3240 1136 3302 κατὰ
1180 3242 1340 3314 τοὺς
1383 3238 1968 3322 παραδεδομένους
2013 3241 2279 3324 μύθους

353 3340 641 3420 καταβὰς
702 3343 798 3415 εἰς
850 3346 1007 3418 τοὺς
1060 3341 1214 3407 καθ’
1279 3341 1454 3428 ᾅδου
1508 3345 1782 3425 τόπους,
1829 3343 1941 3408 καὶ
1995 3347 2277 3429 προσδε-

530 3495 563 3541 8
602 3493 669 3558 τῇ
708 3492 836 3546 add.
875 3495 1038 3550 Dind.
1199 3500 1262 3548 15
1302 3501 1547 3558 τελεταῖς
1582 3517 1631 3551 κ.
1671 3517 1717 3549 τ.
1755 3501 2082 3567 θεολογίαις
2121 3501 2271 3571 vulg.

356 3557 420 3602 19
459 3551 751 3621 ἐμμελείας
789 3560 905 3615 CF.
