2569 4061
1013 313 1092 369 IV
1130 321 1214 370 76.
1245 321 1330 370 77.
2010 317 2142 383 519

204 479 662 560 κατασκευήν,
720 478 834 542 διὰ
887 478 1132 542 τούτου
1191 474 1302 541 καὶ
1360 486 1483 543 τοῦ
1547 481 1768 562 φόνου
1829 480 1955 563 τὴν
2008 478 2143 545 ἐπί-

208 601 470 668 γνωσιν
509 582 757 668 συνέβη
785 581 1120 666 γενέσθαι.
1176 583 1662 669 κατηγορηθεὶς
1700 582 1773 650 δὲ
1801 585 1911 651 καὶ
1948 609 2139 652 κατα·
2182 608 2213 656 7

214 690 565 768 δικασθεὶς
627 691 758 756 ὑπὸ
823 701 957 756 τῶν
1016 685 1497 776 Ἀρεοπαγιτῶν
1563 693 1812 774 φόνου,
1880 695 1953 758 τὸ
2019 690 2142 778 μὲν

210 808 483 883 πρῶτον
529 799 778 881 ἔφυγεν
820 799 915 873 εἰς
959 794 1078 861 ἕνα
1123 806 1262 860 τῶν
1308 797 1473 861 κατὰ
1516 796 1641 879 τὴν
1679 793 1981 879 Ἀττικὴν
2028 800 2143 883 δή-

147 924 179 965 5
214 926 395 987 μων,
451 901 524 968 ἐν
581 893 634 989 ᾧ
689 905 846 978 τοὺς
898 908 1375 978 κατοικοῦντας
1430 896 1540 966 ἀπ’
1583 901 1843 968 ἐκείνου
1890 905 2144 969 Δαιδα-

213 1010 408 1085 λίδας
480 1009 960 1091 ὀνομασθῆναι.
1051 1008 1212 1091 μετὰ
1288 1004 1363 1072 δὲ
1426 1018 1634 1074 ταῦτα
1702 1009 1979 1093 διαδρὰς
2052 1010 2146 1086 εἰς
2168 1013 2248 1076 77

212 1118 523 1201 Κρήτην,
569 1112 680 1179 καὶ
727 1114 838 1178 διὰ
892 1114 1016 1196 τὴν
1062 1112 1135 1178 ἐν
1182 1121 1261 1199 τῇ
1319 1112 1515 1200 τέχνῃ
1562 1114 1765 1193 δόξαν
1809 1118 2146 1199 θαυμαζό-

216 1245 450 1306 μενος,
498 1223 694 1304 φίλος
741 1217 1000 1301 ἐγένετο
1046 1223 1328 1297 Μίνωος
1372 1230 1494 1286 τοῦ
1550 1220 1889 1305 βασιλέως.
1980 1224 2148 1287 κατὰ

219 1325 295 1392 δὲ
351 1328 472 1391 τὸν
528 1324 1074 1410 παραδεδομένον
1134 1333 1362 1411 μῦθον
1416 1330 1779 1414 Πασιφάης
1842 1337 1957 1413 τῆς
2009 1330 2147 1392 Μί-

128 1458 190 1499 10
217 1457 395 1509 νωος
450 1433 766 1515 γυναικὸς
826 1431 1223 1518 ἐρασθείσης
1276 1443 1398 1498 τοῦ
1453 1436 1734 1519 ταύρου,
1792 1437 2147 1521 μηχάνημα

122 1622 129 1626 ·
218 1543 503 1624 ποιήσας
569 1537 996 1624 ὡμοιωμένον
1057 1540 1174 1622 βοῒ
1234 1541 1613 1623 συνήργησε
1678 1550 1757 1625 τῇ
1823 1543 2146 1628 Πασιφάῃ

218 1649 387 1733 πρὸς
439 1647 564 1729 τὴν
620 1644 1002 1729 ἐπιθυμίαν.
1097 1650 1564 1729 μυθολογοῦσι
1620 1647 1750 1729 γὰρ
1805 1649 1934 1730 πρὸ
1995 1649 2145 1713 τού-
2183 1669 2217 1718 2

218 1776 357 1818 των
418 1763 554 1817 τῶν
617 1754 882 1837 χρόνων
945 1753 1194 1816 Μίνωα
1256 1745 1400 1815 κατ’
1453 1750 1763 1817 ἐνιαυτὸν
1830 1756 2149 1837 συνήθως

221 1866 591 1943 καθιεροῦν
650 1860 770 1924 τὸν
832 1858 1190 1923 κάλλιστον
1244 1868 1381 1922 τῶν
1444 1857 1818 1942 γινομένων
1880 1860 2149 1944 ταύρων

139 1987 194 2029 16
221 1977 312 2056 τῷ
379 1968 761 2033 Ποσειδῶνι
824 1962 935 2030 καὶ
999 1965 1199 2030 θύειν
1262 1972 1506 2029 τοῦτον
1569 1973 1660 2054 τῷ
1726 1970 1891 2054 θεῷ·
1960 1988 2148 2049 γενο-

223 2074 432 2159 μένου
490 2071 563 2138 δὲ
623 2076 770 2138 τότε
824 2073 1079 2158 ταύρου
1135 2073 1364 2137 κάλλει
1424 2069 1864 2156 διαφέροντος
1919 2072 2147 2159 ἕτερον

221 2192 357 2246 τῶν
419 2180 718 2262 ἡττόνων
780 2179 1048 2263 ταύρων
1110 2184 1352 2242 θῦσαι·
1422 2180 1544 2243 τὸν
1609 2175 1683 2243 δὲ
1750 2180 2149 2244 Ποσειδῶνα

226 2289 597 2372 μηνίσαντα
660 2291 751 2370 τῷ
809 2285 1012 2369 Μίνῳ
1076 2290 1353 2365 ποιῆσαι
1414 2284 1536 2367 τὴν
1590 2294 1875 2367 γυναῖκα
1938 2286 2147 2351 αὐτοῦ

229 2390 595 2474 Πασιφάην
638 2387 1008 2474 ἐρασθῆναι
1052 2397 1175 2452 τοῦ
1220 2389 1490 2473 ταύρου.
1568 2392 1679 2455 διὰ
1726 2387 1800 2455 δὲ
1836 2399 1951 2474 τῆς
1995 2392 2146 2456 τού·
2184 2411 2217 2460 3

146 2518 202 2583 20
227 2520 348 2562 του
394 2497 815 2580 φιλοτεχνίας
860 2494 983 2577 τὴν
1023 2496 1395 2579 Πασιφάην
1441 2505 1746 2578 μιγεῖσαν
1786 2505 1878 2584 τῷ
1926 2498 2148 2587 ταύρω

228 2612 543 2688 γεννῆσαι
603 2602 722 2667 τὸν
778 2600 1379 2685 μυθολογούμενον
1437 2602 1909 2689 Μινώταυρον.
1998 2613 2151 2669 τοῦ-

227 2734 346 2776 τον
393 2707 474 2774 δέ
515 2723 683 2793 φασι
730 2709 940 2791 διφυῆ
987 2706 1361 2791 γεγονέναι,
1405 2705 1516 2772 καὶ
1560 2709 1641 2773 τὰ
1687 2706 1809 2793 μὲν
1855 2710 2151 2797 ἀνώτερα

230 2814 391 2904 μέρη
430 2825 553 2882 τοῦ
591 2816 891 2900 σώματος
929 2815 1080 2899 ἄχρι
1125 2824 1260 2879 τῶν
1305 2814 1503 2898 ὤμων
1539 2817 1714 2899 ἔχειν
1750 2817 2024 2903 ταύρου,
2070 2819 2152 2882 τὰ

232 2919 304 2987 δὲ
370 2923 567 2988 λοιπὰ
642 2921 1027 3007 ἀνθρώπου.
1118 2927 1210 3008 τῷ
1278 2917 1353 2984 δὲ
1423 2919 1646 3006 τέρατι
1707 2923 1921 3009 τούτῳ
1985 2924 2153 3006 πρὸς
2186 2940 2223 2990 4

157 3046 207 3090 25
232 3030 604 3115 διατροφὴν
666 3027 926 3113 λέγεται
988 3026 1474 3091 κατασκευάσαι
1536 3028 1886 3092 Δαίδαλον
1949 3027 2151 3109 λαβύ-

233 3142 498 3221 ρινθον,
535 3135 652 3211 τὰς
688 3133 1036 3214 διεξόδους
1071 3134 1345 3209 σκολιὰς
1381 3134 1616 3217 ἔχοντα
1651 3129 1762 3196 καὶ
1796 3142 1937 3209 τοῖς
1973 3131 2152 3196 ἀπεί-

233 3265 373 3328 ροις
419 3239 894 3326 δυσευρέτους,
941 3238 1015 3304 ἐν
1061 3230 1113 3326 ᾧ
1160 3241 1577 3324 τρεφόμενον
1629 3239 1749 3303 τὸν
1793 3238 2152 3303 Μινώταυ-

236 3372 356 3435 ρον
400 3350 559 3425 τοὺς
605 3347 671 3428 ἐξ
694 3345 1004 3431 Ἀθηνῶν
1049 3343 1665 3428 ἀποστελλομένους
1706 3341 1866 3409 ἑπτὰ
1909 3346 2154 3430 κόρους

404 3509 441 3559 4
480 3502 582 3560 ἕνα
648 3523 776 3559 τινα
812 3502 865 3558 II
1009 3507 1043 3556 6
1082 3500 1162 3565 εἰς
1228 3499 1309 3564 εἰς
1346 3498 1451 3569 τὴν
1488 3501 1637 3570 vulg.
1790 3506 1856 3556 17
1897 3497 2153 3572 ταύρων]

232 3572 355 3630 τότε
395 3574 524 3629 add.
724 3579 792 3629 25
830 3569 1129 3644 διατριβὴν
1192 3576 1294 3629 ort.
