2569 4061
416 177 600 236 XXVI
1159 177 1592 236 PRAEFATIO.

587 345 924 406 Immanuel
941 346 991 405 B
1004 346 1224 407 ekker
1252 345 1440 409 edidit
1458 346 1794 409 Diodorum
1809 346 2053 424 Lipsiae
2077 349 2247 409 1853
2259 378 2336 391 -

414 445 589 504 1854
635 435 708 524 (4
736 444 854 505 vol.
883 444 1044 520 apud
1073 438 1414 523 Teubner);
1463 444 1717 521 singulis
1753 444 1937 505 tomis
1973 446 2343 521 praemissus

407 543 506 601 est
559 541 759 602 brevis
814 542 1140 602 lectionum
1203 542 1514 604 variarum
1556 541 1752 603 index.
1843 542 2184 603 Dolendum
2227 545 2342 619 est,

407 638 570 713 quod
615 638 855 699 Bekker
906 640 1148 718 ingenio
1206 659 1317 701 suo
1377 643 1507 701 tam
1558 640 1769 719 multis
1827 639 1892 699 in
1945 640 2343 717 scriptoribus

410 733 659 796 Graecis
698 737 1026 798 exercitato
1064 756 1133 798 ac
1174 740 1448 814 spectato
1486 736 1551 796 in
1586 736 1835 797 Diodori
1869 736 2131 798 editione
2166 755 2344 813 parce

407 851 559 894 usus
620 836 741 912 est,
803 832 1026 893 nedum
1087 834 1360 895 laborem
1418 833 1651 894 codices
1708 833 1902 895 denuo
1957 834 2346 911 perquirendi

406 930 474 990 in
519 949 583 991 se
631 929 974 1006 susceperit.

590 1126 807 1184 Restat
850 1125 922 1182 ut
965 1125 1173 1201 paucis
1221 1124 1295 1185 de
1341 1124 1525 1184 huius
1581 1123 1859 1186 editionis
1903 1125 2202 1187 institutis
2248 1145 2343 1186 ra-

408 1222 636 1281 tionem
690 1220 952 1281 reddam.
1046 1222 1216 1292 Quae
1274 1239 1414 1282 cum
1468 1225 1685 1298 parata
1737 1223 1844 1301 sit,
1906 1226 1979 1283 ut
2031 1223 2096 1283 in
2146 1225 2342 1283 locum

409 1318 683 1379 Dindorfi
719 1318 997 1380 editionis
1035 1318 1499 1381 Teubnerianae
1545 1320 1851 1397 succedat,
1896 1321 2160 1398 primum
2204 1339 2342 1381 cum

406 1434 484 1475 ea
530 1419 624 1476 est
659 1416 1034 1477 conferenda.
1099 1417 1419 1476 Deiectum
1457 1418 1764 1479 variarum
1798 1418 2143 1494 lectionum,
2188 1436 2340 1494 quas

408 1513 670 1573 Dindorf
719 1515 1030 1592 omiserat,
1095 1513 1355 1592 singulis
1418 1513 1754 1591 quibusque
1806 1516 2046 1593 paginis
2110 1515 2340 1594 addidi3

404 1611 506 1669 cui
541 1613 612 1669 ut
648 1611 912 1687 spatium
939 1612 1127 1686 fieret,
1165 1611 1706 1672 commentationes
1732 1612 1971 1689 Heynei
1998 1617 2061 1674 et
2084 1612 2342 1692 Eyringi

406 1708 841 1769 exterminatae
880 1713 1036 1770 sunt.
1094 1707 1383 1779 Quamvis
1422 1709 1583 1768 enim
1620 1710 1745 1769 sint
1778 1711 2097 1785 pretiosae,
2134 1714 2343 1772 tamen

404 1823 510 1864 eas
555 1807 820 1882 recipere
865 1806 1109 1865 modum
1144 1806 1367 1866 talium
1402 1804 1751 1882 editionum,
1798 1807 1994 1880 qualis
2042 1807 2189 1866 haee
2229 1811 2339 1885 est,

405 1902 693 1961 excedere
740 1901 998 1980 videtur,
1045 1905 1474 1979 praeterquam
1519 1901 1680 1977 quod
1724 1901 1892 1978 ipsae
1936 1902 2115 1964 hodie
2159 1909 2343 1983 egent

404 1998 893 2061 correctionibus.
985 1999 1277 2061 Attamen
1324 1999 1376 2059 si
1420 1997 1536 2060 viri
1594 1998 1753 2061 docti
1807 1999 1903 2062 his
1950 2018 2131 2079 aegre
2178 2019 2341 2065 care-

407 2096 577 2176 bunt,
623 2097 777 2158 nihil
823 2100 1042 2177 obstat,
1089 2099 1236 2176 quin
1280 2097 1604 2175 posteriori
1646 2101 1813 2159 tomo
1855 2097 2221 2160 inserantur.

585 2196 676 2255 De
714 2199 1012 2273 apparatu
1048 2197 1255 2257 critico
1297 2196 1447 2256 scito
1483 2195 1658 2255 haecz
1703 2195 1992 2257 lectiones
2030 2216 2103 2258 ex
2139 2198 2339 2258 codice

404 2292 459 2350 D
515 2294 739 2353 allatae
802 2294 1081 2354 nituntur
1147 2295 1212 2353 in
1274 2292 1726 2353 accuratissima
1788 2292 2073 2353 Richardi
2135 2294 2326 2373 Berg-

407 2407 590 2448 mann
634 2390 983 2468 collatione,
1039 2393 1271 2451 ceteras
1321 2408 1525 2449 omnes
1588 2389 1872 2450 debemus
1917 2390 2337 2470 WesselingiO.

407 2485 789 2546 Facillimum
836 2487 1063 2548 scilicet
1108 2488 1331 2563 fuerat,
1375 2486 1438 2545 id
1474 2486 1633 2562 quod
1668 2486 1929 2547 Dindorf
1966 2489 2029 2547 in
2075 2488 2339 2550 editione

407 2600 522 2643 sua
567 2601 620 2644 a.
662 2586 835 2644 1828
883 2584 1129 2661 fecerat,
1174 2588 1369 2646 totam
1412 2583 1738 2643 lectionum
1780 2585 2002 2645 molem
2038 2604 2075 2646 a
2101 2586 2341 2647 Wesse-

411 2680 602 2758 lingio
649 2681 902 2758 aliisque
948 2685 1306 2760 congestam
1357 2679 1634 2757 redder03
1690 2681 1795 2741 sed
1840 2682 2203 2760 bibliopolae
2248 2686 2341 2744 at-

405 2796 524 2854 que
596 2779 928 2855 legentium
997 2780 1292 2840 intererat
1362 2795 1616 2839 censura
1678 2780 1890 2840 subtili
1961 2780 2338 2842 adulterinas

404 2875 692 2938 lectiones
747 2877 1032 2937 amoveri.
1124 2874 1256 2945 Quo
1312 2875 1377 2933 in
1430 2874 1665 2936 delectu
1724 2894 1905 2954 quam
1960 2877 2208 2939 difficile
2252 2878 2339 2939 sit

402 2976 639 3033 rectum
701 2972 945 3033 modum
1014 2975 1225 3033 tenere
1287 2990 1462 3033 nemo
1524 2992 1646 3033 non
1711 2974 1912 3035 sentit.
2021 2974 2338 3035 Summum

405 3073 611 3130 autem
657 3072 753 3128 est
794 3088 932 3130 mea
988 3069 1230 3146 quidem
1291 3070 1613 3147 sententia,
1666 3089 1788 3133 non
1830 3075 1956 3131 tam
2010 3071 2337 3132 lectionum

403 3166 765 3244 singillatim
822 3166 1120 3227 delectum
1187 3166 1411 3226 habere
1475 3187 1658 3243 quam
1718 3168 1992 3243 ipsorum
2045 3167 2336 3229 codicum.

403 3261 603 3331 Quare
647 3263 889 3324 facilius
934 3282 973 3324 a
1018 3282 1113 3324 me
1158 3264 1504 3342 impetravi,
1533 3267 1621 3346 ,τιὴ
1666 3263 1889 3325 centies
1935 3262 2125 3325 libros
2169 3264 2230 3326 A
2274 3268 2337 3325 et

404 3357 457 3415 B
503 3353 606 3439 (ex
649 3360 851 3425 codiee
897 3361 952 3422 D
998 3353 1361 3441 descriptos)
1407 3361 1793 3437 neglegerem
1846 3377 1992 3436 prae
2050 3380 2172 3422 una
2215 3362 2334 3422 lec-

401 3453 567 3514 tione
628 3455 683 3515 D
748 3458 986 3518 etiamsi
1057 3459 1384 3519 manifesto·
1442 3456 1592 3519 vitio
1667 3459 1969 3535 corrupta.
2079 3459 2332 3536 Saepius
