2569 4061
433 295 568 361 464
1101 291 1409 349 monom
1447 290 1691 349 SICULI

366 480 398 529 2
437 459 563 542 κὴν
605 465 740 521 τῶν
785 453 1044 539 γονέων
1096 456 1192 533 εἰς
1234 453 1433 521 τέκνα
1478 456 1977 542 φιλοστοργίαν.
2076 454 2394 521 ἐνταῦθα

436 561 891 647 συμπλέοντας
949 572 1090 640 τοῖς
1149 559 1303 648 περὶ
1363 563 1485 629 τὸν
1535 558 1863 647 “Ηρακλέα
1925 565 2085 639 τοὺς
2150 563 2393 629 ἐπικα-

435 666 806 753 λουμένους
850 664 977 753 μὲν
1022 668 1385 754 Βορεάδας,
1434 667 1769 754 ἀδελφοὺς
1816 662 1876 734 δ’
1928 669 2128 746 ὄντας
2163 673 2390 736 Κλεο-

434 775 687 862 πάτρας
700 824 720 859 ,
779 773 1038 860 λέγεται
1098 776 1210 841 διὰ
1267 776 1392 858 τὴν
1446 773 1842 859 συγγένειαν
1898 775 2206 860 πρώτους
2263 776 2387 863 ὀρ-

439 891 644 966 μῆσαι
670 883 837 969 πρὸς
862 883 987 967 τὴν
1013 884 1363 966 βοήθειαν,
1395 879 1508 947 καὶ
1539 884 1697 959 τοὺς
1723 877 1847 965 μὲν
1872 880 2385 967 περικειμένους
2415 905 2444 945 5

437 1000 579 1067 τοῖς
621 991 997 1065 νεανίσκοις
1051 990 1341 1073 δεσμοὺς
1379 988 1798 1075 περιρρῆξαι,
1855 991 2014 1065 τοὺς
2060 986 2121 1054 δ’
2175 987 2379 1055 ἐναν-

368 1119 401 1167 3
438 1095 831 1181 τιουμένους
873 1106 1010 1161 τῶν
1051 1095 1415 1180 βαρβάρων
1459 1092 1858 1161 ἀποκτεῖναι.
1950 1094 2377 1182 ὁρμήσαντος

441 1200 514 1268 δὲ
558 1211 680 1267 τοῦ
731 1199 987 1277 Φινέως
1030 1201 1196 1286 πρὸς
1240 1201 1490 1285 μάχην,
1545 1198 1658 1266 καὶ
1711 1209 1834 1267 τοῦ
1878 1204 2184 1284 πλήθους
2226 1214 2373 1268 τῶν

372 1351 377 1358 -
441 1312 722 1394 Θρακῶν
786 1307 1323 1392 συνδραμόντος,
1398 1305 1566 1392 φασὶ
1636 1310 1755 1373 τὸν
1808 1304 2138 1395 “Ηρακλέα
2195 1309 2379 1373 πάν-

436 1435 572 1477 των
637 1413 874 1499 ἄριστα
937 1415 1516 1499 διαγωνισάμενον
1575 1414 1782 1480 αὐτόν
1844 1437 1915 1480 τε
1982 1418 2103 1482 τὸν
2149 1414 2483 1491 Φινέα288

436 1516 546 1584 καὶ
591 1529 728 1585 τῶν
775 1520 998 1586 ἄλλων
1053 1520 1178 1587 οὐκ
1227 1521 1497 1605 ὀλίγους
1543 1521 1833 1604 ἀνελεῖν,
1888 1522 1965 1586 τὸ
2023 1518 2098 1587 δὲ
2148 1528 2376 1588 τελευ-
2405 1547 2455 1584 11

437 1636 628 1692 ταῖον
690 1629 1110 1712 κρατήσαντα
1171 1639 1309 1693 τῶν
1367 1630 1725 1712 βασιλείων
1787 1629 1912 1712 τὴν
1976 1624 2098 1713 μὲν
2161 1632 2373 1696 Κλεο-

438 1734 698 1820 πάτραν
739 1733 864 1816 [έκ]
902 1743 1020 1818 τῆς
1055 1740 1360 1820 φυλακῆς
1393 1744 1824 1822 προαγαγεῖν,
1860 1745 2001 1813 τοῖς
2038 1737 2113 1802 δε
2146 1740 2370 1803 Φινεί-

442 1840 589 1917 δαις
615 1838 1148 1925 ἀποκαταστῆσαι
1176 1842 1302 1923 τὴν
1326 1838 1642 1930 πατρῴαν
1670 1840 1909 1927 ἀρχήν
1937 1841 2373 1927 βουλομένων

443 1944 503 2011 δ’
577 1946 799 2012 αὐτῶν
870 1948 994 2030 τὴν
1064 1949 1393 2035 μητρυιὰν
1464 1942 1603 2033 μετ’
1673 1950 1893 2026 αἰκίας
1963 1949 2369 2035 ἀποκτεῖναι,
2404 1969 2455 2010 15

439 2065 663 2120 πεῖσαι
715 2064 832 2139 τῆς
890 2052 1012 2141 μὲν
1069 2058 1388 2142 τιμωρίας
1444 2056 1687 2140 ταύτης
1745 2055 2140 2141 ἀποστῆναι,
2198 2058 2372 2144 πρὸς

441 2156 517 2225 δὲ
560 2162 682 2226 τὸν
726 2161 977 2250 πατέρα
1021 2160 1406 2246 πέμψαντας
1451 2164 1546 2241 εἰς
1588 2164 1712 2246 τὴν
1749 2167 2065 2230 Σκυθίαν
2108 2161 2369 2231 ἐκεῖνον

440 2267 889 2355 παρακαλέσαι
958 2280 1094 2334 τῶν
1165 2271 1262 2347 εἰς
1327 2269 1570 2347 αὐτοὺς
1633 2269 2076 2355 ἀνομημάτων
2137 2273 2369 2356 λαβεῖν

370 2393 405 2441 4
441 2378 735 2442 κόλασιν.
827 2370 909 2442 οὗ
953 2375 1359 2461 γενηθέντος
1409 2378 1529 2443 τὸν
1580 2373 1702 2462 μὲν
1747 2378 2034 2461 Σκύθην
2077 2386 2194 2462 τῆς
2237 2385 2365 2444 θυ-

440 2485 682 2570 γατρὸς
725 2494 1144 2567 καταγνῶναι
1189 2484 1515 2567 θάνατον,
1562 2486 1721 2561 τοὺς
1767 2479 1830 2549 δ’
1881 2483 1954 2549 ἐκ
1996 2493 2115 2568 τῆς
2158 2488 2367 2552 Κλεο-
2394 2522 2445 2563 20

439 2591 692 2674 πάτρας
735 2590 927 2666 υἱοὺς
971 2587 1465 2672 ἀπενέγκασθαι
1506 2592 1685 2677 παρὰ
1728 2600 1870 2668 τοῖς
1907 2588 2117 2677 Θρᾳξὶ
2162 2590 2366 2669 δόξαν

441 2693 804 2771 ἐπιεικείας.
891 2695 1014 2759 οὐκ
1050 2692 1273 2779 ἀγνοῶ
1323 2692 1397 2761 δὲ
1434 2697 1608 2762 διότι
1642 2693 1817 2775 τινὲς
1852 2707 1988 2762 τῶν
2023 2699 2367 2785 μυθογρά-

441 2823 594 2883 φων
639 2802 1094 2884 τυφλωθῆναί
1131 2818 1300 2886 φασι
1344 2806 1503 2880 τοὺς
1544 2806 1859 2888 Φινείδας
1902 2804 2033 2869 ὑπὸ
2079 2813 2203 2870 τοῦ
2246 2826 2365 2870 πα-

441 2910 625 2992 τρός,
679 2906 790 2973 καὶ
843 2909 962 2973 τὸν
1017 2906 1226 2974 Φινέα
1281 2917 1398 2993 τῆς
1452 2910 1685 2995 ὁμοίας
1737 2920 1962 2996 τυχεῖν
2015 2921 2366 2997 συμφορᾶς

372 3032 403 3083 5
441 3014 572 3081 ὑπὸ
633 3012 908 3103 Βορέου.
1015 3014 1258 3100 ὁμοίως
1318 3013 1393 3082 δὲ
1454 3015 1567 3082 καὶ
1628 3019 1747 3083 τὸν
1800 3013 2128 3103 Ἡρακλέα
2190 3014 2364 3096 τινὲς
2391 3054 2444 3096 25

440 3122 951 3208 παραδεδώκασι
1024 3125 1192 3210 πρὸς
1252 3122 1531 3211 ὑδρείαν
1594 3123 1951 3204 ἐξελθόντα
2013 3123 2178 3188 κατὰ
2240 3123 2362 3206 τὴν

434 3225 663 3294 Ἀσίαν
699 3229 828 3295 ὑπὸ
875 3239 1013 3295 τῶν
1051 3227 1515 3315 Ἀργοναυτῶν
1553 3228 1662 3295 ἐπὶ
1696 3238 1815 3314 τῆς
1847 3231 2067 3315 χώρας
2103 3228 2359 3295 ἀπολει-

350 3402 355 3409 ,
441 3338 719 3416 φθῆναι.
824 3337 1126 3401 καθόλου
1185 3332 1260 3401 δὲ
1318 3339 1475 3412 τοὺς
1532 3340 1856 3414 παλαιοὺς
1914 3337 2180 3420 μύθους
2239 3336 2357 3420 οὐχ

621 3492 687 3540 13
735 3484 799 3541 ἐκ
837 3504 946 3543 om.
983 3490 1032 3544 D
1169 3486 1357 3560 προάγ
1325 3511 1410 3558 γιε
1413 3511 1445 3545 ν
1481 3492 1535 3546 II
1679 3493 1937 3561 φινίδαις
1972 3493 2022 3547 D
2069 3495 2155 3562 (ub
2189 3492 2353 3561 infra)

440 3556 507 3602 17
545 3552 850 3623 πέμψαντα
889 3558 996 3611 OF
1135 3565 1205 3614 28
1244 3560 1335 3631 δὲ]
1372 3558 1481 3631 γὰρ
1518 3560 1670 3631 vulg.
