2569 4061
982 332 1035 385 ΙΙ
1071 337 1121 386 2.
1152 338 1200 385 3.
1231 338 1280 386 4.
1957 332 2084 396 173

164 496 418 579 καύτην
472 498 692 559 κτίσαι
744 495 819 559 τὸ
888 491 1174 576 μέγεθος
1237 495 1436 558 πόλιν
1500 494 1663 560 ὥστε
1729 495 1817 578 μὴ
1875 496 2087 578 μόνον

171 602 382 684 αὐτὴν
426 594 598 666 εἶναι
653 602 968 683 μεγίστην
1012 609 1149 663 τῶν
1193 600 1340 663 τότε
1392 598 1616 665 οὐσῶν
1659 602 1822 665 κατὰ
1867 609 2089 665 πᾶσαν

170 710 294 791 τὴν
358 704 785 790 οἰκουμένην,
864 704 1029 770 ἀλλὰ
1092 702 1259 788 μηδὲ
1323 714 1458 769 τῶν
1523 706 2088 792 μεταγενεστέρων

172 812 397 898 ἕτερον
454 812 933 896 ἐπιβαλόμενον
994 810 1241 897 ῥᾳδίως
1296 808 1381 875 ἂν
1441 810 1878 894 ὑπερθέσθαι.
1969 814 2088 877 τὸν
2125 837 2153 883 2

116 938 144 979 5
174 915 294 1003 μὲν
347 914 471 983 οὗν
515 930 650 983 τῶν
688 916 987 1003 Ἀράβων
1041 915 1318 999 βασιλέα
1362 919 1641 1001 τιμήσας
1696 916 1938 1001 δώροις
1982 915 2092 981 καὶ

170 1026 497 1111 λαφύροις
556 1021 1120 1108 μεγαλοπρεπέσιν
1175 1022 1462 1088 ἀπέλυσε
1526 1024 1688 1107 μετὰ
1740 1032 1856 1106 τῆς
1921 1024 2092 1100 ἰδίας

172 1141 481 1216 στρατιᾶς
526 1132 619 1208 είς
664 1130 787 1212 τὴν
833 1131 1107 1212 οἰκείαν,
1155 1130 1354 1206 αὐτὸς
1391 1127 1465 1195 δὲ
1509 1131 1625 1206 τὰς
1668 1130 2093 1213 πανταχόθεν

170 1238 487 1322 δυνάμεις
549 1234 659 1302 καὶ
713 1236 1131 1322 παρασκευὰς
1192 1237 1461 1301 πάντων
1514 1246 1648 1300 τῶν
1703 1235 2094 1319 ἐπιτηδείων

171 1343 497 1428 ἀθροίσας
532 1343 711 1427 παρὰ
754 1343 874 1406 τὸν
908 1341 1275 1425 Εὐφράτην
1311 1343 1610 1425 ποταμὸν
1646 1344 1856 1408 ἔκτισε
1893 1343 2093 1407 πόλιν

96 1470 150 1508 ιο
176 1444 254 1513 εὖ
300 1445 817 1531 τετειχισμένην,
867 1445 1251 1531 ἑτερόμηκες
1306 1447 1509 1530 αὐτῆς
1551 1447 2094 1532 ὑποστησάμενος

172 1556 247 1619 τὸ
307 1560 539 1636 σχῆμα.
630 1547 764 1635 εἶχε
820 1548 895 1615 δὲ
948 1561 1084 1615 τῶν
1138 1548 1259 1635 μὲν
1314 1551 1735 1637 μακροτέρων
1787 1559 2094 1639 πλευρῶν

178 1656 495 1741 ἑκατέραν
537 1657 580 1740 ἡ
636 1659 827 1733 πόλις
880 1655 1114 1723 ἑκατὸν
1167 1656 1278 1723 καὶ
1323 1661 1730 1741 πεντήκοντα
1785 1661 2094 1742 σταδίων,

178 1773 315 1826 τῶν
363 1758 436 1827 δὲ
481 1761 907 1848 βραχυτέρων
953 1762 1368 1846 ἐνενήκοντα.
1463 1764 1569 1827 διὸ
1616 1761 1724 1828 καὶ
1770 1771 1892 1828 τοῦ
1938 1765 2097 1847 σύμ-
2137 1785 2167 1833 3

180 1888 430 1945 παντος
481 1870 842 1952 περιβόλου
897 1867 1349 1947 συσταθέντος
1403 1868 1476 1935 ἐκ
1531 1869 1820 1933 σταδίων
1878 1891 2101 1954 τετρα-

86 1995 148 2036 -15
177 1976 425 2040 κοσίων
478 1972 589 2041 καὶ
636 1974 1047 2059 ὀγδοήκοντα
1102 1984 1217 2059 τῆς
1262 1974 1531 2052 ἐλπίδος
1577 1973 1660 2041 οὐ
1705 1975 2099 2058 διεψεύσθη·

176 2083 576 2165 τηλικαύτην
629 2083 759 2167 γὰρ
813 2085 1012 2148 πόλιν
1067 2081 1290 2159 οὐδεὶς
1343 2082 1627 2167 ὕστερον
1672 2084 1884 2147 ἔκτισε
1940 2083 2105 2146 κατά

180 2210 251 2252 τε
296 2190 371 2253 τὸ
409 2187 693 2271 μέγεθος
729 2198 851 2253 τοῦ
887 2190 1250 2275 περιβόλου
1287 2187 1399 2253 καὶ
1434 2189 1557 2271 τὴν
1592 2185 1743 2273 περὶ
1779 2190 1853 2252 τὸ
1892 2197 2103 2271 τεῖχος

183 2291 766 2378 μεγαλοπρέπειαν.
857 2295 932 2358 τὸ
991 2290 1113 2378 μὲν
1165 2294 1294 2379 γὰρ
1349 2292 1522 2370 ὕψος
1576 2287 1707 2378 εἶχε
1761 2295 1836 2357 τὸ
1897 2302 2107 2376 τεῖχος

185 2400 414 2463 ποδῶν
461 2397 726 2483 ἑκατόν,
771 2400 847 2464 τὸ
896 2395 970 2464 δὲ
1014 2400 1261 2476 πλάτος
1313 2398 1533 2484 τρισὶν
1579 2399 1868 2483 ἅρμασιν
1916 2398 2107 2463 ἴππάω

106 2523 162 2562 20
190 2520 386 2587 σιμον
422 2500 533 2588 ἦν·
581 2505 652 2570 οἱ
685 2502 758 2570 δὲ
805 2506 1182 2589 σύμπαντες
1214 2506 1463 2590 πύργοι
1502 2507 1620 2570 τὸν
1656 2502 1779 2590 μὲν
1817 2504 2107 2591 ἀριθμὸν

189 2603 365 2692 ἦσαν
434 2614 639 2694 χίλιοι
710 2610 822 2677 καὶ
892 2613 1348 2695 πεντακόσιοι,
1419 2613 1494 2676 τὸ
1562 2607 1622 2676 δ’
1693 2612 1864 2689 ὕψος
1926 2607 2107 2696 εἶχον

185 2717 415 2781 ποδῶν
462 2718 839 2784 διακοσίων.
931 2715 1251 2805 κατῴκισε
1299 2715 1359 2783 δ’
1414 2719 1509 2794 είς
1554 2718 1762 2802 αὐτὴν
1806 2730 1941 2783 τῶν
1986 2714 2107 2801 μὲν
2145 2740 2177 2784 4

181 2819 551 2908 Ἀσσυρίων
604 2827 761 2899 τοὺς
818 2824 1169 2900 πλείστους
1221 2821 1333 2888 καὶ
1388 2825 1919 2906 δυνατωτάτους,
1981 2823 2107 2886 ἀπὸ

76 2948 178 2997 116
206 2925 281 2993 δὲ
339 2939 474 2994 τῶν
518 2930 743 2994 ἄλλων
798 2927 1021 2994 ἐθνῶν
1065 2932 1223 3006 τοὺς
1266 2927 1736 3014 βουλομένους.
1826 2926 1938 2994 καὶ
1987 2928 2109 3009 τὴν

107 3049 160 3090 25
190 3030 313 3118 μὲν
349 3036 547 3099 πόλιν
586 3035 932 3117 ὠνόμασεν
969 3029 1083 3118 ἀφ’
1120 3033 1362 3100 ἑαυτοῦ
1397 3038 1639 3117 Νίνον,
1675 3044 1814 3110 τοῖς
1852 3030 1925 3096 δὲ
1961 3051 2109 3094 κατ-

192 3147 553 3207 οικισθεῖσι
606 3142 862 3224 πολλὴν
919 3149 1033 3224 τῆς
1088 3141 1341 3226 ὁμόρου
1400 3141 1619 3226 χώρας
1673 3137 2109 3222 προσώρισεν.

356 3240 533 3311 Ἐπεὶ
564 3242 636 3310 δὲ
678 3246 839 3330 μετὰ
870 3246 995 3328 τὴν
1029 3248 1245 3310 κτίσιν
1279 3247 1530 3329 ταύτην
1567 3245 1603 3310 ὁ
1631 3244 1844 3316 Νίνος
1882 3238 2109 3322 έστρά-
2137 3242 2175 3302 14

195 3367 431 3416 τευσεν
476 3348 584 3415 ἐπὶ
627 3351 752 3433 τὴν
796 3354 1238 3437 Βακτριανήν,
1287 3350 1359 3416 ἐν
1405 3341 1448 3434 ᾖ
1492 3349 1865 3432 Σεμίραμιν
1912 3344 2111 3425 ἔγημε

330 3513 365 3560 4
403 3502 849 3608 ἐπιβαλλόμενον
886 3509 1040 3576 vulg.
1186 3512 1218 3559 9
1256 3501 1438 3574 παρὰ]
1483 3500 1577 3558 ἐπὶ
1617 3500 1722 3556 OF
1859 3501 1928 3550 25
1968 3492 2113 3552 ὦνό-

191 3593 370 3647 μασεν
407 3575 501 3632 DF
532 3620 548 3647 ,
587 3580 853 3633 ἐκαλεσεν
894 3578 1037 3632 0F1.
