2569 4061
25 85 2541 120 —

351 351 484 416 456
1021 347 1331 405 DIODORI
1369 349 1603 405 SICULI

352 513 714 594 ἀπέκτεινε,
760 511 885 595 τὴν
933 511 1004 576 δ’
1038 510 1518 596 Ἀστυδάμειαν
1564 512 1983 596 αἰχμάλωτον
2028 513 2279 595 λαβών,

286 641 319 690 5
354 617 465 686 καὶ
508 615 723 702 μιγεὶς
767 617 968 703 αὐτῇ,
1013 620 1411 701 Κτήσιππον
1455 619 1609 683 υἱὸν
1656 615 1986 701 ἐγέννησε.
2076 626 2284 684 ταῦτα

357 721 431 790 δὲ
495 723 1023 811 διαπραξάμενος
1095 723 1532 809 ἐστράτευσεν
1597 726 1691 800 εἰς
1764 723 1890 807 τὴν
1956 725 2283 807 Οἰχαλίαν

355 829 464 897 ἐπὶ
497 834 656 908 τοὺς
682 831 998 917 Εὐρύτου
1034 832 1298 913 παῖδας,
1327 830 1430 895 ὅτι
1467 831 1592 914 τὴν
1614 827 1829 914 Ἰόλην
1866 832 2285 915 μνηστεύσας

358 935 666 1023 ἀπέτυχε·
722 935 1357 1021 συναγωνιζομένων
1404 931 1467 1001 δ’
1521 936 1698 1025 αὐτῷ
1745 946 1881 1002 τῶν
1921 934 2284 1022 Ἀρκάδων,
2318 958 2349 999 5

358 1047 483 1128 τήν
536 1067 606 1110 τε
659 1046 858 1110 πόλιν
911 1034 1043 1108 εἷλε
1099 1041 1212 1109 καὶ
1264 1046 1423 1120 τοὺς
1472 1042 1787 1128 Εὐρύτου
1840 1045 2083 1120 παῖδας
2129 1042 2283 1108 ἀπέ-

359 1175 603 1234 κτεινε,
677 1148 882 1227 Τοξέα
944 1147 1057 1215 καὶ
1108 1152 1424 1215 Μολίονα
1476 1147 1589 1215 καὶ
1634 1151 1948 1215 Κλυτίον.
2041 1150 2267 1233 λαβὼν
2287 1155 2404 1204 283

362 1255 436 1324 δὲ
480 1255 592 1324 καὶ
634 1255 758 1338 τὴν
797 1251 1013 1337 Ἰόλην
1058 1255 1477 1339 αἰχμάλωτον
1524 1254 1786 1338 ἀπῆλθε
1831 1264 1947 1338 τῆς
1991 1255 2288 1339 Εὐβοίας

361 1360 469 1428 ἐπὶ
512 1363 587 1427 τὸ
635 1359 1051 1445 ἀκρωτήριον
1096 1361 1170 1425 τὸ
1217 1362 1638 1446 καλούμενον
1682 1364 2004 1445 Κηναῖον.

257 1469 341 1532 38
533 1463 867 1531 Ἐνταῦθα
915 1462 990 1531 δὲ
1030 1470 1288 1533 θυσίαν
1334 1467 1650 1533 ἐπιτελῶν
1696 1466 2036 1533 ἀπέστειλε
2072 1470 2288 1552 Λίχαν
2320 1492 2377 1532 10

361 1574 478 1638 τὸν
522 1569 860 1703 ὑπηρέτην
915 1575 1012 1651 εἰς
1067 1577 1361 1660 Τραχῖνα
1405 1575 1573 1660 πρὸς
1622 1575 1745 1658 τὴν
1790 1584 2076 1658 γυναῖκα
2120 1578 2287 1658 Δηι-

363 1679 664 1764 άνειραν·
693 1680 907 1768 τούτῳ
940 1676 1015 1745 δὲ
1041 1676 1686 1764 προστεταγμένον*
1647 1705 1734 1764 ην
1762 1682 2026 1765 αἰτῆσαι
2043 1691 2289 1766 χιτῶνα

362 1783 475 1853 καὶ
521 1786 817 1870 ἱμάτιον,
865 1776 966 1863 οἷς
1020 1787 1247 1852 εἰώθει
1302 1794 1598 1874 χρῆσθαι
1642 1790 1809 1871 πρὸς
1863 1789 1981 1865 τὰς
2024 1791 2286 1865 θυσίας.

364 1891 405 1976 ἡ
445 1889 519 1958 δὲ
556 1893 926 1978 Δηιάνειρα
961 1891 1314 1977 πυθομένη
1351 1902 1474 1958 τοῦ
1511 1896 1686 1978 Λίχα
1722 1894 1845 1977 τὴν
1881 1895 2047 1979 πρὸς
2076 1887 2289 1976 Ἰόλην

365 2002 845 2086 φιλοστοργίαν
897 1997 1010 2065 καὶ
1054 1997 1429 2084 βουλομένη
1490 1998 1696 2067 πλέον
1743 1998 1985 2085 ἑαυτὴν
2038 1999 2286 2083 ἀγαπᾶ-
2321 2023 2376 2065 15

368 2112 561 2191 σθαι,
616 2108 736 2172 τὸν
788 2116 1033 2191 χιτῶνα
1089 2108 1309 2192 ἔχρισε
1352 2115 1444 2195 τῷ
1502 2110 1682 2193 παρὰ
1733 2117 1854 2174 τοῦ
1900 2108 2293 2195 Κενταύρου

302 2234 334 2283 2
376 2211 713 2302 δεδομένῳ
760 2215 925 2300 πρὸς
962 2212 1296 2280 ἀπώλειαν
1341 2217 1614 2303 φίλτρῳ.
1680 2214 1716 2281 ὁ
1754 2211 1877 2299 μὲν
1925 2210 2050 2280 οὖν
2086 2216 2294 2300 Λίχας

369 2318 634 2402 ἀγνοῶν
670 2318 821 2405 περὶ
855 2319 1113 2385 τούτων
1151 2318 1477 2403 ἀπήνεγκε
1515 2320 1638 2403 τὴν
1675 2319 1926 2404 ἐσθῆτα
1967 2321 2132 2404 πρὸς
2167 2321 2291 2404 τὴν

369 2430 646 2494 θυσίαν·
687 2426 724 2492 ὁ
754 2424 815 2490 δ’
852 2425 1176 2511 Ἡρακλῆς
1212 2424 1411 2504 ἐνδὺς
1447 2428 1568 2492 τὸν
1595 2425 1990 2512 κεχριμένον
2025 2437 2294 2511 χιτῶνα,

369 2537 477 2599 καὶ
521 2528 660 2599 κατ’
713 2532 944 2615 ὀλίγον
987 2541 1103 2616 τῆς
1147 2542 1270 2598 τοῦ
1318 2540 1639 2616 σηπτικοῦ
1686 2534 2043 2621 φαρμάκου
2091 2535 2292 2599 δυνά-
2323 2557 2378 2597 20

370 2662 542 2722 μεως
596 2638 1026 2724 ἐνεργούσης,
1088 2638 1433 2724 περιέπεσε
1490 2648 1805 2727 συμφορᾷ
1858 2648 1939 2725 τῇ
2000 2643 2290 2725 μεγίστῃ.

370 2751 487 2825 τῆς
522 2745 651 2828 γὰρ
689 2742 918 2819 ἀκίδος
962 2745 1082 2808 τὸν
1118 2744 1191 2809 ἐκ
1224 2752 1342 2827 τῆς
1379 2744 1645 2831 ἐχίδνης
1690 2748 1796 2812 ἰὸν
1834 2746 2291 2832 ἀνειληφυίας,

371 2847 483 2916 καὶ
529 2850 641 2914 διὰ
683 2857 883 2913 τοῦτο
928 2857 1050 2913 τοῦ
1095 2861 1376 2933 χιτῶνος
1423 2852 1535 2916 διὰ
1579 2852 1703 2935 τὴν
1747 2856 2125 2938 θερμασίαν
2171 2854 2296 2938 τὴν

375 2957 584 3042 σάρκα
629 2963 751 3021 τοῦ
798 2956 1098 3039 σώματος
1143 2956 1662 3043 λυμαινομένου,
1708 2960 2069 3044 περιαλγὴς
2109 2963 2297 3044 γενό-

374 3088 574 3148 μενος
637 3062 673 3129 ὁ
730 3058 1060 3148 Ἡρακλῆς
1131 3065 1252 3129 τὸν
1326 3060 1447 3150 μὲν
1523 3065 2014 3149 διακονήσαντα
2076 3069 2296 3150 Λίχαν
2327 3088 2379 3129 25

376 3169 747 3254 ἀπέκτεινε,
791 3171 866 3235 τὸ
915 3166 989 3235 δὲ
1037 3171 1487 3256 στρατόπεδον
1532 3170 1872 3250 ἀπολύσας
1918 3171 2298 3256 ἐπανῆλθεν

304 3294 336 3341 3
375 3278 472 3351 εἰς
515 3277 639 3358 τὴν
693 3279 1001 3360 Τραχῖνα.
1095 3275 1198 3342 ἀεὶ
1244 3272 1318 3341 δὲ
1363 3281 1617 3360 μᾶλλον
1660 3285 1740 3362 τῇ
1785 3279 1967 3367 νόσω
2013 3273 2297 3363 βαρυνό-

375 3402 574 3461 μενος
612 3379 810 3456 αὐτὸς
849 3376 972 3464 μὲν
1009 3380 1391 3447 ἀπέστειλεν
1436 3384 1531 3459 εἰς
1566 3387 1886 3467 Δελφοὺς
1921 3385 2298 3468 Λικύμνιον

555 3538 585 3585 ’7
624 3529 779 3587 Κλύτ
747 3553 870 3588 τιον
907 3536 1211 3608 Burmann,
1253 3534 1391 3592 Τύτι
1394 3557 1461 3591 ον
1497 3538 1566 3606 ΙΙ,
1604 3538 1911 3608 Αἰγύπτιον
1947 3540 1996 3594 D
2143 3548 2176 3596 9
2213 3561 2298 3597 κι-

374 3603 539 3650 ναῐον
576 3601 626 3652 D
771 3608 841 3656 24
877 3605 1206 3676 λυμηναμέν
1173 3627 1276 3662 νου
1314 3608 1445 3662 Eue.
1485 3608 1519 3662 l.
1560 3624 1607 3663 ο.
1647 3616 1733 3664 33.
2539 3601 2540 3666 Ὶ
