2569 4061
1066 423 1185 478 12.
2074 426 2116 488 5

186 608 395 650 νατον
466 585 819 670 εὐφημίαν.
911 582 1243 671 Ἡρακλῆς
1310 582 1430 670 μὲν
1492 587 1618 671 γὰρ
1692 585 2121 671 ὁμολογεῖται

83 677 88 681 ’
187 693 403 757 πάντα
439 692 559 757 τὸν
595 695 964 777 γενόμενον
1001 692 1180 781 αὐτῷ
1228 686 1371 758 κατῗ
1419 690 1824 776 ἀνθρώπους
1868 693 2119 777 χρόνον

187 798 542 882 ὑπομεῖναι
597 798 926 882 μεγάλους
981 796 1094 863 καὶ
1150 807 1453 881 συνεχεῖς
1507 799 1756 874 πόνους
1813 796 1925 863 καὶ
1977 822 2116 864 κιν-

191 905 440 982 δύνους
485 901 823 987 ἑκουσίως,
880 904 993 968 ἵνα
1037 905 1112 969 τὸ
1160 901 1358 987 γένος
1403 912 1539 967 τῶν
1585 901 1967 986 ἀνθρώπων
2010 904 2119 970 εὐ-

136 1025 166 1064 5
191 1013 545 1097 εργετήσας
590 1010 755 1095 τύχῃ
792 1017 910 1094 τῆς
946 1009 1350 1086 ὠθανασίας·
1395 1018 1532 1075 τῶν
1579 1003 1655 1074 δὲ
1700 1009 1925 1074 ἄλλων
1961 1007 2120 1091 ἀγα-

189 1122 342 1182 θῶν
375 1116 645 1202 ἀνδρῶν
682 1117 755 1181 οἰ
794 1112 918 1201 μὲν
961 1114 1291 1200 ἡρωικῶν,
1340 1115 1413 1181 οἰ
1452 1111 1528 1180 δὲ
1575 1112 1876 1180 ἰσοθέων
1912 1123 2125 1198 τιμῶν

189 1225 447 1308 ἔτυχον,
483 1223 725 1298 πάντες
765 1218 839 1287 δὲ
876 1223 1182 1306 μεγάλων
1220 1222 1510 1288 ἐπαίνων
1547 1221 1959 1306 ἠξιώθησαν,
2005 1207 2123 1298 τάς

189 1330 423 1417 ἀρετὰς
490 1329 713 1395 αὐτῶν
774 1338 891 1412 τῆς
957 1329 1251 1414 ἱστορίας
1311 1328 1950 1413 ἀπαθανατιζούσης.
2039 1330 2121 1395 τὰ
2161 1333 2192 1381 5

190 1433 311 1521 μὲν
355 1437 486 1522 γὰρ
532 1437 701 1500 ἄλλα
738 1446 1025 1520 μνημεῖα
1063 1433 1363 1519 διαμένει
1399 1437 1645 1520 χρόνον
1685 1435 1940 1520 ὀλίγον,
1986 1434 2120 1500 ὑπὸ

111 1557 164 1598 10
188 1548 458 1609 πολλῶν
505 1542 959 1626 ἀναιρούμενα
1005 1542 1487 1627 περιστάσεων,
1544 1541 1586 1624 ἡ
1643 1538 1717 1608 δὲ
1772 1550 1891 1625 τῆς
1946 1541 2121 1608 ἱστο-

191 1651 339 1734 ρίας
387 1649 671 1732 δύναμις
717 1645 827 1712 ἐπὶ
879 1656 1100 1712 πᾶσαν
1152 1647 1277 1730 τὴν
1339 1646 1738 1731 οἰκουμένην
1794 1648 2125 1731 διήκουσα

191 1756 314 1819 τὸν
361 1753 577 1817 πάντα
613 1753 821 1816 τᾶλλα
858 1754 1356 1835 λυμαινόμενον
1398 1754 1649 1837 χρόνον
1685 1755 1819 1843 ἔχει
1855 1754 2122 1836 φύλακα

192 1866 313 1942 τῆς
358 1858 638 1923 αἰωνίου
680 1858 1113 1944 παραδόσεως
1168 1867 1309 1934 τοῖς
1364 1856 1868 1942 ἐπιγινομένοις.
1961 1873 2125 1943 συμ-

190 1964 505 2050 βάλλεται
569 1961 631 2029 δ’
703 1964 869 2050 αὕτη
943 1961 1053 2029 καὶ
1123 1966 1290 2052 πρὸς
1362 1966 1570 2049 λόγου
1644 1964 1965 2051 δύναμιν,
2041 1959 2125 2030 οὗ

113 2090 174 2130 15⁴
190 2074 468 2139 κάλλιον
522 2071 752 2157 ἕτερον
817 2071 940 2138 οὐκ
1003 2072 1087 2137 ἄν
1139 2095 1239 2149 τις
1300 2072 1553 2161 ῥᾳδίως
1608 2073 1837 2167 εὕροι.Δ
1905 2072 2123 2162 τούτῳ
2159 2078 2190 2125 6

192 2180 319 2265 γὰρ
368 2181 441 2246 οἰ
479 2176 601 2264 μὲν
639 2177 960 2264 ’Ἕλληνες
1003 2190 1139 2245 τῶν
1184 2181 1576 2266 βαρβάρων,
1641 2180 1711 2245 οἱ
1763 2176 1836 2245 δὲ
1890 2202 2123 2247 πεπαι-

196 2285 505 2371 δευμένοι
549 2297 685 2353 τῶν
732 2286 1152 2352 ἀπαιδεύτων
1198 2283 1592 2372 προέχουσι,
1638 2276 1804 2369 πρὸς
1851 2281 1925 2350 δὲ
1970 2287 2125 2349 τού-

195 2415 334 2469 τοις
371 2393 483 2458 διὰ
519 2394 733 2477 μόνου
776 2393 1025 2458 τούτου
1072 2392 1365 2456 δυνατόν
1402 2389 1584 2455 ἐστιν
1628 2388 1748 2454 ἕνα
1793 2400 1928 2454 τῶν
1964 2394 2127 2457 πολ-

196 2503 333 2564 λῶν
398 2496 896 2585 περιγενέσθαι·
966 2499 1273 2563 καθόλου
1338 2493 1413 2562 δὲ
1477 2498 1786 2580 φαίνεται
1848 2506 1983 2563 πᾶν
2045 2499 2123 2565 τὸ

117 2639 171 2679 20
190 2600 526 2688 ,προτεθὲν
576 2612 889 2671 τοιοῦτον
946 2602 1183 2670 ὁποῖον
1228 2601 1313 2669 ἂν
1372 2602 1417 2687 ἡ
1470 2610 1595 2668 τοῦ
1648 2601 1961 2686 λέγοντος
2007 2605 2125 2670 δύ-

196 2734 393 2795 ναμις
435 2714 847 2797 παραστήσῃ,
893 2707 1007 2776 καὶ
1050 2711 1208 2788 τοὺς
1254 2708 1556 2793 ἀγαθοὺς
1602 2710 1851 2796 ἄνδρας
1897 2709 2123 2791 ἀξίους

197 2820 405 2900 λόγου
485 2818 1105 2903 προσαγορεύομεν,
1188 2817 1278 2892 ὡς
1357 2825 1556 2882 τοῦτο
1638 2818 1713 2881 τὸ
1796 2829 2121 2902 πρωτεῖον

195 2933 311 3007 τῆς
374 2924 610 3010 ἀρετῆς
664 2920 1320 3009 περιπεποιημένους.
1413 2925 1508 2999 εἰς
1565 2925 1768 2989 πλείω
1825 2921 1900 2988 δὲ
1954 2921 2119 3008 μέρη
2162 2946 2190 2993 7

196 3030 440 3096 τούτου
496 3030 937 3116 διῃρημένου,
1001 3031 1353 3114 συμβαίνει
1411 3029 1535 3112 τὴν
1600 3025 1721 3114 μὲν
1774 3031 2123 3114 ποιητικὴν

117 3169 169 3211 25
196 3135 463 3223 τέρπειν
508 3141 762 3222 μᾶλλον
805 3137 971 3221 ἤπερ
1029 3136 1346 3220 ὠφελεῖν,
1402 3136 1525 3219 τὴν
1582 3132 1656 3201 δὲ
1709 3138 2122 3218 νομοθεσίαν

128 3262 161 3310 6
196 3244 523 3326 κολάζειν,
570 3243 653 3309 οὐ
700 3244 1064 3326 διδάσκειν,
1123 3243 1596 3326 παραπλησίως
1643 3237 1716 3306 δὲ
1762 3239 1873 3305 καὶ
1917 3241 2122 3304 τᾶλλα

200 3347 363 3436 μέρη
427 3351 509 3415 τὰ
572 3345 694 3434 μὲν
752 3346 964 3434 μηδὲν
1019 3349 1522 3433 συμβάλλεσθαι
1586 3349 1752 3433 πρὸς
1815 3346 2123 3423 εὐδαιμο-

344 3548 412 3597 18
452 3540 582 3613 ἕνα]
634 3539 732 3597 τὸν
782 3540 886 3596 ἕνα
924 3540 1010 3596 CF
1192 3546 1262 3594 20
1299 3536 1620 3606 προστεθὲν
1661 3532 1840 3596 CDF2,
1887 3546 2123 3612 προστα-

198 3610 345 3682 χθὲν
394 3613 571 3679 F1G²‚
634 3611 900 3683 πραχθὲν
950 3610 1052 3678 G²3
1118 3627 1255 3666 corr.
1314 3606 1633 3671 Wesseling
1826 3607 1894 3652 22
1932 3595 2146 3663 τουτο]

198 3681 434 3747 τούτους
468 3682 564 3736 DF
706 3683 770 3739 τὸ
809 3683 845 3737 f.
886 3681 1206 3737 delendum.
