2569 4061
430 327 565 394 524
1100 324 1410 381 DIODORI
1448 321 1678 380 SICULI

431 490 804 575 ὁρμώμενοι
871 486 933 553 δ’
979 487 1046 568 ἐξ
1111 488 1358 572 ὀχυρᾶς
1418 488 1672 561 πόλεως
1732 483 1845 549 καὶ
1908 489 2424 570 καταπολεμή-

432 593 665 672 σαντές
727 616 916 672 τινας
966 605 1103 660 τῶν
1165 595 1544 679 περιοίκων*
1583 592 1820 675 ἱκανὴν
1873 593 2420 676 κατεκτήσαντο

361 719 392 769 7
430 701 674 786 χώραν.
768 699 870 767 ἀεὶ
927 698 1001 766 δὲ
1055 704 1310 785 μᾶλλον
1368 699 1754 783 αὐξόμενοι,
1801 696 1912 762 καὶ
1955 701 2419 764 κατασκευά-

431 824 669 885 σαντες
724 808 907 894 ίερὸν
959 819 1095 874 τῶν
1140 805 1508 892 Μητέρων,
1570 807 1911 891 διαφόρως
1955 803 2212 888 ἐτίμων
2268 808 2416 884 τὰς

431 914 619 999 θεάς,
647 914 1036 999 ἀναθήμασι
1065 917 1340 990 πολλοῖς
1365 921 1772 996 κοσμοῦντες
1795 913 1872 1002 το
1904 910 2086 997 ἱερὸν
2115 911 2406 979 αὐτῶν.
2437 932 2463 973 5

433 1023 677 1098 ταύτας
731 1017 794 1085 δ’
839 1020 1312 1106 ἀφιδρυθῆναί
1361 1034 1571 1103 φασιν
1626 1018 1699 1083 ἐκ
1750 1025 1868 1101 τῆς
1921 1019 2192 1103 Κρήτης
2269 1020 2408 1084 διὰ

434 1130 510 1194 τὸ
556 1127 667 1194 καὶ
712 1128 892 1213 παρὰ
936 1137 1077 1203 τοῖς
1112 1124 1334 1211 Κρησὶ
1378 1131 1701 1209 τιμᾶσθαι
1744 1125 1861 1200 τὰς
1905 1124 2070 1200 θεὰς
2115 1125 2404 1204 ταύτας

330 1229 418 1295 80
438 1236 906 1320 διαφερόντως.
999 1236 1463 1316 μυθολογοῦσι
1537 1225 1599 1295 δ’
1651 1230 1855 1307 αὐτὰς
1924 1231 2001 1294 τὸ
2074 1234 2404 1297 παλαιὸν

434 1339 686 1425 θρέψαι
740 1339 859 1403 τὸν
904 1340 1040 1402 Δία
1088 1338 1314 1425 λάθρα
1368 1346 1489 1402 τοῦ
1544 1338 1791 1423 πατρὸς
1836 1339 2142 1423 Κρόνου,
2198 1337 2384 1403 ἄνθ’

435 1440 532 1509 ών
570 1444 773 1521 αὐτὰς
818 1446 914 1522 εἰς
948 1445 1068 1510 τὸν
1106 1444 1403 1529 οὐρανὸν
1440 1443 1978 1527 ἀναβιβασθῆναι
2018 1441 2131 1508 καὶ
2168 1467 2391 1510 κατα-
2419 1467 2469 1505 10

364 1568 396 1615 2
435 1554 898 1637 στερισθείσας
971 1552 1252 1638 ἄρκτους
1316 1556 1974 1637 προσαγορευθῆναι·
2046 1549 2201 1637 περὶ
2275 1547 2386 1618 ὧν

435 1655 546 1722 καὶ
599 1660 718 1724 τὸν
755 1656 1045 1742 ’Ἄρατον
1106 1665 1606 1742 συμφωνοῦντα
1662 1657 1927 1733 τούτοις
1988 1656 2385 1723 τεθεικέναι

437 1765 603 1829 κατὰ
647 1764 770 1847 τὴν
815 1773 952 1828 τῶν
998 1764 1262 1848 ἄστρων
1308 1764 1611 1847 ποίησιν,

617 1889 898 1971 ἔμπαλιν
946 1888 1039 1963 εἰς
1083 1887 1307 1971 ὤμους
1351 1885 1816 1971 τετραμμέναι·
1864 1889 1926 1951 εἰ
1968 1886 2147 1952 ἐτεόν
2190 1910 2273 1968 γε

616 1996 976 2079 Κρήτηθεν
1022 1995 1242 2059 κεῖναί
1279 2016 1356 2076 γε
1403 1994 1572 2070 Διὸς
1616 1994 1911 2078 μεγάλου
1959 1995 2160 2077 ἰότητι
2402 2018 2452 2058 15

619 2101 912 2187 οὐρανὸν
949 2099 1409 2184 εἰσανέβησαν,
1448 2098 1485 2164 ὅ
1533 2125 1650 2185 μιν
1685 2103 1832 2165 τότε
1878 2103 2273 2187 κουρίζοντα

620 2213 816 2298 Δίκτῳ
864 2210 928 2273 ἐν
976 2210 1188 2272 εὐώδει
1235 2208 1403 2291 ὄρεος
1450 2210 1658 2291 σχεδὸν
1697 2206 1934 2272 Ἰδαίοιο

619 2313 813 2403 ἄντρῳ
860 2315 1239 2399 ἐγκατέθεντο
1287 2315 1388 2377 καὶ
1433 2315 1681 2399 ἔτρεφον
1727 2317 1809 2391 εἰς
1857 2316 2158 2395 ἐνιαυτόν,

618 2423 929 2485 Δικταῖοι
975 2419 1316 2505 Κούρητες
1363 2418 1469 2485 ὅτε
1515 2422 1789 2504 Κρόνον
1835 2418 2219 2498 ἐψεύσαντο.

371 2552 404 2601 3
444 2543 567 2608 οὐκ
605 2543 794 2621 ἄξιον
840 2540 914 2609 δὲ
950 2549 1350 2629 παραλιπεῖν
1385 2545 1510 2627 τὴν
1545 2542 1699 2627 περὶ
1733 2547 1845 2620 τὰς
1879 2545 2046 2621 θεὰς
2088 2543 2356 2629 ἁγνείαν
2382 2566 2434 2606 20
2509 2634 2510 2637 Ἴ

442 2671 513 2713 τε
558 2647 669 2714 καὶ
714 2651 838 2733 τὴν
884 2648 1025 2714 κατ’
1063 2649 1469 2735 ἀνθρώπους
1516 2650 1928 2735 ἐπιφάνειαν.
2020 2661 2253 2735 τιμῶσι
2291 2648 2351 2718 δ’

441 2754 644 2831 αὐτὰς
707 2755 790 2819 οὐ
853 2757 1064 2839 μόνον
1129 2756 1201 2819 οἰ
1248 2757 1501 2838 ταύτην
1563 2757 1688 2839 τὴν
1741 2759 1938 2821 πόλιν
2002 2760 2351 2843 οἰκοῦντες,

442 2859 608 2926 ἀλλὰ
661 2863 780 2926 καί
837 2883 1012 2937 τινες
1067 2870 1201 2925 τῶν
1266 2861 1489 2927 ἄλλων
1547 2866 1903 2949 περιοίκων
1966 2868 2236 2943 θυσίαις
2286 2890 2350 2931 τε

442 2965 966 3055 μεγαλοπρεπέσι
993 2964 1104 3033 καὶ
1139 2979 1282 3044 ταῖς
1312 2970 1541 3047 ἄλλαις
1568 2980 1785 3054 τιμαῖς
1824 2968 2350 3054 ἀποσεμνύνουσι

369 3091 406 3140 4
440 3077 557 3152 τὰς
601 3076 783 3153 θεάς.
874 3073 1082 3153 ἐνίαις
1129 3071 1202 3140 δὲ
1257 3079 1492 3141 πόλεσι
1536 3074 1647 3141 καὶ
1702 3078 2162 3162 πυθόχρηστοι
2204 3103 2346 3164 χρη-
2369 3112 2417 3154 25

444 3179 600 3266 σμοὶ
645 3179 1056 3267 προσέταξαν
1100 3191 1300 3266 τιμᾶν
1345 3183 1461 3259 τὰς
1504 3183 1692 3258 θεᾶς·
1740 3184 2016 3247 ἔσεσθαι
2053 3184 2176 3269 γὰρ
2220 3194 2347 3262 τοῖς

440 3289 770 3364 τοιούτοις
823 3289 980 3365 τούς
1033 3311 1102 3353 τε
1167 3299 1302 3354 τῶν
1358 3290 1642 3354 ἰδιωτῶν
1706 3288 1898 3372 βίους
1961 3288 2346 3374 εὐδαίμονας

440 3389 552 3456 καὶ
596 3395 712 3468 τὰς
755 3396 981 3469 πόλεις
1027 3394 1440 3478 εὐθενήσειν.
1515 3392 1703 3471 τέλος
1749 3390 1825 3459 δὲ
1868 3396 2344 3481 προβαινούσης

585 3584 650 3631 13
694 3575 944 3649 ἀστέρων
983 3583 1029 3634 D
1144 3589 1207 3637 17
1249 3584 1309 3636 et
1349 3589 1414 3637 18
1452 3599 1561 3639 om.
1601 3584 1838 3655 codices,
1877 3584 2005 3642 add.
2039 3584 2211 3642 Wess.
