2569 4061
1055 277 1137 332 111
1170 283 1258 332 41.
1299 282 1385 334 42.
2065 280 2194 379 329

271 448 391 524 κῆς
436 442 674 529 ἔσχατα
718 444 1137 527 γνωρίζεται,
1188 443 1733 527 περιγραφόμενα
1776 452 1921 519 ταῖς
1965 443 2196 528 ἄκραις

273 546 352 623 ἃς
397 546 797 631 ὀνομάζουσι
853 549 1162 630 Ψεβαίας.

461 654 548 719 Τὸ
605 651 666 719 δ’
721 655 881 719 ἄλλο
937 652 1136 740 μέρος
1187 662 1306 737 τῆς
1351 650 1703 737 ἀντιπέρας
1747 657 2074 740 παραλίου
2118 656 2194 720 τὸ
2213 656 2302 722 42

272 757 834 844 προσκεκλιμένον
872 754 1142 846 Ἀραβίᾳ
1186 760 1390 824 πάλιν
1427 757 1873 841 ἀναλαβόντες
1910 759 2036 825 ἀπὸ
2073 770 2196 826 τοῦ

218 882 246 923 5
272 875 487 950 μυχοῦ
535 864 842 950 διέξιμεν.
917 860 1114 942 οὗτος
1158 866 1287 950 γὰρ
1334 864 1721 948 ὀνομάζεται
1767 867 2195 949 Ποσείδειον,

274 970 726 1059 ἱδρυσαμένου
772 973 1154 1038 Ποσειδῶνι
1197 973 1488 1060 πελαγίῳ
1534 972 1763 1055 βωμὸν
1801 965 2197 1057 Ἀρίστωνος

270 1089 391 1146 τοῦ
437 1077 863 1164 πεμφθέντος
916 1079 1046 1144 ὑπὸ
1094 1080 1519 1160 Πτολεμαίου
1562 1079 1729 1163 πρὸς
1772 1079 2197 1161 κατασκοπὴν

269 1195 387 1269 τῆς
450 1185 573 1263 ἕως
638 1185 940 1251 ὠκεανοῦ
1002 1185 1430 1270 παρηκούσης
1486 1181 1809 1271 Ἀραβίας.
1912 1182 2058 1268 ἑξῆς
2122 1181 2197 1250 δὲ
2234 1207 2266 1255 2

269 1302 393 1361 τοῦ
448 1301 665 1378 μυχοῦ
717 1294 921 1369 τόπος
973 1288 1113 1356 ἐστὶ
1164 1291 1703 1377 παραθαλάττιος
1748 1290 1784 1358 ὁ
1828 1292 2197 1376 τιμώμενος

190 1415 244 1455 10
268 1400 400 1466 ὑπὸ
445 1411 581 1464 τῶν
627 1398 965 1485 ἐγχωρίων
1003 1399 1458 1484 διαφερόντως
1494 1400 1607 1463 διὰ
1640 1400 1765 1483 τὴν
1799 1399 2198 1486 εὐχρηστίαν

270 1508 395 1588 τὴν
442 1506 508 1585 ἐξ
554 1504 781 1570 αὐτοῦ.
874 1499 1073 1582 οὗτος
1117 1502 1178 1568 δ’
1231 1503 1616 1587 ὀνομάζεται
1662 1502 1785 1588 μὲν
1835 1506 2194 1588 Φοινικών,

273 1613 405 1695 ἔχει
453 1607 527 1676 δὲ
570 1615 833 1693 πλῆθος
866 1609 1112 1675 τούτου
1144 1619 1267 1675 τοῦ
1306 1619 1526 1694 φυτοῦ
1561 1611 1993 1696 πολύκαρπον
2030 1608 2188 1676 καθ’

271 1717 644 1803 ὑπερβολὴν
696 1714 809 1782 καὶ
861 1716 1026 1803 πρὸς
1071 1716 1446 1782 ἀπόλαυσιν
1491 1714 1605 1781 καὶ
1647 1716 1914 1803 τρυφὴν
1962 1715 2195 1800 διαφέ-

273 1847 413 1910 ρον.
477 1832 655 1888 πᾶσα
692 1820 755 1887 δ’
789 1822 832 1905 ἡ
869 1823 1198 1909 σύνεγγυς
1232 1824 1416 1909 χώρα
1454 1825 1748 1902 σπανίζει
1786 1826 2197 1907 ναματιαίων
2233 1845 2268 1894 3

190 1946 243 1987 15
270 1929 537 1995 ὑδάτων
588 1927 701 1995 καὶ
747 1931 859 1994 διὰ
903 1931 1025 2013 τὴν
1069 1930 1237 2016 πρὸς
1281 1933 1698 2018 μεσημβρίαν
1745 1932 2039 2013 ἔγκλισιν
2086 1931 2195 2015 ἔμ-

271 2058 481 2124 πυρος
533 2036 841 2122 ὑπάρχει·
899 2038 1005 2101 διὸ
1059 2035 1172 2103 καὶ
1225 2038 1346 2102 τὸν
1399 2038 1784 2122 κατάφυτον
1837 2039 2067 2119 τόπον,
2124 2035 2197 2102 ἐν

274 2142 910 2231 ἀπανθρωποτάτοις
936 2150 940 2154 ’
965 2145 1127 2209 ὄντα
1180 2142 1408 2230 μέρεσι
1460 2143 1571 2209 καὶ
1615 2151 2036 2230 χορηγοῦντα
2080 2144 2196 2220 τὰς

271 2251 547 2336 τροφάς,
593 2252 863 2327 εἰκότως
899 2251 970 2316 oc
1010 2251 1340 2336 βάρβαροι
1374 2250 1844 2336 καθιερώκασι.
1918 2246 2029 2315 καὶ
2065 2250 2192 2335 γὰρ

272 2355 517 2433 ὕδατος
572 2355 696 2421 οὐκ
750 2356 971 2438 ὀλίγαι
1022 2352 1228 2439 πηγαὶ
1280 2354 1394 2421 καὶ
1448 2356 1716 2439 λιβάδες
1769 2354 2199 2420 ἐκπίπτουσιν

195 2480 248 2523 20
274 2460 349 2528 ἐν
395 2462 596 2550 αὐτῷ,
640 2467 1005 2549 ψυχρότητι
1040 2465 1264 2547 χιόνος
1303 2459 1507 2528 οὐδὲν
1542 2463 1950 2546 λειπόμεναι·
1999 2455 2195 2526 αὗται

277 2560 339 2631 δ’
391 2565 495 2651 ἐφ’
550 2566 822 2655 ἑκάτερα
876 2570 958 2633 τὰ
1010 2567 1174 2654 μέρη
1222 2569 1305 2632 τὰ
1347 2570 1512 2634 κατὰ
1561 2568 1736 2651 [τὴν]
1783 2575 1911 2651 γῆν
1955 2569 2197 2654 χλοερὰ

271 2681 542 2739 ποιοῦσι
596 2673 709 2739 καὶ
761 2680 1097 2752 παντελῶς
1151 2673 1461 2760 ἐπιτερπῆ
1520 2675 1664 2756 [τὸν
1714 2676 1968 2756 τόπον].
2062 2677 2201 2740 ἔστι
2236 2699 2272 2746 4

274 2776 349 2845 δὲ
391 2778 504 2846 καὶ
557 2781 779 2865 βωμὸς
824 2780 897 2846 ἐκ
942 2789 1215 2867 στερεοῦ
1260 2784 1467 2847 λίθου
1518 2782 1798 2858 παλαιὸς
1849 2792 1991 2858 τοῖς
2045 2784 2197 2868 χρό-

270 2909 438 2970 νοις,
476 2885 855 2973 έπιγραφὴν
884 2890 1054 2972 ἔχων
1082 2887 1382 2974 ἀρχαίοις
1408 2888 1788 2975 γράμμασιν
1816 2888 2198 2972 ἀγνώστοις.

193 3011 244 3055 25
272 2991 695 3077 ἐπιμέλονται
749 2991 823 3059 δὲ
877 3004 999 3060 τοῦ
1053 2992 1369 3079 τεμένους
1423 2995 1592 3081 ἀνὴρ
1647 2994 1758 3060 καὶ
1815 2996 2021 3077 γυνή,
2087 2995 2200 3057 διὰ

272 3101 428 3181 βίου
472 3100 595 3182 τὴν
643 3100 1015 3186 ἱερωσύνην
1060 3102 1338 3184 ἔχοντες.
1412 3101 1765 3186 μακρόβιοι
1812 3096 1873 3163 δ’
1916 3094 2088 3161 εἰσὶν
2135 3097 2206 3161 οἰ

270 3324 366 3380 DF
453 3253 1021 3416 ἰἵξιξῗῇραῖξμιῗξξ
1057 3255 1157 3381 ξξξῖ
1262 3262 1295 3310 ²
1334 3251 1597 3392 ’ἕῗέξὲἓῗ
1631 3253 1728 3378 ξιξι
1765 3252 2131 3408 ε’]ιΠξῖξξιῖ
2133 3271 2199 3375 ’ἰῖ

275 3403 341 3451 13
379 3396 631 3470 τρυφὴν]
671 3401 728 3452 δι
731 3347 990 3485 αμροφὴν
1028 3396 1084 3450 II
1160 3344 1213 3396 g
1228 3392 1520 3480 διάφορον
1537 3394 1692 3463 vulg.
1838 3400 1905 3447 21
1918 3365 2036 3480 ζ’ἐφ
2071 3388 2199 3445 ἐκά-

271 3486 435 3538 τερον
516 3466 643 3539 έρος
681 3469 788 3525 OF
909 3464 1015 3538 τὴν
1053 3485 1160 3524 om.
1198 3466 1275 3533 Ι);
1313 3469 1413 3537 τῆς
1487 3466 1553 3535 ῆς
1587 3464 1641 3518 II
1776 3469 1913 3517 22oe
1882 3461 1982 3517 τὸν
2021 3456 2200 3516 τόπον

368 3489 532 3595 .οΞ’
670 3545 740 3596 26
778 3539 1106 3612 μακρόβιοι]
1144 3538 1349 3608 μακροὶ
1387 3486 1520 3592 ΟΒΖΤ]
