2569 4061
417 229 544 285 LIV
1159 223 1587 281 PRAEFATIO.

410 393 610 476 Ἰχθῦς
646 415 837 457 accus.
877 413 1080 456 omnes
1121 396 1179 473 2,
1206 396 1268 472 4,
1301 397 1367 473 33
1408 397 1466 468 3,
1498 396 1600 469 22,
1631 395 1699 467 33
1741 394 1842 466 11,
1873 393 1976 468 25,
2005 395 2075 469 43
2116 394 2218 469 17,
2240 394 2344 469 75,

420 497 488 566 3,
541 513 652 571 pro
709 513 826 571 quo
882 495 1039 554 male
1096 490 1316 572 ἰχθύας
1360 491 1415 549 D
1464 492 1520 564 5,
1554 492 1612 565 3,
1642 492 1700 564 5,
1748 494 1819 549 ut
1862 490 2140 551 meliores
2188 488 2348 566 apud

417 591 930 669 Agatharchidem
974 611 1031 668 p.
1062 592 1211 668 449,
1244 592 1344 650 17.
1408 588 1509 648 Ita
1550 584 1807 666 βότρυας
1854 588 1912 666 3,
1945 589 2047 664 63,
2079 589 2138 665 3,
2185 586 2347 646 haud

419 685 599 748 dubie
647 688 1029 750 scribendum
1073 685 1310 767 βότρυς,
1355 688 1427 746 ut
1472 688 1566 745 est
1610 688 1670 762 4,
1701 687 1803 759 35,
1834 688 1901 763 43
1954 688 2010 760 3,
2045 686 2146 763 70,
2175 686 2213 744 8
2257 677 2345 765 (3,

422 787 527 860 62,
557 787 594 846 5
635 778 737 868 D).
830 785 928 846 Sic
971 782 1112 856 τοὺς
1156 782 1370 862 στάχυς
1420 785 1477 857 1,
1510 784 1610 858 14,
1642 785 1708 859 2,
1757 784 1814 857 5,
1849 786 1951 858 21,
1982 784 2039 843 5.

595 882 891 963 Καθαίρω
949 883 1108 960 quod
1166 882 1351 942 semel
1395 881 1459 940 in
1514 880 1788 941 omnibus
1842 884 1943 958 12,
1973 881 2076 957 58,
2109 883 2145 940 6
2197 880 2348 940 aori-

423 983 586 1039 stum
626 981 813 1041 habet
849 981 1142 1056 scriptum
1175 997 1287 1055 per
1322 1000 1361 1056 η
1400 974 1730 1058 ἐκάθηραν,
1777 982 1838 1038 et
1873 979 1935 1037 in
1974 977 2206 1039 duobus
2246 980 2351 1051 20,

424 1080 525 1151 91,
557 1079 594 1137 8
645 1074 1011 1156 ἀνεκάθηρε,
1055 1074 1373 1153 redarguit
1421 1094 1577 1152 quae
1623 1079 1767 1137 sunt
1813 1078 1872 1153 4,
1906 1079 2008 1154 13,
2039 1079 2106 1154 3,
2154 1078 2215 1156 4,
2245 1079 2346 1153 31,

418 1177 488 1251 4,
537 1176 597 1250 4,
629 1177 730 1250 69,
760 1176 800 1233 4
855 1177 1152 1253 καθᾶραι,
1219 1173 1277 1249 4,
1323 1175 1423 1247 13,
1463 1175 1501 1233 3
1568 1170 1938 1254 ἐκκαθάρας,
1999 1176 2098 1249 13,
2138 1176 2242 1250 56,
2279 1177 2346 1250 4,

423 1272 523 1347 18,
556 1274 657 1347 71,
689 1273 727 1329 2
767 1274 831 1331 et
865 1274 905 1331 4
961 1268 1374 1350 ἀνακαθάρας.
1448 1271 1606 1331 Nam
1663 1274 1829 1332 recta
1872 1272 1971 1332 vel
2015 1271 2210 1330 multo
2256 1289 2347 1330 re-

419 1367 715 1428 centiores
763 1387 903 1430 usos
950 1387 1080 1429 esse
1126 1368 1323 1429 forma
1371 1371 1696 1429 ostendunt
1739 1369 1882 1428 libri
1918 1367 2345 1444 Athenagorae

415 1484 474 1540 p.
505 1466 632 1524 315
665 1464 746 1544 E,
799 1463 1192 1545 προκαθήρας
1258 1464 1619 1541 praebentes
1672 1466 1780 1525 ubi
1826 1465 1973 1525 editi
2024 1495 2100 1507 -
2153 1487 2207 1524 α.
2256 1463 2345 1524 Cf.

418 1561 670 1623 dicenda
713 1563 779 1622 in
822 1562 1132 1643 Σημαίνω.

595 1661 655 1719 Κ
656 1659 933 1741 αθάρειοι
971 1664 1030 1741 5,
1062 1664 1164 1736 33,
1195 1663 1231 1721 5
1275 1652 1570 1740 (καθαροί
1600 1656 1701 1739 D),
1747 1664 1810 1721 et
1853 1659 2246 1740 καθαρειότης
2285 1662 2342 1737 5,

417 1759 572 1835 46,2
604 1760 846 1818 restitui
862 1777 973 1834 pro
992 1756 1278 1836 καθάριοι
1312 1760 1374 1815 et
1400 1755 1785 1836 καθαριότης,
1813 1776 1967 1833 quae
1993 1758 2169 1816 nihili
2188 1761 2343 1816 sunt.

593 1853 786 1931 Καίω,
833 1855 1151 1929 aliquoties
1199 1853 1264 1912 in
1311 1853 1482 1913 libris
1519 1856 1681 1914 recte
1720 1853 2008 1930 scriptum
2045 1853 2171 1914 κάω
2210 1851 2346 1929 [κα-

417 1949 745 2010 τακάεσθαι
788 1952 843 2009 D
886 1954 943 2029 1,
974 1954 1074 2028 77,
1107 1951 1174 2027 8,
1229 1946 1584 2011 ἐπικάεσθαι
1618 1950 1673 2009 D
1715 1953 1781 2027 3,
1813 1952 1925 2030 53,
1958 1953 2026 2028 3,
2082 1948 2343 2024 ἕξεκάετο

420 2051 522 2130 13,
556 2051 699 2126 112,
734 2047 821 2129 1],
866 2050 1092 2127 ubique
1130 2051 1369 2127 sustuli,
1404 2054 1476 2111 ut
1510 2049 1692 2112 κλαίω
1734 2054 1835 2128 17,
1867 2053 1969 2129 66,
2000 2051 2065 2129 5,
2108 2053 2209 2131 20,
2243 2055 2340 2127 15,

418 2151 486 2227 5,
525 2151 629 2228 33,
662 2152 764 2223 14,
793 2151 859 2224 5,
900 2151 1005 2226 37,
1037 2151 1138 2227 12,
1170 2152 1228 2228 3,
1266 2148 1768 2226 quemadmodum
1797 2146 1986 2221 αἰετὸς
2015 2150 2345 2210 deteriores

417 2239 614 2326 (om)
651 2249 711 2323 4,
745 2248 846 2322 15,
877 2249 935 2322 2,
975 2249 1038 2307 et
1073 2243 1189 2307 odel
1227 2247 1432 2308 tricies
1471 2248 1596 2307 fere
1633 2247 1697 2306 in
1723 2248 1779 2306 D
1820 2247 2061 2308 illatum
2087 2267 2197 2324 pro
2235 2244 2343 2308 ἀεί.

376 2345 389 2412 ,3
417 2340 647 2411 Quibus
684 2342 872 2402 nihilo
909 2342 1111 2403 verius
1147 2342 1392 2404 videtur
1428 2340 1614 2421 ἐλαία,
1651 2347 1996 2404 constanter
2033 2344 2119 2404 sic
2156 2346 2344 2422 scrip-

412 2440 545 2496 tum
588 2439 652 2498 in
698 2438 888 2498 libris.

596 2533 933 2614 Καλχηδὼν
969 2536 1086 2596 etsi
1124 2538 1403 2598 omnibus
1450 2538 1515 2598 in
1557 2537 1733 2598 libris
1771 2539 1866 2597 est
1901 2536 1966 2596 in
2005 2535 2344 2615 Χαλκηδών

413 2635 716 2693 mutatum
772 2637 876 2712 12,
915 2636 1018 2712 82,
1060 2637 1126 2711 2,
1186 2638 1292 2713 13,
1334 2637 1437 2711 64,
1477 2637 1544 2713 3,
1596 2637 1697 2710 13,
1738 2637 1840 2712 66,
1882 2637 1948 2714 3,
2003 2639 2102 2710 19,
2143 2639 2243 2712 60,
2284 2640 2343 2713 3,

411 2731 745 2792 Diodorum
771 2737 991 2808 tamen,
1030 2737 1101 2793 ut
1127 2734 1467 2811 Polybium,
1511 2732 1821 2810 scripsisse
1849 2730 2184 2813 Καλχηδὼν
2210 2755 2343 2811 pro-

415 2827 506 2888 dit
551 2831 898 2909 argumenti
944 2832 1201 2908 scriptor
1234 2834 1277 2894 1.
1321 2835 1423 2910 12,
1468 2832 1577 2891 ubi
1620 2831 1761 2891 libri
1798 2830 2199 2910 Καλχηδόνιοι
2242 2833 2341 2893 vel

415 2927 836 3007 Καρχηδόνιοι.
926 2929 1063 2989 Non
1116 2929 1394 2990 dubitavi
1448 2929 1640 3008 igitur
1693 2930 2017 2991 restituere
2073 2930 2131 2989 ei
2183 2930 2343 3006 quod

413 3043 595 3102 aegre
642 3030 947 3087 servatum
995 3027 1156 3104 apud
1188 3027 1645 3104 Xenophontem
1692 3027 1928 3088 librarii
1969 3028 2069 3087 vel
2106 3027 2342 3103 Thucy-

413 3124 540 3182 didi
594 3128 657 3185 et
701 3125 1095 3186 Demostheni
1150 3126 1526 3202 eripuerunt,
1580 3125 1699 3185 nisi
1752 3124 1913 3202 quod
1966 3125 2125 3200 apud
2181 3125 2342 3184 hunc

414 3223 600 3282 semel
645 3224 966 3285 servarunt
1007 3224 1280 3284 nonnulli
1328 3227 1390 3284 et
1434 3224 1536 3283 vix
1579 3222 1707 3298 ipse
1754 3222 2018 3299 optimus
2066 3221 2124 3281 S.

593 3318 1016 3398 Καταρράκτης
1050 3320 1154 3397 qui
1190 3320 1433 3396 scripsit
1473 3324 1573 3396 17,
1606 3322 1707 3395 97,
1739 3322 1804 3379 2:
1858 3322 1977 3397 Τῆς
2015 3315 2079 3380 δὲ
2115 3341 2339 3399 ναυαρ-

414 3408 578 3486 χίδος
612 3415 979 3500 καταρράκτῃ
1016 3415 1246 3500 μεγάλῳ
1292 3415 1746 3496 περιπεσούσης,
1793 3417 1978 3477 etiam
2014 3417 2145 3478 Nili
2181 3422 2340 3479 cata-

414 3508 611 3564 ractas
655 3513 710 3584 1,
742 3514 843 3589 32,
879 3516 987 3590 10,
1041 3532 1162 3574 non
1207 3518 1278 3575 ut
1322 3514 1527 3576 Latini
1581 3516 1643 3574 et
1697 3513 2057 3576 recentiores
2105 3514 2338 3593 Graeci,
