2569 4061
983 301 1061 356 Ν
1102 307 1187 359 51.
1228 309 1314 361 52.
1992 306 2122 372 477

4 514 28 572 3¹-
201 493 348 551 τας,
396 466 507 533 καὶ
553 465 742 545 δόξαι
786 464 919 531 τινὶ
965 471 1149 531 θεῶν
1195 468 1482 552 προνοίᾳ
1528 466 2003 553 μετηλλαχέναι
2048 470 2123 532 τὸ

201 585 412 661 γῆρας
438 576 533 652 εἰς
569 572 918 660 παρθένου
944 575 1223 655 νεότητα
1259 570 1371 638 καὶ
1398 574 1639 650 κάλλος
1671 577 2125 660 περίβλεπτον.

203 691 475 766 ποιῆσαι
522 678 582 745 δ’
638 680 850 763 αὐτὴν
893 677 1003 745 καὶ
1052 680 1164 764 διά
1207 701 1413 744 τινων
1468 680 1836 764 φαρμάκων
1881 682 2127 747 εἴδωλα
2165 702 2197 753 6

205 793 678 872 φαντασθῆναι
717 797 853 852 τῶν
890 787 1302 870 δρακόντων,
1350 781 1457 869 ἐφ’
1495 779 1591 849 ὧν
1628 784 2126 870 ἀποφαίνεσθαι

147 916 177 959 5
203 896 327 979 τὴν
362 896 531 960 θεὸν
564 899 1005 979 κομισθεῖσαν
1043 891 1131 986 δι’
1168 890 1363 978 ἀέρος
1400 891 1466 972 ἐξ
1495 889 1945 978 Ὑπερβορέων
1991 891 2128 957 ἐπι-

6 985 9 998 ’
89 1026 202 1077 295
225 1001 600 1084 ξενωθῆναι
653 1009 746 1088 τῷ
794 1001 1026 1086 Πελίᾳ.
1124 1009 1260 1064 τῶν
1322 992 1383 1063 δ’
1435 997 1901 1084 ἐνεργημάτων
1958 994 2127 1084 ὑπὲρ

204 1109 328 1193 τὴν
365 1108 808 1193 ἀνθρωπίνην
844 1106 1054 1190 φύσιν
1087 1103 1459 1190 φανέντων,
1496 1105 1609 1171 καὶ
1644 1114 1767 1171 τοῦ
1802 1103 2130 1189 βασιλέως

205 1214 496 1299 μεγάλης
551 1212 886 1295 ἀποδοχῆς
940 1209 1287 1289 ἀξιοῦντος
1344 1212 1468 1295 τὴν
1521 1213 1836 1297 Μήδειαν
1888 1209 1998 1277 καὶ
2052 1212 2128 1276 τὸ

207 1322 499 1387 σύνολον
553 1319 1031 1394 πιστεύσαντος
1086 1317 1305 1401 ἀληθῆ
1363 1317 1611 1402 λέγειν,
1659 1317 1869 1403 φασὶν
1919 1318 2129 1403 αὐτὴν

121 1451 179 1491 10
206 1428 372 1493 κατὰ
415 1427 625 1509 μόνας
663 1422 1072 1508 ἐντυχοῦσαν
1109 1431 1199 1510 τῷ
1241 1426 1456 1510 Πελία
1490 1423 1944 1509 παρακαλέσαι
1986 1434 2131 1501 ταῖς

204 1531 586 1616 θυγατράσι
642 1531 1202 1596 διακελεύσασθαι
1259 1540 1610 1615 συνεργεῖν
1654 1528 1764 1595 καὶ
1817 1532 2131 1616 πράττειν

207 1640 373 1723 ἅπερ
422 1635 507 1702 ἂν
551 1636 781 1713 αὐταῖς
825 1636 1198 1723 προστάττῃ
1212 1656 1228 1673 ·
1281 1637 1644 1721 προσήκειν
1689 1637 1815 1721 γὰρ
1870 1643 1961 1723 τῷ
2007 1645 2130 1700 τοῦ

207 1743 531 1828 βασιλέως
585 1744 839 1827 σώματι
894 1743 981 1828 μὴ
1048 1744 1391 1820 δουλικαῖς
1442 1744 1703 1828 χερσίν,
1760 1741 1928 1807 ἀλλὰ
1989 1752 2133 1819 ταῖς

204 1863 340 1917 τῶν
394 1848 646 1916 τέκνων
698 1846 1207 1935 θεραπευθέντα
1260 1859 1487 1933 τυχεῖν
1539 1857 1655 1933 τῆς
1707 1849 1886 1934 παρὰ
1946 1853 2132 1913 θεῶν

123 1978 181 2020 15
209 1958 606 2045 εὐεργεσίας.
714 1957 945 2042 διόπερ
1018 1964 1141 2022 τοῦ
1214 1958 1469 2021 Πελίου
1542 1965 1685 2033 ταῖς
1754 1954 2132 2041 θυγατράσι
2171 1975 2202 2027 7

213 2065 582 2150 διαρρήδην
628 2067 931 2141 εἰπόντος
975 2065 1190 2130 πάντα
1212 2062 1549 2150 πράττειν
1595 2064 1720 2129 ὅσα
1764 2060 1849 2126 ἂν
1892 2062 1934 2146 ἡ
1982 2063 2133 2145 Μῆ-

216 2169 363 2233 δεια
408 2170 776 2256 προστάττῃ
823 2168 974 2256 περὶ
1019 2171 1094 2235 τὸ
1134 2180 1324 2254 σῶμα
1368 2178 1491 2235 τοῦ
1534 2171 1802 2254 πατρός,
1849 2170 1965 2246 τὰς
2010 2162 2133 2252 μὲν

213 2273 597 2360 παρθένους
635 2275 938 2361 ἑτοίμους
967 2277 1174 2353 οὔσας
1208 2278 1284 2341 τὸ
1313 2277 1751 2360 κελευόμενον
1788 2275 2130 2359 ἐπιτελεῖν,

212 2384 336 2466 τὴν
385 2378 456 2446 δὲ
501 2384 814 2466 Μήδειαν
867 2384 1109 2460 νυκτὸς
1155 2381 1625 2467 ἐπιγενομένης
1677 2380 1790 2448 καὶ
1832 2392 1954 2447 τοῦ
2001 2387 2133 2448 Πε-
2151 2385 2238 2452 52

129 2510 186 2552 20
214 2493 366 2555 λίου
401 2490 567 2574 πρὸς
609 2488 826 2553 ὕπνον
861 2489 1222 2576 τραπέντος
1266 2488 1486 2573 λέγειν
1524 2489 1613 2566 ὡς
1658 2489 2022 2572 ἀναγκαῖον
2058 2489 2131 2555 ἐν

214 2595 440 2680 λέβητι
475 2600 854 2678 καθεψῆσαι
898 2598 972 2660 τὸ
1013 2607 1200 2680 σῶμα
1243 2605 1365 2666 τοῦ
1402 2598 1676 2661 Πελίου.
1744 2597 2134 2681 προσάντως

216 2699 287 2767 δὲ
349 2713 486 2767 τῶν
551 2699 912 2788 παρθένων
976 2700 1356 2787 δεξαμένων
1418 2704 1537 2768 τὸν
1599 2706 1839 2787 λόγον,
1903 2701 2133 2790 ἑτέραν

214 2809 426 2893 αὐτὴν
472 2808 820 2892 ἐπινοῆσαι
864 2812 1090 2875 πίστιν
1133 2821 1269 2876 τῶν
1316 2803 1427 2875 ὑπ’
1479 2810 1683 2895 αὐτῆς
1728 2810 2133 2895 λεγομένων·

212 2914 631 3001 τρεφομένου
677 2917 804 3001 γὰρ
857 2925 1054 3002 κριοῦ
1097 2921 1466 2993 πολυετοῦς
1514 2919 1680 2983 κατὰ
1723 2919 1847 3000 τὴν
1894 2919 2131 2998 οἰκίαν,

132 3039 186 3082 25
215 3020 735 3105 ἐπαγγείλασθαι
769 3033 915 3099 ταῖς
941 3024 1171 3108 κόραις
1204 3033 1449 3089 τοῦτον
1475 3026 1803 3109 πρότερον
1837 3024 2133 3104 καθεψή-

357 3219 392 3267 4
429 3213 541 3267 τῶν
580 3231 685 3269 om.
723 3213 876 3284 vulg.
1001 3210 1110 3284 ἀφ’
1152 3215 1200 3268 D
1338 3221 1370 3269 8
1411 3212 1721 3286 ἀποδοχῆς]
1760 3212 2042 3284 ὑπεροχῆς
2078 3212 2132 3266 11

215 3290 247 3339 9
295 3284 472 3351 φασὶν
518 3280 695 3340 αὐτὸν
731 3306 783 3340 κ.
822 3307 876 3354 μ.
919 3282 1173 3356 ἐντυχεῖν
1211 3286 1310 3339 τὸν
1348 3285 1566 3354 πατέρα
1605 3284 1726 3355 (τὸν
1762 3305 1819 3340 π.
1859 3301 1966 3339 om.
2006 3285 2130 3353 EM)

212 3361 336 3417 ταῖς
369 3352 690 3424 θυγατράσι
738 3357 832 3411 καὶ
887 3355 1280 3425 παρακαλέσαι
1328 3363 1619 3428 συνεργεῖν
1655 3356 1709 3410 II
1855 3363 1922 3411 14
1959 3361 2131 3425 θερα-

211 3428 402 3488 πείαις
439 3425 521 3493 F;
559 3427 938 3496 θεραπευθὲν
975 3429 1068 3484 vel
1101 3426 1530 3497 θεραπευθέντι
1569 3427 1697 3484 fort.
1797 3435 1863 3483 16
1901 3425 2133 3497 διαρρή-

213 3497 320 3564 δην
358 3514 466 3552 om.
505 3499 555 3552 D
631 3505 698 3553 18
736 3495 934 3572 οὔσας]
972 3496 1123 3569 εἶναι
1158 3498 1417 3566 Dindorf‚
1456 3502 1525 3569 (c.
1544 3505 1631 3569 49,
1652 3503 1705 3568 5)
1785 3506 1851 3555 21
1892 3495 2133 3569 προσάν·

211 3587 319 3630 τως
355 3567 605 3625 Dindorf
636 3569 786 3641 (XIV
824 3579 911 3641 21,
950 3573 1020 3641 6),
1057 3570 1353 3643 προσηνῶς
1389 3570 1536 3626 libri.
