2569 4061
235 2775 324 2841 45

352 163 434 229 78
1026 160 1334 218 monom
1371 162 1602 218 smnm

347 327 765 403 Μακεδόνας.
850 327 1190 406 Αἰθίοπας
1232 321 1355 411 μὲν
1400 320 1527 390 οὖν
1573 323 1766 411 ἄρξαι
1809 322 2142 407 τέτταρας,
2190 320 2275 388 οὐ

346 435 512 500 κατὰ
556 434 632 498 τὸ
679 430 854 517 ἑξῆς,
911 427 1055 499 ἀλλ’
1108 433 1181 499 ἐκ
1228 434 1700 519 διαστήματος,
1756 433 1866 515 ἔτη
1921 432 2003 495 τὰ
2055 430 2274 496 πάντα

348 541 564 625 βραχὺ
608 542 919 608 λείποντα
973 550 1107 606 τῶν
1153 538 1222 619 ἓξ
1279 538 1393 605 καὶ
1444 540 1829 625 memrot·
1889 535 2156 624 Πέρσας
2202 533 2264 601 δ’

347 645 729 732 ἡγήσασθαι
802 647 1171 732 Καμβύσου
1242 655 1366 711 τοῦ
1437 644 1761 729 βασιλέως
1831 655 1971 724 τοῖς
2043 643 2273 720 ὅπλοις

347 751 976 839 καταστρεψαμένου
1019 755 1096 819 τὸ
1154 755 1358 829 ἔθνος
1400 751 1596 818 πέντε
1641 753 1808 839 πρὸς
1850 762 1991 830 τοῖς
2037 749 2271 817 ἑκατὸν
2298 768 2327 808 5

346 850 464 924 καὶ
503 858 858 946 τριάκοντα
903 860 1078 924 ἔτεσι
1124 861 1252 923 σὺν
1306 867 1450 935 ταῖς
1494 867 1628 923 τῶν
1675 860 2065 940 Αἰγυπτίων
2110 855 2272 922 ἀπο-

349 965 691 1048 στάσεσιν,
752 964 830 1041 ἃς
884 963 1282 1048 ἐποιήσαπο
1331 962 1565 1050 φέρειν
1611 964 1695 1030 οὐ
1742 966 2105 1049 δυνάμενοι
2147 964 2272 1047 τὴν

345 1072 714 1157 τραχύτητα
769 1079 884 1155 τῆς
930 1070 1312 1148 ἐπιστασίας
1364 1069 1476 1136 καὶ
1530 1071 1653 1155 τὴν
1711 1073 1808 1148 εἰς
1858 1073 2017 1149 τοὺς
2069 1069 2273 1155 ἐγχω-

348 1181 536 1262 ρίους
580 1179 787 1255 θεοὺς
833 1176 1158 1262 ἀσέβειαν.
1238 1177 1557 1262 ἐσχάτους
1603 1175 1677 1244 δὲ
1712 1179 2112 1277 Μακεδόνας
2157 1177 2271 1262 ἄρ-

348 1282 453 1362 ξαι
496 1281 608 1348 καὶ
652 1286 809 1361 τοὺς
854 1284 982 1350 ἀπὸ
1019 1285 1438 1350 Μακεδόνων
1482 1284 1550 1364 ἓξ
1590 1286 1702 1368 ἔτη
1740 1286 1907 1370 πρὸς
1941 1294 2081 1362 τοῖς
2129 1284 2269 1350 δια·
2299 1301 2352 1340 10

345 1391 600 1467 κοσίοις
635 1389 747 1458 καὶ
784 1389 1256 1474 ἑβδομήκοντα.
1339 1392 1496 1469 τοὺς
1544 1388 1617 1457 δὲ
1664 1394 1940 1468 λοιποὺς
1983 1392 2269 1476 χρόνους

347 1496 640 1575 ἅπαντας
686 1495 1056 1564 διατελέσαι
1110 1498 1587 1588 βασιλεύοντας
1639 1506 1755 1582 τῆς
1807 1498 2025 1583 χώρας
2069 1495 2268 1581 ἐγχω-

346 1605 555 1688 ρίους,
604 1604 857 1691 ἄνδρας
901 1600 1023 1689 μὲν
1069 1602 1526 1688 ἑβδομήκοντα
1570 1605 1736 1690 πρὸς
1781 1614 1922 1680 τοῖς
1964 1625 2270 1689 τετρακο-

347 1713 538 1794 σίοις,
585 1721 907 1794 γυναῖκας
953 1707 1026 1775 δὲ
1070 1707 1290 1775 πέντε·
1336 1707 1489 1795 περὶ
1534 1703 1630 1775 ὧν
1678 1708 1992 1773 ἁπάντων
2035 1708 2107 1773 οἱ
2146 1706 2269 1793 μὲν

347 1817 542 1902 ἱερεῖς
579 1812 762 1903 εἶχον
789 1816 1180 1901 ἀναγραφὰς
1218 1814 1292 1880 ἐν
1319 1825 1463 1891 ταῖς
1501 1814 1709 1901 ἱεραῖς
1741 1817 2001 1899 βίβλοις
2038 1813 2110 1879 ἐκ
2146 1835 2267 1880 πα-
2296 1831 2349 1872 15

344 1926 552 1988 λαιῶν
606 1927 870 2008 χρόνων
930 1919 1033 1987 ἀεὶ
1098 1933 1238 1999 τοῖς
1303 1922 1642 2005 διαδόχοις
1704 1919 2266 2006 παραδεδομένας,

345 2029 657 2115 ὁπηλίκος
719 2028 992 2107 ἕκαστος
1054 2040 1189 2096 των
1253 2028 1797 2113 βασιλευσάντων
1861 2024 2121 2112 ἐγένετο
2175 2037 2265 2117 τῷ
2305 2049 2377 2098 54

344 2135 613 2220 μεγέθει
658 2135 769 2203 καὶ
816 2137 1047 2215 ὁποῖός
1089 2160 1190 2215 τις
1234 2145 1315 2223 τῇ
1360 2137 1563 2221 φύσει
1607 2135 1720 2203 καὶ
1777 2137 1859 2201 τὰ
1902 2138 2068 2202 κατὰ
2112 2138 2269 2213 τοὺς

346 2244 560 2320 ἰδίους
621 2246 909 2330 χρόνους
972 2241 1221 2332 ἑκάστω
1286 2241 1700 2328 πραχθέντα·
1764 2242 1924 2327 ἡμῖν
1983 2238 2058 2307 δὲ
2116 2240 2268 2329 περὶ

345 2346 626 2415 ἑκάστου
674 2351 754 2415 τὰ
799 2350 965 2414 κατὰ
1018 2347 1218 2433 μέρος
1271 2349 1529 2434 μακρὸν
1575 2348 1660 2415 ἄν
1707 2354 1807 2432 εἴη
1853 2346 1965 2413 καὶ
2009 2352 2265 2435 περίερ-
2295 2366 2350 2406 20

343 2476 468 2535 γον
512 2452 828 2537 γράφειν,
876 2454 965 2529 ὡς
1011 2451 1095 2517 ἂν
1141 2463 1276 2518 τῶν
1321 2456 1648 2519 πλείστων
1695 2452 2041 2540 ἀχρήστων
2086 2473 2268 2539 περι-

344 2558 774 2643 ειλημμένων.
850 2558 1082 2644 διόπερ
1128 2568 1264 2624 τῶν
1312 2557 1514 2637 ἀξίων
1564 2559 1856 2646 ἱστορίας
1899 2558 1981 2623 τὰ
2024 2559 2268 2644 κυριώ-

342 2688 503 2731 τατα
550 2668 892 2749 συντόμως
938 2662 1253 2744 διεξιέναι
1298 2667 1776 2751 πειρασόμεθα.

519 2773 714 2837 Μετὰ
747 2774 906 2850 τοὺς
940 2775 1148 2849 θεοὺς
1180 2774 1416 2837 τοίνυν
1451 2775 1717 2860 πρῶτόν
1754 2788 1923 2856 φασι
1959 2776 2266 2857 βασιλεῦ-

343 2895 454 2944 σαι
490 2887 605 2964 τῆς
641 2878 989 2962 Αἰγύπτου
1024 2881 1301 2963 Μηνᾶν,
1346 2877 1458 2945 καὶ
1491 2878 1869 2958 καταδεῖξαι
1904 2890 2045 2956 τοῖς
2080 2882 2265 2956 λαοῖς
2293 2898 2348 2939 2⁵

341 2985 548 3064 θεούς
591 3008 660 3051 τε
716 2984 1036 3068 σέβεσθαι
1088 2984 1201 3051 καὶ
1254 2989 1504 3063 θυσίας
1557 2985 1909 3068 ἐπιτελεῖν,
1969 2986 2136 3070 πρὸς
2190 2980 2265 3049 δὲ

341 3094 604 3169 τούτοις
629 3095 1124 3177 παρατίθεσθαι
1160 3091 1478 3178 τραπέζας
1503 3091 1615 3159 καὶ
1649 3095 1880 3169 κλίνας
1911 3088 2022 3156 καὶ
2059 3105 2265 3174 στρω-

342 3209 472 3285 μνῇ
519 3195 870 3266 πολυτελεῖ
900 3204 1213 3285 χρῆσθαι,
1259 3198 1372 3267 καὶ
1407 3200 1482 3264 τὸ
1520 3200 1815 3264 σύνολον
1851 3196 2118 3283 τρυφὴν
2153 3192 2265 3260 καὶ

273 3323 305 3370 2
344 3310 671 3389 πολυτελῆ
709 3306 862 3388 βίον
899 3306 1403 3390 εἰσηγήσασθαι.
1479 3306 1586 3369 διὸ
1622 3303 1735 3369 καὶ
1769 3308 2048 3381 πολλαῖς
2072 3303 2264 3369 ὕστε-

487 3429 553 3477 18
590 3431 752 3488 ποῖος
787 3424 837 3479 D
981 3431 1047 3480 21
1088 3423 1555 3497 παρειλημμένων
1595 3424 1816 3482 Reiske.
