<?xml version="1.0" encoding="UTF-8"?>
<!DOCTYPE html PUBLIC "-//W3C//DTD XHTML 1.0 Transitional//EN"
    "http://www.w3.org/TR/xhtml1/DTD/xhtml1-transitional.dtd">
<html xmlns="http://www.w3.org/1999/xhtml" xml:lang="en" lang="en">
 <head>
  <title>
</title>
<meta http-equiv="Content-Type" content="text/html;charset=utf-8" />
  <meta name='ocr-system' content='tesseract 3.04.00' />
  <meta name='ocr-capabilities' content='ocr_page ocr_carea ocr_par ocr_line ocrx_word'/>
</head>
<body>
  <div class='ocr_page' id='page_1' title='image "./diodoribiblioth02dindgoog/diodoribiblioth02dindgoog_0316.png"; bbox 0 0 2569 4061; ppageno 0'>
   <div class='ocr_carea' id='block_1_1' title="bbox 376 288 1622 356">
    <p class='ocr_par' dir='ltr' id='par_1_1' title="bbox 376 288 1622 356">
     <span class='ocr_line' id='line_1_1' title="bbox 376 288 1622 356; baseline -0.011 1"><span class='ocrx_word' id='word_1_1' title='bbox 376 290 508 356; x_wconf 85' lang='grc'>216</span> <span class='ocrx_word' id='word_1_2' title='bbox 1042 289 1348 345; x_wconf 86' lang='lat' dir='ltr'>DIODORI</span> <span class='ocrx_word' id='word_1_3' title='bbox 1387 288 1622 345; x_wconf 83' lang='lat' dir='ltr'>SICULI</span> 
     </span>
    </p>
   </div>
   <div class='ocr_carea' id='block_1_2' title="bbox 298 446 2411 3199">
    <p class='ocr_par' dir='ltr' id='par_1_2' title="bbox 298 446 2298 646">
     <span class='ocr_line' id='line_1_2' title="bbox 298 446 2298 538; baseline -0.004 -14"><span class='ocrx_word' id='word_1_4' title='bbox 298 476 331 524; x_wconf 85' lang='lat'><strong>3</strong></span> <span class='ocrx_word' id='word_1_5' title='bbox 369 464 566 522; x_wconf 90' lang='grc' dir='ltr'><strong><em>τοῦτο</em></strong></span> <span class='ocrx_word' id='word_1_6' title='bbox 623 451 684 517; x_wconf 91' lang='grc' dir='ltr'><strong><em>δ’</em></strong></span> <span class='ocrx_word' id='word_1_7' title='bbox 738 446 955 538; x_wconf 78' lang='grc' dir='ltr'><strong><em>ᾐτεῖτο</em></strong></span> <span class='ocrx_word' id='word_1_8' title='bbox 1011 455 1399 537; x_wconf 86' lang='grc' dir='ltr'><strong><em>πυθόμενος</em></strong></span> <span class='ocrx_word' id='word_1_9' title='bbox 1457 452 1689 538; x_wconf 90' lang='grc' dir='ltr'><strong><em>[παρά]</em></strong></span> <span class='ocrx_word' id='word_1_10' title='bbox 1737 475 1921 529; x_wconf 87' lang='grc' dir='ltr'><strong><em>τινος</em></strong></span> <span class='ocrx_word' id='word_1_11' title='bbox 1966 451 2298 536; x_wconf 83' lang='grc' dir='ltr'><strong><em>εὐνούχου</em></strong></span> 
     </span>
     <span class='ocr_line' id='line_1_3' title="bbox 368 553 2298 646; baseline -0.002 -20"><span class='ocrx_word' id='word_1_12' title='bbox 368 563 450 626; x_wconf 78' lang='grc' dir='ltr'><strong><em>τὰ</em></strong></span> <span class='ocrx_word' id='word_1_13' title='bbox 493 557 643 645; x_wconf 89' lang='grc' dir='ltr'><strong><em>περὶ</em></strong></span> <span class='ocrx_word' id='word_1_14' title='bbox 688 553 808 625; x_wconf 87' lang='grc' dir='ltr'><strong><em>τὸν</em></strong></span> <span class='ocrx_word' id='word_1_15' title='bbox 853 561 1153 646; x_wconf 75' lang='grc' dir='ltr'><strong><em>ἄργυρον</em></strong></span> <span class='ocrx_word' id='word_1_16' title='bbox 1189 557 1302 623; x_wconf 86' lang='grc' dir='ltr'><strong><em>καὶ</em></strong></span> <span class='ocrx_word' id='word_1_17' title='bbox 1344 560 1619 645; x_wconf 86' lang='grc' dir='ltr'><strong><em>χρυσόν,</em></strong></span> <span class='ocrx_word' id='word_1_18' title='bbox 1667 557 1748 624; x_wconf 84' lang='grc' dir='ltr'><strong><em>ὃν</em></strong></span> <span class='ocrx_word' id='word_1_19' title='bbox 1785 559 2150 644; x_wconf 78' lang='grc' dir='ltr'><em>διαδράντα</em></span> <span class='ocrx_word' id='word_1_20' title='bbox 2185 555 2298 623; x_wconf 85' lang='grc' dir='ltr'><strong><em>καὶ</em></strong></span> 
     </span>
    </p>

    <p class='ocr_par' dir='ltr' id='par_1_3' title="bbox 298 662 2383 1603">
     <span class='ocr_line' id='line_1_4' title="bbox 298 662 2296 753; baseline -0.002 -20"><span class='ocrx_word' id='word_1_21' title='bbox 298 687 334 734; x_wconf 83' lang='grc'>4</span> <span class='ocrx_word' id='word_1_22' title='bbox 369 668 536 753; x_wconf 89' lang='grc' dir='ltr'><strong><em>πρὸς</em></strong></span> <span class='ocrx_word' id='word_1_23' title='bbox 581 667 789 733; x_wconf 88' lang='grc' dir='ltr'><strong><em>αὐτὸν</em></strong></span> <span class='ocrx_word' id='word_1_24' title='bbox 835 667 1384 751; x_wconf 79' lang='grc' dir='ltr'><strong><em>αὐτομολήσαντα</em></strong></span> <span class='ocrx_word' id='word_1_25' title='bbox 1428 664 1853 751; x_wconf 81' lang='grc' dir='ltr'><strong><em>κατέκρυψεν.</em></strong></span> <span class='ocrx_word' id='word_1_26' title='bbox 1944 665 1980 731; x_wconf 99' lang='lat'>6</span> <span class='ocrx_word' id='word_1_27' title='bbox 2043 662 2103 730; x_wconf 88' lang='grc' dir='ltr'><strong><em>δ’</em></strong></span> <span class='ocrx_word' id='word_1_28' title='bbox 2152 662 2296 752; x_wconf 86' lang='grc' dir='ltr'><strong><em>Ἀρ-</em></strong></span> 
     </span>
     <span class='ocr_line' id='line_1_5' title="bbox 367 769 2297 858; baseline -0.002 -19"><span class='ocrx_word' id='word_1_29' title='bbox 367 774 576 858; x_wconf 88' lang='grc' dir='ltr'><strong><em>βάκης</em></strong></span> <span class='ocrx_word' id='word_1_30' title='bbox 632 775 892 839; x_wconf 86' lang='grc' dir='ltr'><strong><em>τούτων</em></strong></span> <span class='ocrx_word' id='word_1_31' title='bbox 937 769 1141 838; x_wconf 74' lang='grc' dir='ltr'><strong><em>οὐδὲν</em></strong></span> <span class='ocrx_word' id='word_1_32' title='bbox 1185 772 1381 848; x_wconf 83' lang='grc' dir='ltr'><strong><em>εἰδὼς</em></strong></span> <span class='ocrx_word' id='word_1_33' title='bbox 1436 772 1549 836; x_wconf 78' lang='grc' dir='ltr'><strong><em>διὰ</em></strong></span> <span class='ocrx_word' id='word_1_34' title='bbox 1603 773 1679 838; x_wconf 89' lang='grc' dir='ltr'><strong><em>τὸ</em></strong></span> <span class='ocrx_word' id='word_1_35' title='bbox 1724 773 1974 848; x_wconf 78' lang='grc' dir='ltr'><strong><em>πάντας</em></strong></span> <span class='ocrx_word' id='word_1_36' title='bbox 2018 775 2177 849; x_wconf 86' lang='grc' dir='ltr'><strong><em>τοὺς</em></strong></span> <span class='ocrx_word' id='word_1_37' title='bbox 2221 771 2297 837; x_wconf 84' lang='grc' dir='ltr'><strong><em>έν</em></strong></span> 
     </span>
     <span class='ocr_line' id='line_1_6' title="bbox 366 880 2356 966; baseline -0.001 -20"><span class='ocrx_word' id='word_1_38' title='bbox 366 892 507 958; x_wconf 79' lang='grc' dir='ltr'><strong><em>τοῖς</em></strong></span> <span class='ocrx_word' id='word_1_39' title='bbox 560 882 923 964; x_wconf 80' lang='grc' dir='ltr'><strong><em>βασιλείοις</em></strong></span> <span class='ocrx_word' id='word_1_40' title='bbox 976 886 1513 961; x_wconf 83' lang='grc' dir='ltr'><strong><em>συγκατακαῆναι</em></strong></span> <span class='ocrx_word' id='word_1_41' title='bbox 1566 886 1659 966; x_wconf 77' lang='grc' dir='ltr'><strong><em>τῷ</em></strong></span> <span class='ocrx_word' id='word_1_42' title='bbox 1714 881 2002 961; x_wconf 82' lang='grc' dir='ltr'><strong><em>βασιλεῖ,</em></strong></span> <span class='ocrx_word' id='word_1_43' title='bbox 2058 880 2181 962; x_wconf 89' lang='grc' dir='ltr'><strong><em>τήν</em></strong></span> <span class='ocrx_word' id='word_1_44' title='bbox 2223 901 2296 944; x_wconf 88' lang='grc' dir='ltr'><strong><em>τε</em></strong></span> <span class='ocrx_word' id='word_1_45' title='bbox 2325 893 2356 933; x_wconf 82' lang='grc'>5</span> 
     </span>
     <span class='ocr_line' id='line_1_7' title="bbox 368 981 2295 1073; baseline -0.001 -22"><span class='ocrx_word' id='word_1_46' title='bbox 368 988 625 1053; x_wconf 89' lang='grc' dir='ltr'><strong><em>σποδὸν</em></strong></span> <span class='ocrx_word' id='word_1_47' title='bbox 671 986 1071 1070; x_wconf 82' lang='grc' dir='ltr'><strong><em>ἀποκομίσαι</em></strong></span> <span class='ocrx_word' id='word_1_48' title='bbox 1124 981 1237 1049; x_wconf 84' lang='grc' dir='ltr'><strong><em>καὶ</em></strong></span> <span class='ocrx_word' id='word_1_49' title='bbox 1280 984 1406 1067; x_wconf 80' lang='grc' dir='ltr'><strong><em>τὴν</em></strong></span> <span class='ocrx_word' id='word_1_50' title='bbox 1450 987 1823 1073; x_wconf 75' lang='grc' dir='ltr'><strong><em>Βαβυλῶνα</em></strong></span> <span class='ocrx_word' id='word_1_51' title='bbox 1878 987 2053 1068; x_wconf 82' lang='grc' dir='ltr'><strong><em>ἔχειν</em></strong></span> <span class='ocrx_word' id='word_1_52' title='bbox 2100 983 2295 1067; x_wconf 91' lang='grc' dir='ltr'><strong><em>ἀτελῆ</em></strong></span> 
     </span>
     <span class='ocr_line' id='line_1_8' title="bbox 369 1086 2297 1178; baseline -0.002 -19"><span class='ocrx_word' id='word_1_53' title='bbox 369 1094 851 1178; x_wconf 81' lang='grc' dir='ltr'><strong><em>συνεχώρησεν.</em></strong></span> <span class='ocrx_word' id='word_1_54' title='bbox 946 1086 1079 1156; x_wconf 73' lang='grc' dir='ltr'><strong><em>εὖθ’</em></strong></span> <span class='ocrx_word' id='word_1_55' title='bbox 1132 1090 1168 1156; x_wconf 98' lang='lat'>6</span> <span class='ocrx_word' id='word_1_56' title='bbox 1215 1087 1340 1176; x_wconf 79' lang='grc' dir='ltr'><strong><em>μὲν</em></strong></span> <span class='ocrx_word' id='word_1_57' title='bbox 1384 1090 1682 1166; x_wconf 79' lang='grc' dir='ltr'><strong><em>Βέλεσυς·</em></strong></span> <span class='ocrx_word' id='word_1_58' title='bbox 1717 1095 1920 1156; x_wconf 84' lang='grc' dir='ltr'><strong><em>πλοῖα</em></strong></span> <span class='ocrx_word' id='word_1_59' title='bbox 1962 1107 2297 1176; x_wconf 87' lang='grc' dir='ltr'><strong><em>παραστη-</em></strong></span> 
     </span>
     <span class='ocr_line' id='line_1_9' title="bbox 369 1196 2297 1283; baseline -0.002 -19"><span class='ocrx_word' id='word_1_60' title='bbox 369 1200 655 1283; x_wconf 88' lang='grc' dir='ltr'><strong><em>σάμενος</em></strong></span> <span class='ocrx_word' id='word_1_61' title='bbox 709 1199 870 1281; x_wconf 78' lang='grc' dir='ltr'><strong><em>μετὰ</em></strong></span> <span class='ocrx_word' id='word_1_62' title='bbox 923 1206 1040 1280; x_wconf 90' lang='grc' dir='ltr'><strong><em>τῆς</em></strong></span> <span class='ocrx_word' id='word_1_63' title='bbox 1094 1198 1355 1263; x_wconf 88' lang='grc' dir='ltr'><strong><em>σποδοῦ</em></strong></span> <span class='ocrx_word' id='word_1_64' title='bbox 1407 1198 1483 1263; x_wconf 89' lang='grc' dir='ltr'><strong><em>τὸ</em></strong></span> <span class='ocrx_word' id='word_1_65' title='bbox 1541 1202 1854 1262; x_wconf 79' lang='grc' dir='ltr'><strong><em>πλεῖστον</em></strong></span> <span class='ocrx_word' id='word_1_66' title='bbox 1898 1205 2021 1261; x_wconf 91' lang='grc' dir='ltr'><strong><em>τοῦ</em></strong></span> <span class='ocrx_word' id='word_1_67' title='bbox 2064 1219 2134 1261; x_wconf 98' lang='grc' dir='ltr'><strong><em>τε</em></strong></span> <span class='ocrx_word' id='word_1_68' title='bbox 2180 1196 2297 1283; x_wconf 89' lang='grc' dir='ltr'><strong><em>ἀρ-</em></strong></span> 
     </span>
     <span class='ocr_line' id='line_1_10' title="bbox 368 1301 2298 1390; baseline -0.001 -21"><span class='ocrx_word' id='word_1_69' title='bbox 368 1305 584 1390; x_wconf 88' lang='grc' dir='ltr'><strong><em>γύρου</em></strong></span> <span class='ocrx_word' id='word_1_70' title='bbox 645 1301 758 1368; x_wconf 86' lang='grc' dir='ltr'><strong><em>καὶ</em></strong></span> <span class='ocrx_word' id='word_1_71' title='bbox 818 1312 941 1368; x_wconf 93' lang='grc' dir='ltr'><strong><em>τοῦ</em></strong></span> <span class='ocrx_word' id='word_1_72' title='bbox 1008 1312 1265 1388; x_wconf 80' lang='grc' dir='ltr'><strong><em>χρυσοῦ</em></strong></span> <span class='ocrx_word' id='word_1_73' title='bbox 1339 1305 1684 1387; x_wconf 83' lang='grc' dir='ltr'><strong><em>συντόμως</em></strong></span> <span class='ocrx_word' id='word_1_74' title='bbox 1757 1302 2139 1368; x_wconf 88' lang='grc' dir='ltr'><strong><em>ἀπέστειλεν</em></strong></span> <span class='ocrx_word' id='word_1_75' title='bbox 2200 1305 2298 1380; x_wconf 80' lang='grc' dir='ltr'><strong><em>εἰς</em></strong></span> 
     </span>
     <span class='ocr_line' id='line_1_11' title="bbox 367 1406 2383 1497; baseline -0.001 -22"><span class='ocrx_word' id='word_1_76' title='bbox 367 1413 767 1493; x_wconf 78' lang='grc' dir='ltr'><strong><em>Βαβυλῶνα·</em></strong></span> <span class='ocrx_word' id='word_1_77' title='bbox 833 1409 869 1475; x_wconf 98' lang='lat'>6</span> <span class='ocrx_word' id='word_1_78' title='bbox 932 1406 1006 1475; x_wconf 74' lang='grc' dir='ltr'><strong><em>δὲ</em></strong></span> <span class='ocrx_word' id='word_1_79' title='bbox 1066 1410 1408 1493; x_wconf 87' lang='grc' dir='ltr'><strong><em>βασιλεύς,</em></strong></span> <span class='ocrx_word' id='word_1_80' title='bbox 1473 1410 1886 1494; x_wconf 80' lang='grc' dir='ltr'><strong><em>μηνυθείσης</em></strong></span> <span class='ocrx_word' id='word_1_81' title='bbox 1948 1408 2128 1497; x_wconf 74' lang='grc' dir='ltr'><strong><em>αὐτῷ</em></strong></span> <span class='ocrx_word' id='word_1_82' title='bbox 2181 1418 2298 1492; x_wconf 90' lang='grc' dir='ltr'><strong><em>τῆς</em></strong></span> <span class='ocrx_word' id='word_1_83' title='bbox 2326 1424 2383 1464; x_wconf 85' lang='lat'><strong><em>1⁰</em></strong></span> 
     </span>
     <span class='ocr_line' id='line_1_12' title="bbox 369 1514 2297 1603; baseline -0.002 -21"><span class='ocrx_word' id='word_1_84' title='bbox 369 1516 667 1603; x_wconf 81' lang='grc' dir='ltr'><strong><em>πράξεως</em></strong></span> <span class='ocrx_word' id='word_1_85' title='bbox 711 1516 1138 1603; x_wconf 76' lang='grc' dir='ltr'><strong><em>αὐτοφώρου,</em></strong></span> <span class='ocrx_word' id='word_1_86' title='bbox 1187 1517 1501 1593; x_wconf 78' lang='grc' dir='ltr'><strong><em>δικαστὰς</em></strong></span> <span class='ocrx_word' id='word_1_87' title='bbox 1548 1514 1845 1594; x_wconf 79' lang='grc' dir='ltr'><strong><em>ἀπέδειξε</em></strong></span> <span class='ocrx_word' id='word_1_88' title='bbox 1888 1517 2047 1591; x_wconf 87' lang='grc' dir='ltr'><strong><em>τοὺς</em></strong></span> <span class='ocrx_word' id='word_1_89' title='bbox 2092 1531 2297 1580; x_wconf 90' lang='grc' dir='ltr'><strong><em>συνα-</em></strong></span> 
     </span>
    </p>

    <p class='ocr_par' dir='ltr' id='par_1_4' title="bbox 298 1619 2381 2562">
     <span class='ocr_line' id='line_1_13' title="bbox 298 1619 2297 1710; baseline -0.002 -21"><span class='ocrx_word' id='word_1_90' title='bbox 298 1639 332 1688; x_wconf 81' lang='lat'>5</span> <span class='ocrx_word' id='word_1_91' title='bbox 369 1622 867 1708; x_wconf 91' lang='grc' dir='ltr'><strong><em>γωνισαμένους</em></strong></span> <span class='ocrx_word' id='word_1_92' title='bbox 912 1624 1341 1710; x_wconf 88' lang='grc' dir='ltr'><strong><em>στρατηγούς.</em></strong></span> <span class='ocrx_word' id='word_1_93' title='bbox 1432 1630 1554 1687; x_wconf 94' lang='grc' dir='ltr'><strong><em>τοῦ</em></strong></span> <span class='ocrx_word' id='word_1_94' title='bbox 1598 1620 1970 1708; x_wconf 79' lang='grc' dir='ltr'><strong><em>πράξαντος</em></strong></span> <span class='ocrx_word' id='word_1_95' title='bbox 2025 1619 2088 1686; x_wconf 86' lang='grc' dir='ltr'><strong><em>δ’</em></strong></span> <span class='ocrx_word' id='word_1_96' title='bbox 2141 1621 2297 1706; x_wconf 87' lang='grc' dir='ltr'><strong><em>ὁμο-</em></strong></span> 
     </span>
     <span class='ocr_line' id='line_1_14' title="bbox 369 1725 2296 1815; baseline -0.002 -19"><span class='ocrx_word' id='word_1_97' title='bbox 369 1736 733 1814; x_wconf 87' lang='grc' dir='ltr'><strong><em>λογοῦντος</em></strong></span> <span class='ocrx_word' id='word_1_98' title='bbox 787 1730 1073 1812; x_wconf 81' lang='grc' dir='ltr'><strong><em>ἀδικεῖν,</em></strong></span> <span class='ocrx_word' id='word_1_99' title='bbox 1129 1730 1206 1795; x_wconf 90' lang='grc' dir='ltr'><strong><em>τὸ</em></strong></span> <span class='ocrx_word' id='word_1_100' title='bbox 1262 1725 1385 1813; x_wconf 74' lang='grc' dir='ltr'><strong><em>μὲν</em></strong></span> <span class='ocrx_word' id='word_1_101' title='bbox 1440 1730 1869 1815; x_wconf 88' lang='grc' dir='ltr'><strong><em>δικαστήριον</em></strong></span> <span class='ocrx_word' id='word_1_102' title='bbox 1914 1728 2125 1794; x_wconf 89' lang='grc' dir='ltr'><strong><em>αὐτοῦ</em></strong></span> <span class='ocrx_word' id='word_1_103' title='bbox 2168 1729 2296 1793; x_wconf 92' lang='grc' dir='ltr'><strong><em>θά-</em></strong></span> 
     </span>
     <span class='ocr_line' id='line_1_15' title="bbox 368 1831 2296 1920; baseline -0.002 -17"><span class='ocrx_word' id='word_1_104' title='bbox 368 1862 575 1904; x_wconf 89' lang='grc' dir='ltr'><strong><em>νατον</em></strong></span> <span class='ocrx_word' id='word_1_105' title='bbox 620 1836 939 1920; x_wconf 82' lang='grc' dir='ltr'><strong><em>κατέγνω,</em></strong></span> <span class='ocrx_word' id='word_1_106' title='bbox 987 1836 1023 1902; x_wconf 98' lang='lat'>6</span> <span class='ocrx_word' id='word_1_107' title='bbox 1062 1832 1137 1901; x_wconf 74' lang='grc' dir='ltr'><strong><em>δὲ</em></strong></span> <span class='ocrx_word' id='word_1_108' title='bbox 1174 1836 1508 1919; x_wconf 85' lang='grc' dir='ltr'><strong><em>βασιλεύς,</em></strong></span> <span class='ocrx_word' id='word_1_109' title='bbox 1555 1837 2016 1920; x_wconf 82' lang='grc' dir='ltr'><strong><em>μεγαλόψυχος</em></strong></span> <span class='ocrx_word' id='word_1_110' title='bbox 2053 1836 2149 1901; x_wconf 75' lang='grc' dir='ltr'><strong><em>ὢν</em></strong></span> <span class='ocrx_word' id='word_1_111' title='bbox 2184 1831 2296 1900; x_wconf 85' lang='grc' dir='ltr'><strong><em>καὶ</em></strong></span> 
     </span>
     <span class='ocr_line' id='line_1_16' title="bbox 368 1940 2381 2030; baseline -0.001 -20"><span class='ocrx_word' id='word_1_112' title='bbox 368 1946 492 2029; x_wconf 79' lang='grc' dir='ltr'><strong><em>τὴν</em></strong></span> <span class='ocrx_word' id='word_1_113' title='bbox 538 1944 749 2030; x_wconf 83' lang='grc' dir='ltr'><strong><em>ἀρχὴν</em></strong></span> <span class='ocrx_word' id='word_1_114' title='bbox 793 1953 910 2028; x_wconf 91' lang='grc' dir='ltr'><strong><em>τῆς</em></strong></span> <span class='ocrx_word' id='word_1_115' title='bbox 952 1942 1312 2027; x_wconf 79' lang='grc' dir='ltr'><strong><em>ἡγεμονίας</em></strong></span> <span class='ocrx_word' id='word_1_116' title='bbox 1356 1944 1765 2026; x_wconf 86' lang='grc' dir='ltr'><strong><em>βουλόμενος</em></strong></span> <span class='ocrx_word' id='word_1_117' title='bbox 1810 1941 2060 2026; x_wconf 78' lang='grc' dir='ltr'><strong><em>ἐπιεικῆ</em></strong></span> <span class='ocrx_word' id='word_1_118' title='bbox 2097 1940 2295 2028; x_wconf 83' lang='grc' dir='ltr'><strong><em>παρέ·</em></strong></span> <span class='ocrx_word' id='word_1_119' title='bbox 2326 1954 2381 1995; x_wconf 82' lang='grc'>15</span> 
     </span>
     <span class='ocr_line' id='line_1_17' title="bbox 369 2047 2298 2137; baseline -0.002 -19"><span class='ocrx_word' id='word_1_120' title='bbox 369 2059 630 2137; x_wconf 88' lang='grc' dir='ltr'><strong><em>χεσθαι,</em></strong></span> <span class='ocrx_word' id='word_1_121' title='bbox 676 2063 812 2117; x_wconf 82' lang='grc' dir='ltr'><strong><em>τῶν</em></strong></span> <span class='ocrx_word' id='word_1_122' title='bbox 855 2075 927 2116; x_wconf 98' lang='grc' dir='ltr'><strong><em>τε</em></strong></span> <span class='ocrx_word' id='word_1_123' title='bbox 969 2050 1311 2116; x_wconf 83' lang='grc' dir='ltr'><strong><em>κινδύνων</em></strong></span> <span class='ocrx_word' id='word_1_124' title='bbox 1357 2047 1644 2115; x_wconf 88' lang='grc' dir='ltr'><strong><em>ἀπέλυσε</em></strong></span> <span class='ocrx_word' id='word_1_125' title='bbox 1688 2050 1808 2114; x_wconf 89' lang='grc' dir='ltr'><strong><em>τὸν</em></strong></span> <span class='ocrx_word' id='word_1_126' title='bbox 1844 2048 2140 2115; x_wconf 81' lang='grc' dir='ltr'><strong><em>Βέλεσυν</em></strong></span> <span class='ocrx_word' id='word_1_127' title='bbox 2185 2047 2298 2115; x_wconf 85' lang='grc' dir='ltr'><strong><em>καὶ</em></strong></span> 
     </span>
     <span class='ocr_line' id='line_1_18' title="bbox 368 2155 2299 2243; baseline -0.002 -19"><span class='ocrx_word' id='word_1_128' title='bbox 368 2161 488 2224; x_wconf 91' lang='grc' dir='ltr'><strong><em>τὸν</em></strong></span> <span class='ocrx_word' id='word_1_129' title='bbox 561 2157 1169 2243; x_wconf 86' lang='grc' dir='ltr'><strong><em>ἀποκεκομισμένον</em></strong></span> <span class='ocrx_word' id='word_1_130' title='bbox 1243 2158 1543 2243; x_wconf 75' lang='grc' dir='ltr'><strong><em>ἄργυρον</em></strong></span> <span class='ocrx_word' id='word_1_131' title='bbox 1613 2155 1726 2222; x_wconf 85' lang='grc' dir='ltr'><strong><em>καὶ</em></strong></span> <span class='ocrx_word' id='word_1_132' title='bbox 1795 2157 2049 2242; x_wconf 90' lang='grc' dir='ltr'><strong><em>χρυσὸν</em></strong></span> <span class='ocrx_word' id='word_1_133' title='bbox 2122 2157 2299 2239; x_wconf 84' lang='grc' dir='ltr'><strong><em>ἔχειν</em></strong></span> 
     </span>
     <span class='ocr_line' id='line_1_19' title="bbox 373 2260 2297 2352; baseline -0.003 -20"><span class='ocrx_word' id='word_1_134' title='bbox 373 2266 863 2352; x_wconf 80' lang='grc' dir='ltr'><strong><em>συνεχώρησεν·</em></strong></span> <span class='ocrx_word' id='word_1_135' title='bbox 910 2265 1154 2350; x_wconf 86' lang='grc' dir='ltr'><strong><em>ὁμοίως</em></strong></span> <span class='ocrx_word' id='word_1_136' title='bbox 1191 2260 1267 2328; x_wconf 71' lang='grc' dir='ltr'><strong><em>δὲ</em></strong></span> <span class='ocrx_word' id='word_1_137' title='bbox 1311 2260 1425 2329; x_wconf 85' lang='grc' dir='ltr'><strong><em>καὶ</em></strong></span> <span class='ocrx_word' id='word_1_138' title='bbox 1467 2263 1593 2346; x_wconf 79' lang='grc' dir='ltr'><strong><em>τὴν</em></strong></span> <span class='ocrx_word' id='word_1_139' title='bbox 1629 2262 1695 2342; x_wconf 79' lang='grc' dir='ltr'><strong><em>ἐξ</em></strong></span> <span class='ocrx_word' id='word_1_140' title='bbox 1734 2265 1935 2349; x_wconf 86' lang='grc' dir='ltr'><strong><em>ἀρχῆς</em></strong></span> <span class='ocrx_word' id='word_1_141' title='bbox 1973 2263 2297 2328; x_wconf 84' lang='grc' dir='ltr'><strong><em>δοθεῖσαν</em></strong></span> 
     </span>
     <span class='ocr_line' id='line_1_20' title="bbox 371 2369 2297 2455; baseline -0.003 -17"><span class='ocrx_word' id='word_1_142' title='bbox 371 2372 680 2451; x_wconf 79' lang='grc' dir='ltr'><strong><em>ἐξουσίαν</em></strong></span> <span class='ocrx_word' id='word_1_143' title='bbox 726 2381 841 2455; x_wconf 87' lang='grc' dir='ltr'><strong><em>τῆς</em></strong></span> <span class='ocrx_word' id='word_1_144' title='bbox 884 2374 1292 2454; x_wconf 80' lang='grc' dir='ltr'><strong><em>Βαβυλῶνος</em></strong></span> <span class='ocrx_word' id='word_1_145' title='bbox 1338 2370 1462 2437; x_wconf 86' lang='grc' dir='ltr'><strong><em>οὐκ</em></strong></span> <span class='ocrx_word' id='word_1_146' title='bbox 1508 2369 1848 2454; x_wconf 83' lang='grc' dir='ltr'><strong><em>ἀφείλετο,</em></strong></span> <span class='ocrx_word' id='word_1_147' title='bbox 1896 2371 2115 2454; x_wconf 83' lang='grc' dir='ltr'><strong><em>φήσας</em></strong></span> <span class='ocrx_word' id='word_1_148' title='bbox 2159 2371 2297 2454; x_wconf 87' lang='grc' dir='ltr'><strong><em>μεί-.</em></strong></span> 
     </span>
     <span class='ocr_line' id='line_1_21' title="bbox 373 2473 2381 2562; baseline -0.001 -19"><span class='ocrx_word' id='word_1_149' title='bbox 373 2482 565 2556; x_wconf 79' lang='grc' dir='ltr'><strong><em>ζονας</em></strong></span> <span class='ocrx_word' id='word_1_150' title='bbox 601 2473 774 2542; x_wconf 85' lang='grc' dir='ltr'><strong><em>εἶναι</em></strong></span> <span class='ocrx_word' id='word_1_151' title='bbox 811 2478 927 2553; x_wconf 86' lang='grc' dir='ltr'><strong><em>τάς</em></strong></span> <span class='ocrx_word' id='word_1_152' title='bbox 963 2475 1030 2554; x_wconf 78' lang='grc' dir='ltr'><strong><em>ἐξ</em></strong></span> <span class='ocrx_word' id='word_1_153' title='bbox 1068 2476 1278 2541; x_wconf 90' lang='grc' dir='ltr'><strong><em>αὐτοῦ</em></strong></span> <span class='ocrx_word' id='word_1_154' title='bbox 1313 2475 1892 2562; x_wconf 87' lang='grc' dir='ltr'><strong><em>προγεγενημένας</em></strong></span> <span class='ocrx_word' id='word_1_155' title='bbox 1918 2475 2298 2562; x_wconf 87' lang='grc' dir='ltr'><strong><em>εὐεργεσίας</em></strong></span> <span class='ocrx_word' id='word_1_156' title='bbox 2324 2487 2381 2527; x_wconf 76' lang='lat'><strong><em>2⁰</em></strong></span> 
     </span>
    </p>

    <p class='ocr_par' dir='ltr' id='par_1_5' title="bbox 302 2579 2411 2986">
     <span class='ocr_line' id='line_1_22' title="bbox 302 2579 2297 2668; baseline -0.001 -21"><span class='ocrx_word' id='word_1_157' title='bbox 302 2600 334 2646; x_wconf 84' lang='lat'>6</span> <span class='ocrx_word' id='word_1_158' title='bbox 370 2594 505 2647; x_wconf 82' lang='grc' dir='ltr'><strong><em>τῶν</em></strong></span> <span class='ocrx_word' id='word_1_159' title='bbox 541 2582 825 2668; x_wconf 77' lang='grc' dir='ltr'><strong><em>ὕστερον</em></strong></span> <span class='ocrx_word' id='word_1_160' title='bbox 861 2582 1301 2665; x_wconf 78' lang='grc' dir='ltr'><strong><em>ἀδικημάτων.</em></strong></span> <span class='ocrx_word' id='word_1_161' title='bbox 1382 2583 1859 2666; x_wconf 80' lang='grc' dir='ltr'><strong><em>διαβοηθείσης</em></strong></span> <span class='ocrx_word' id='word_1_162' title='bbox 1897 2579 1970 2647; x_wconf 75' lang='grc' dir='ltr'><strong><em>δὲ</em></strong></span> <span class='ocrx_word' id='word_1_163' title='bbox 2006 2591 2123 2665; x_wconf 93' lang='grc' dir='ltr'><strong><em>τῆς</em></strong></span> <span class='ocrx_word' id='word_1_164' title='bbox 2159 2581 2297 2647; x_wconf 82' lang='grc' dir='ltr'><strong><em>ἐπι-</em></strong></span> 
     </span>
     <span class='ocr_line' id='line_1_23' title="bbox 372 2687 2299 2772; baseline -0.002 -18"><span class='ocrx_word' id='word_1_165' title='bbox 372 2691 611 2764; x_wconf 86' lang='grc' dir='ltr'><strong><em>εικείας</em></strong></span> <span class='ocrx_word' id='word_1_166' title='bbox 676 2689 759 2753; x_wconf 92' lang='grc' dir='ltr'><strong><em>οὐ</em></strong></span> <span class='ocrx_word' id='word_1_167' title='bbox 820 2688 944 2771; x_wconf 79' lang='grc' dir='ltr'><strong><em>τὴν</em></strong></span> <span class='ocrx_word' id='word_1_168' title='bbox 997 2696 1334 2772; x_wconf 89' lang='grc' dir='ltr'><strong><em>τυχοῦσαν</em></strong></span> <span class='ocrx_word' id='word_1_169' title='bbox 1398 2687 1671 2754; x_wconf 76' lang='grc' dir='ltr'><strong><em>εὔνοιαν</em></strong></span> <span class='ocrx_word' id='word_1_170' title='bbox 1729 2689 1863 2772; x_wconf 72' lang='grc' dir='ltr'><strong><em>ἅμα</em></strong></span> <span class='ocrx_word' id='word_1_171' title='bbox 1926 2687 2037 2753; x_wconf 91' lang='grc' dir='ltr'><strong><em>καὶ</em></strong></span> <span class='ocrx_word' id='word_1_172' title='bbox 2093 2689 2299 2767; x_wconf 82' lang='grc' dir='ltr'><strong><em>δόξαν</em></strong></span> 
     </span>
     <span class='ocr_line' id='line_1_24' title="bbox 370 2793 2411 2881; baseline 0 -21"><span class='ocrx_word' id='word_1_173' title='bbox 370 2795 550 2880; x_wconf 81' lang='grc' dir='ltr'><strong><em>παρὰ</em></strong></span> <span class='ocrx_word' id='word_1_174' title='bbox 602 2806 738 2859; x_wconf 81' lang='grc' dir='ltr'><strong><em>τῶν</em></strong></span> <span class='ocrx_word' id='word_1_175' title='bbox 791 2793 1016 2860; x_wconf 80' lang='grc' dir='ltr'><strong><em>ἐθνῶν</em></strong></span> <span class='ocrx_word' id='word_1_176' title='bbox 1077 2793 1521 2878; x_wconf 87' lang='grc' dir='ltr'><strong><em>ἀπηνέγκατο,</em></strong></span> <span class='ocrx_word' id='word_1_177' title='bbox 1580 2796 1850 2860; x_wconf 89' lang='grc' dir='ltr'><strong><em>πάντων</em></strong></span> <span class='ocrx_word' id='word_1_178' title='bbox 1907 2798 2278 2881; x_wconf 86' lang='grc' dir='ltr'><strong><em>κρινόντων</em></strong></span> <span class='ocrx_word' id='word_1_179' title='bbox 2303 2810 2411 2860; x_wconf 76' lang='lat'><strong><em>142</em></strong></span> 
     </span>
     <span class='ocr_line' id='line_1_25' title="bbox 374 2897 2298 2986; baseline -0.002 -20"><span class='ocrx_word' id='word_1_180' title='bbox 374 2899 562 2978; x_wconf 77' lang='grc' dir='ltr'><strong><em>ἀξιον</em></strong></span> <span class='ocrx_word' id='word_1_181' title='bbox 608 2897 779 2966; x_wconf 84' lang='grc' dir='ltr'><strong><em>εἶναι</em></strong></span> <span class='ocrx_word' id='word_1_182' title='bbox 824 2909 940 2984; x_wconf 92' lang='grc' dir='ltr'><strong><em>τῆς</em></strong></span> <span class='ocrx_word' id='word_1_183' title='bbox 985 2904 1323 2984; x_wconf 89' lang='grc' dir='ltr'><strong><em>βασιλείας</em></strong></span> <span class='ocrx_word' id='word_1_184' title='bbox 1380 2903 1499 2967; x_wconf 88' lang='grc' dir='ltr'><strong><em>τὸν</em></strong></span> <span class='ocrx_word' id='word_1_185' title='bbox 1546 2901 1719 2967; x_wconf 81' lang='grc' dir='ltr'><strong><em>οὕτω</em></strong></span> <span class='ocrx_word' id='word_1_186' title='bbox 1765 2900 2298 2986; x_wconf 84' lang='grc' dir='ltr'><strong><em>προσενεχθέντα</em></strong></span> 
     </span>
    </p>

    <p class='ocr_par' dir='ltr' id='par_1_6' title="bbox 302 3003 2384 3199">
     <span class='ocr_line' id='line_1_26' title="bbox 302 3003 2384 3092; baseline -0.001 -19"><span class='ocrx_word' id='word_1_187' title='bbox 302 3024 333 3073; x_wconf 77' lang='lat' dir='ltr'><strong><em>‘l</em></strong></span> <span class='ocrx_word' id='word_1_188' title='bbox 373 3020 512 3087; x_wconf 82' lang='grc' dir='ltr'><strong><em>τοῖς</em></strong></span> <span class='ocrx_word' id='word_1_189' title='bbox 557 3009 969 3092; x_wconf 88' lang='grc' dir='ltr'><strong><em>ἀδικήσασιν.</em></strong></span> <span class='ocrx_word' id='word_1_190' title='bbox 1054 3007 1090 3073; x_wconf 87' lang='grc' dir='ltr'>ὁ</span> <span class='ocrx_word' id='word_1_191' title='bbox 1140 3005 1201 3072; x_wconf 86' lang='grc' dir='ltr'><strong><em>δ’</em></strong></span> <span class='ocrx_word' id='word_1_192' title='bbox 1249 3003 1375 3074; x_wconf 84' lang='grc' dir='ltr'><strong><em>οὖν</em></strong></span> <span class='ocrx_word' id='word_1_193' title='bbox 1413 3005 1735 3091; x_wconf 83' lang='grc' dir='ltr'><strong><em>Ἀρβάκης</em></strong></span> <span class='ocrx_word' id='word_1_194' title='bbox 1778 3019 1920 3084; x_wconf 82' lang='grc' dir='ltr'><strong><em>τοῖς</em></strong></span> <span class='ocrx_word' id='word_1_195' title='bbox 1963 3010 2131 3073; x_wconf 80' lang='grc' dir='ltr'><strong><em>κατὰ</em></strong></span> <span class='ocrx_word' id='word_1_196' title='bbox 2173 3007 2299 3090; x_wconf 79' lang='grc' dir='ltr'><strong><em>τὴν</em></strong></span> <span class='ocrx_word' id='word_1_197' title='bbox 2327 3022 2384 3063; x_wconf 72' lang='lat'><strong><em>25</em></strong></span> 
     </span>
     <span class='ocr_line' id='line_1_27' title="bbox 371 3108 2300 3199; baseline -0.003 -17"><span class='ocrx_word' id='word_1_198' title='bbox 371 3110 580 3183; x_wconf 83' lang='grc' dir='ltr'><strong><em>πόλιν</em></strong></span> <span class='ocrx_word' id='word_1_199' title='bbox 607 3114 906 3191; x_wconf 81' lang='grc' dir='ltr'><strong><em>ἐπιεικῶς</em></strong></span> <span class='ocrx_word' id='word_1_200' title='bbox 932 3111 1407 3199; x_wconf 86' lang='grc' dir='ltr'><strong><em>προσενεχθεὶς</em></strong></span> <span class='ocrx_word' id='word_1_201' title='bbox 1436 3112 1680 3188; x_wconf 84' lang='grc' dir='ltr'><strong><em>αὐτοὺς</em></strong></span> <span class='ocrx_word' id='word_1_202' title='bbox 1717 3108 1839 3195; x_wconf 76' lang='grc' dir='ltr'><strong><em>μὲν</em></strong></span> <span class='ocrx_word' id='word_1_203' title='bbox 1876 3113 2040 3177; x_wconf 80' lang='grc' dir='ltr'><strong><em>κατὰ</em></strong></span> <span class='ocrx_word' id='word_1_204' title='bbox 2075 3113 2300 3196; x_wconf 88' lang='grc' dir='ltr'><strong><em>κώμας</em></strong></span> 
     </span>
    </p>
   </div>
   <div class='ocr_carea' id='block_1_3' title="bbox 372 3337 2300 3620">
    <p class='ocr_par' dir='ltr' id='par_1_7' title="bbox 372 3337 2300 3615">
     <span class='ocr_line' id='line_1_28' title="bbox 518 3337 2300 3412; baseline -0.001 -16"><span class='ocrx_word' id='word_1_205' title='bbox 518 3349 546 3396; x_wconf 89' lang='grc'><strong><em>1</em></strong></span> <span class='ocrx_word' id='word_1_206' title='bbox 586 3338 742 3412; x_wconf 75' lang='grc' dir='ltr'><strong><em>παρὰ</em></strong></span> <span class='ocrx_word' id='word_1_207' title='bbox 778 3341 1165 3426; x_wconf 76' lang='lat' dir='ltr'><strong>D²,om.001·‚.</strong></span> <span class='ocrx_word' id='word_1_208' title='bbox 1312 3347 1345 3395; x_wconf 82' lang='lat'>2</span> <span class='ocrx_word' id='word_1_209' title='bbox 1386 3338 1776 3409; x_wconf 80' lang='grc' dir='ltr'><strong><em>διαδράσαντα</em></strong></span> <span class='ocrx_word' id='word_1_210' title='bbox 1804 3340 1853 3392; x_wconf 92' lang='lat' dir='ltr'>D</span> <span class='ocrx_word' id='word_1_211' title='bbox 2000 3346 2032 3394; x_wconf 84' lang='lat'>9</span> <span class='ocrx_word' id='word_1_212' title='bbox 2071 3338 2177 3412; x_wconf 80' lang='grc' dir='ltr'><strong><em>εἰς]</em></strong></span> <span class='ocrx_word' id='word_1_213' title='bbox 2217 3337 2300 3401; x_wconf 79' lang='grc' dir='ltr'><strong><em>εἰς</em></strong></span> 
     </span>
     <span class='ocr_line' id='line_1_29' title="bbox 375 3383 2296 3536; baseline -0.001 -71"><span class='ocrx_word' id='word_1_214' title='bbox 375 3410 474 3478; x_wconf 84' lang='grc' dir='ltr'><strong><em>τὴν</em></strong></span> <span class='ocrx_word' id='word_1_215' title='bbox 511 3414 665 3482; x_wconf 82' lang='lat' dir='ltr'><strong>vulg.</strong></span> <span class='ocrx_word' id='word_1_216' title='bbox 813 3383 878 3466; x_wconf 80' lang='grc'><strong><em>11</em></strong></span> <span class='ocrx_word' id='word_1_217' title='bbox 918 3404 1248 3481; x_wconf 82' lang='grc' dir='ltr'><strong><em>αὐτοφόρου</em></strong></span> <span class='ocrx_word' id='word_1_218' title='bbox 1288 3412 1407 3466; x_wconf 81' lang='lat' dir='ltr'><strong>cod.</strong></span> <span class='ocrx_word' id='word_1_219' title='bbox 1546 3407 2104 3536; x_wconf 56' lang='grc' dir='ltr'><strong><em>συναγωνιὲομένους</em></strong></span> <span class='ocrx_word' id='word_1_220' title='bbox 2139 3412 2296 3480; x_wconf 82' lang='lat' dir='ltr'><strong>vulg.</strong></span> 
     </span>
     <span class='ocr_line' id='line_1_30' title="bbox 376 3480 2296 3552; baseline 0.003 -20"><span class='ocrx_word' id='word_1_221' title='bbox 376 3487 444 3533; x_wconf 84' lang='lat'><strong><em>14</em></strong></span> <span class='ocrx_word' id='word_1_222' title='bbox 497 3484 634 3536; x_wconf 80' lang='grc' dir='ltr'><strong><em>κατέ</em></strong></span> <span class='ocrx_word' id='word_1_223' title='bbox 674 3502 753 3535; x_wconf 86' lang='grc' dir='ltr'><strong><em>νω</em></strong></span> <span class='ocrx_word' id='word_1_224' title='bbox 791 3480 1051 3537; x_wconf 86' lang='grc' dir='ltr'><strong><em>θάνατον</em></strong></span> <span class='ocrx_word' id='word_1_225' title='bbox 1089 3482 1241 3550; x_wconf 77' lang='lat' dir='ltr'>vulg.</span> <span class='ocrx_word' id='word_1_226' title='bbox 1392 3488 1458 3536; x_wconf 88' lang='lat'><strong><em>18</em></strong></span> <span class='ocrx_word' id='word_1_227' title='bbox 1516 3483 1793 3536; x_wconf 79' lang='grc' dir='ltr'><strong><em>δοθεῖσαν</em></strong></span> <span class='ocrx_word' id='word_1_228' title='bbox 1864 3483 1893 3547; x_wconf 76' lang='grc' dir='ltr'>ξ</span> <span class='ocrx_word' id='word_1_229' title='bbox 1931 3501 2111 3552; x_wconf 80' lang='grc' dir='ltr'><strong><em>αρχης</em></strong></span> <span class='ocrx_word' id='word_1_230' title='bbox 2143 3481 2296 3550; x_wconf 79' lang='lat' dir='ltr'><strong>vulg.</strong></span> 
     </span>
     <span class='ocr_line' id='line_1_31' title="bbox 372 3542 1254 3620; baseline 0.001 -16"><span class='ocrx_word' id='word_1_231' title='bbox 372 3553 441 3598; x_wconf 80' lang='lat'><strong><em>22</em></strong></span> <span class='ocrx_word' id='word_1_232' title='bbox 480 3542 597 3615; x_wconf 73' lang='grc' dir='ltr'><strong><em>ἅμα</em></strong></span> <span class='ocrx_word' id='word_1_233' title='bbox 685 3550 890 3620; x_wconf 85' lang='lat' dir='ltr'><strong>indorf‚</strong></span> <span class='ocrx_word' id='word_1_234' title='bbox 926 3548 1069 3606; x_wconf 79' lang='grc' dir='ltr'><strong><em>ἀλλὰ</em></strong></span> <span class='ocrx_word' id='word_1_235' title='bbox 1105 3551 1254 3607; x_wconf 87' lang='lat' dir='ltr'><strong>libri.</strong></span> 
     </span>
    </p>
   </div>
   <div class='ocr_carea' id='block_1_4' title="bbox 2565 105 2569 643">
    <p class='ocr_par' dir='ltr' id='par_1_8' title="bbox 2565 105 2569 643">
     <span class='ocr_line' id='line_1_32' title="bbox 2565 105 2569 643; baseline 0 0"><span class='ocrx_word' id='word_1_236' title='bbox 2565 105 2569 643; x_wconf 95' lang='lat' dir='ltr'><strong><em> </em></strong></span> 
     </span>
    </p>
   </div>
   <div class='ocr_carea' id='block_1_5' title="bbox 2566 1816 2569 2845">
    <p class='ocr_par' dir='ltr' id='par_1_9' title="bbox 2566 1816 2569 2845">
     <span class='ocr_line' id='line_1_33' title="bbox 2566 1816 2569 2845; baseline 0 0"><span class='ocrx_word' id='word_1_237' title='bbox 2566 1816 2569 2845; x_wconf 95' lang='lat' dir='ltr'><strong><em> </em></strong></span> 
     </span>
    </p>
   </div>
  </div>
 </body>
</html>
