2569 4061
340 231 477 296 200
1012 227 1320 284 DIODORI
1357 226 1589 283 SICULI

342 403 458 479 τῆς
505 394 789 474 ἐλπίδος,
838 390 1004 456 ἀλλὰ
1050 400 1185 455 τῶν
1232 388 1341 455 ἐπὶ
1386 392 1809 474 κατασκοπὴν
1856 389 2279 475 ἐκπεμφθέν-

343 525 477 566 των
539 508 678 574 τοῖς
742 497 977 573 Ἰνδοῖς
1050 496 1603 579 ἀπαγγελλόντων
1665 499 1740 562 τὸ
1815 502 2072 580 πλῆθος
2135 509 2279 562 τῶν

341 605 518 688 παρὰ
590 613 729 680 τοῖς
791 604 1130 688 πολεμίοις
1195 600 1609 687 ἐλεφάντων,
1684 604 1967 679 ἅπαντες
2040 602 2278 685 διηπο-

342 719 586 795 ροῦντο
641 712 858 776 πόθεν
913 709 1080 795 αὐτῇ
1136 712 1636 775 συνακολουθεῖ
1674 718 1954 775 τοσοῦτο
2012 713 2275 793 πλῆθος

271 837 306 887 8
343 820 624 903 θηρίων.
691 817 774 883 οὐ
821 816 954 901 μὴν
992 812 1214 899 ἔμεινέ
1255 837 1330 896 γε
1366 817 1442 880 τὸ
1489 816 1736 894 ψεῦδος
1773 819 1976 881 πλείω
2023 818 2273 900 χρόνον
2303 833 2337 872 5

340 926 825 1011 κρυπτόμενον·
881 933 1016 986 τῶν
1070 922 1198 1007 γὰρ
1252 922 1432 1006 παρὰ
1488 930 1567 1007 τῇ
1614 923 2020 1007 Σεμιράμιδι
2077 939 2272 1007 στρα-

340 1029 720 1116 τευομένων
765 1024 939 1105 τινὲς
983 1027 1505 1111 κατελήφθησαν
1546 1028 1785 1104 νυκτὸς
1832 1026 1906 1091 ἐν
1950 1037 2030 1112 τῇ
2078 1043 2272 1110 στρα-

340 1138 650 1221 τοπεδεία
698 1135 1166 1220 ῥᾳθυμοῦντες
1208 1134 1291 1197 τὰ
1326 1129 1477 1218 περὶ
1521 1134 1637 1211 τὰς
1683 1135 2010 1218 φυλακάς·
2059 1135 2273 1219 φοβη-

341 1240 577 1317 θέντες
597 1235 671 1304 δὲ
699 1240 824 1322 τὴν
846 1237 1445 1305 ἐπακολουθοῦσαν
1463 1243 1787 1327 τιμωρίαν
1804 1240 2272 1325 ηὐτομόλησαν

342 1349 509 1434 πρὸς
552 1347 710 1422 τοὺς
755 1347 1113 1431 πολεμίους
1157 1343 1268 1410 καὶ
1323 1346 1447 1428 τὴν
1490 1347 1654 1410 κατὰ
1699 1348 1857 1422 τοὺς
1905 1345 2267 1430 ἐλέφαντας
2299 1364 2360 1403 10

343 1454 606 1535 πλάνην
643 1451 1067 1536 ἀπήγγειλαν.
1135 1447 1241 1538 ἐφ’
1281 1444 1382 1530 οἷς
1417 1456 1765 1539 θαρρήσας
1802 1452 1837 1518 ὁ
1873 1464 2010 1519 τῶν
2042 1452 2272 1520 Ἰνδῶν

342 1562 657 1644 βασιλεὺς
708 1557 820 1624 καὶ
874 1568 953 1644 τῇ
1020 1541 1328 1644 δυνάμει]
1359 1561 1734 1644 διαγγείλας
1796 1561 1877 1626 τὰ
1933 1559 2085 1645 περὶ
2139 1570 2274 1625 τῶν

344 1666 674 1750 εἰδώλων,
722 1664 1118 1753 ἐπέστρεψεν
1174 1664 1280 1731 ἐπὶ
1327 1668 1484 1744 τοὺς
1524 1660 1916 1751 Ἀσσυρίους
1966 1665 2276 1744 διατάξας

345 1776 468 1858 τὴν
516 1776 823 1859 δύναμιν.

244 1880 327 1944 19
536 1882 627 1945 Τὸ
677 1875 739 1945 δ’
792 1879 954 1945 αὐτὸ
1000 1876 1113 1945 καὶ
1167 1886 1283 1961 τῆς
1327 1879 1781 1963 Σεμιράμιδος
1827 1878 2271 1963 ἐπιτελούσης,
2303 1894 2362 1934 15

226 1981 229 1986 ”
278 2032 283 2035 -
347 1988 436 2065 ὡς
481 1987 766 2071 ἤγγισαν
822 1985 1133 2077 ἀλλήλοις
1177 1985 1258 2050 τὰ
1307 1985 1751 2074 στρατόπεδα,
1798 1986 2274 2072 Σταβροβάτης

346 2095 383 2161 ὁ
430 2106 566 2160 τῶν
599 2091 834 2160 Ἰνδῶν
880 2095 1191 2178 βασιλεὺς
1235 2092 1710 2178 προαπέστειλε
1756 2096 1930 2160 πολὺ
1974 2096 2104 2180 πρὸ
2160 2104 2274 2177 τῆς

273 2223 305 2271 2
347 2202 689 2286 φάλαγγος
724 2203 881 2278 τοὺς
912 2201 1128 2277 ἱππεῖς
1165 2202 1326 2285 μετὰ
1353 2211 1487 2267 τῶν
1525 2199 1852 2288 ἁρμάτων.
1918 2199 2275 2284 δεξαμένης

347 2304 422 2373 δὲ
449 2316 564 2391 τῆς
591 2309 981 2391 βασιλίσσης
1018 2306 1368 2392 εὐρώστως
1393 2308 1517 2390 τὴν
1553 2308 1807 2391 ἔφοδον
1835 2317 1970 2372 τῶν
2000 2306 2272 2390 ἱππέων,

345 2413 459 2479 καὶ
512 2423 648 2478 τῶν
693 2411 1320 2496 κατεσκευασμένων
1374 2412 1756 2496 ἐλεφάντων
1801 2414 1929 2499 πρὸ
1976 2422 2092 2495 τῆς
2148 2414 2273 2499 φά-
2303 2427 2360 2467 2⁰

347 2523 594 2600 λαγγος
640 2518 714 2582 ἐν
761 2525 932 2594 ἴσοις
979 2519 1378 2602 διαστήμασι
1423 2517 1871 2601 τεταγμένων,
1920 2516 2275 2600 συνέβαινε

273 2647 307 2695 3
345 2623 720 2709 πτύρεσθαι
756 2626 915 2700 τοὺς
950 2633 1084 2687 τῶν
1126 2620 1360 2687 Ἰνδῶν
1407 2624 1666 2701 ἵππους.
1738 2624 1820 2687 τὰ
1865 2623 1991 2707 γὰρ
2030 2624 2275 2689 εἴδωλα

346 2733 704 2814 πόρρωθεν
750 2723 873 2812 μὲν
919 2728 1157 2813 ὁμοίαν
1207 2723 1339 2813 εἶχε
1383 2729 1507 2811 τὴν
1553 2731 1888 2815 πρόσοψιν
1932 2739 2072 2806 τοῖς
2119 2728 2275 2816 άλη-

346 2843 574 2914 θινοῖς
626 2836 923 2921 θηρίοις,
972 2825 1073 2912 οἷς
1130 2836 1452 2918 συνήθεις
1503 2836 1691 2913 ὄντες
1746 2837 2000 2902 οῖ’τῶν
2041 2832 2275 2902 Ἰνδῶν

346 2945 538 3010 ἵπποι
572 2943 1077 3030 τεθαρρηκότως
1112 2944 1598 3028 προσίππευον·
1646 2953 1786 3021 τοῖς
1826 2938 1888 3008 δ’
1931 2942 2274 3027 ἐγγίσασιν
2304 2957 2361 2997 25

345 3052 389 3136 ἥ
444 3074 514 3116 τε
570 3049 740 3135 ὀσμὴ
797 3048 1250 3135 προσέβαλλεν
1307 3047 1656 3134 ἀσυνήθης
1710 3048 1823 3115 καὶ
1878 3052 2083 3116 τᾶλλα
2135 3052 2274 3117 δια-

347 3160 571 3245 φορὰν
631 3160 865 3242 ἔχοντα
927 3156 1144 3221 πάντα
1201 3154 1592 3240 παμμεγέθη
1659 3155 1756 3239 [ἃ]
1819 3160 1977 3235 τοὺς
2035 3160 2276 3236 ἵππους

349 3264 719 3351 ὁλοσχερῶς
757 3263 1210 3348 συνετάραττε.
1287 3263 1393 3327 διὸ
1440 3260 1550 3329 καὶ
1595 3274 1730 3329 τῶν
1769 3257 2004 3330 Ἰνδῶν
2051 3265 2121 3330 οἰ
2153 3261 2275 3349 μὲν

348 3503 382 3538 ο
495 3427 547 3542 70
545 3417 1013 3541 1Ξῐιιατελήφθησάν
1051 3438 1199 3481 τινες
1233 3419 1387 3491 vulg.
1530 3426 1595 3475 16
1633 3415 1884 3489 ἀλλήλων
1923 3422 1974 3475 II
2103 3426 2168 3475 27
2208 3414 2272 3491 ἃ]

385 3504 459 3538 m.
604 3531 616 3542 .
