<?xml version="1.0" encoding="UTF-8"?>
<!DOCTYPE html PUBLIC "-//W3C//DTD XHTML 1.0 Transitional//EN"
    "http://www.w3.org/TR/xhtml1/DTD/xhtml1-transitional.dtd">
<html xmlns="http://www.w3.org/1999/xhtml" xml:lang="en" lang="en">
 <head>
  <title>
</title>
<meta http-equiv="Content-Type" content="text/html;charset=utf-8" />
  <meta name='ocr-system' content='tesseract 3.04.00' />
  <meta name='ocr-capabilities' content='ocr_page ocr_carea ocr_par ocr_line ocrx_word'/>
</head>
<body>
  <div class='ocr_page' id='page_1' title='image "./diodoribiblioth02dindgoog_0470.png"; bbox 0 0 2569 4061; ppageno 0'>
   <div class='ocr_carea' id='block_1_1' title="bbox 405 286 1650 355">
    <p class='ocr_par' dir='ltr' id='par_1_1' title="bbox 405 286 1650 355">
     <span class='ocr_line' id='line_1_1' title="bbox 405 286 1650 355; baseline -0.001 -13"><span class='ocrx_word' id='word_1_1' title='bbox 405 290 538 355; x_wconf 83' lang='lat'><strong><em>370</em></strong></span> <span class='ocrx_word' id='word_1_2' title='bbox 875 298 882 311; x_wconf 81' lang='lat'>¹</span> <span class='ocrx_word' id='word_1_3' title='bbox 1073 287 1383 343; x_wconf 88' lang='lat' dir='ltr'>DIODORI</span> <span class='ocrx_word' id='word_1_4' title='bbox 1418 286 1650 343; x_wconf 83' lang='lat' dir='ltr'>SICULI</span> 
     </span>
    </p>
   </div>
   <div class='ocr_carea' id='block_1_2' title="bbox 296 445 2434 3087">
    <p class='ocr_par' dir='ltr' id='par_1_2' title="bbox 397 445 2399 1065">
     <span class='ocr_line' id='line_1_2' title="bbox 400 445 2341 535; baseline -0.003 -17"><span class='ocrx_word' id='word_1_5' title='bbox 400 447 591 518; x_wconf 84' lang='grc' dir='ltr'><strong><em>οἶνον</em></strong></span> <span class='ocrx_word' id='word_1_6' title='bbox 638 452 903 535; x_wconf 84' lang='grc' dir='ltr'><strong><em>φύσεως</em></strong></span> <span class='ocrx_word' id='word_1_7' title='bbox 950 450 1317 534; x_wconf 78' lang='grc' dir='ltr'><strong><em>ἐπινοῆσαι,</em></strong></span> <span class='ocrx_word' id='word_1_8' title='bbox 1365 449 1607 534; x_wconf 85' lang='grc' dir='ltr'><strong><em>ὁμοίως</em></strong></span> <span class='ocrx_word' id='word_1_9' title='bbox 1655 445 1728 515; x_wconf 73' lang='grc' dir='ltr'><strong><em>δὲ</em></strong></span> <span class='ocrx_word' id='word_1_10' title='bbox 1772 447 1884 514; x_wconf 82' lang='grc' dir='ltr'><strong><em>καὶ</em></strong></span> <span class='ocrx_word' id='word_1_11' title='bbox 1928 459 2066 513; x_wconf 81' lang='grc' dir='ltr'><strong><em>τῶν</em></strong></span> <span class='ocrx_word' id='word_1_12' title='bbox 2105 449 2341 514; x_wconf 87' lang='grc' dir='ltr'><strong><em>σύκων</em></strong></span> 
     </span>
     <span class='ocr_line' id='line_1_3' title="bbox 399 553 2342 642; baseline -0.003 -18"><span class='ocrx_word' id='word_1_13' title='bbox 399 558 510 624; x_wconf 86' lang='grc' dir='ltr'><strong><em>καὶ</em></strong></span> <span class='ocrx_word' id='word_1_14' title='bbox 563 568 697 622; x_wconf 82' lang='grc' dir='ltr'><strong><em>τῶν</em></strong></span> <span class='ocrx_word' id='word_1_15' title='bbox 754 558 976 623; x_wconf 77' lang='grc' dir='ltr'><strong><em>ἄλλων</em></strong></span> <span class='ocrx_word' id='word_1_16' title='bbox 1023 557 1418 642; x_wconf 80' lang='grc' dir='ltr'><em>ἀκροδρύων</em></span> <span class='ocrx_word' id='word_1_17' title='bbox 1462 557 1587 638; x_wconf 82' lang='grc' dir='ltr'><strong><em>τὴν</em></strong></span> <span class='ocrx_word' id='word_1_18' title='bbox 1632 558 2069 638; x_wconf 80' lang='grc' dir='ltr'><strong><em>καθήκουσαν</em></strong></span> <span class='ocrx_word' id='word_1_19' title='bbox 2115 553 2342 640; x_wconf 87' lang='grc' dir='ltr'><strong><em>ἐπιμέ-</em></strong></span> 
     </span>
     <span class='ocr_line' id='line_1_4' title="bbox 397 660 2342 748; baseline -0.001 -19"><span class='ocrx_word' id='word_1_20' title='bbox 397 669 585 728; x_wconf 90' lang='grc' dir='ltr'><strong><em>λειαν</em></strong></span> <span class='ocrx_word' id='word_1_21' title='bbox 628 667 1063 748; x_wconf 84' lang='grc' dir='ltr'><strong><em>ποιήσασθαι,</em></strong></span> <span class='ocrx_word' id='word_1_22' title='bbox 1109 660 1220 729; x_wconf 84' lang='grc' dir='ltr'><strong><em>καὶ</em></strong></span> <span class='ocrx_word' id='word_1_23' title='bbox 1265 664 1569 727; x_wconf 79' lang='grc' dir='ltr'><strong><em>καθόλου</em></strong></span> <span class='ocrx_word' id='word_1_24' title='bbox 1614 663 1694 726; x_wconf 80' lang='grc' dir='ltr'><strong><em>τὰ</em></strong></span> <span class='ocrx_word' id='word_1_25' title='bbox 1730 661 1895 747; x_wconf 91' lang='grc' dir='ltr'><strong><em>πρὸς</em></strong></span> <span class='ocrx_word' id='word_1_26' title='bbox 1931 662 2055 743; x_wconf 82' lang='grc' dir='ltr'><strong><em>τὴν</em></strong></span> <span class='ocrx_word' id='word_1_27' title='bbox 2095 677 2342 743; x_wconf 89' lang='grc' dir='ltr'><strong><em>συγκο-</em></strong></span> 
     </span>
     <span class='ocr_line' id='line_1_5' title="bbox 398 767 2334 856; baseline 0.001 -24"><span class='ocrx_word' id='word_1_28' title='bbox 398 769 603 853; x_wconf 88' lang='grc' dir='ltr'><strong><em>μιδὴν</em></strong></span> <span class='ocrx_word' id='word_1_29' title='bbox 629 768 741 836; x_wconf 86' lang='grc' dir='ltr'><strong><em>καὶ</em></strong></span> <span class='ocrx_word' id='word_1_30' title='bbox 768 772 1147 856; x_wconf 79' lang='grc' dir='ltr'><strong><em>παράθεσιν</em></strong></span> <span class='ocrx_word' id='word_1_31' title='bbox 1181 769 1441 833; x_wconf 84' lang='grc' dir='ltr'><strong><em>τούτων</em></strong></span> <span class='ocrx_word' id='word_1_32' title='bbox 1477 777 1614 833; x_wconf 80' lang='grc' dir='ltr'><strong><em>τῶν</em></strong></span> <span class='ocrx_word' id='word_1_33' title='bbox 1649 777 1924 853; x_wconf 80' lang='grc' dir='ltr'><strong><em>καρπῶν</em></strong></span> <span class='ocrx_word' id='word_1_34' title='bbox 1963 767 2334 850; x_wconf 81' lang='grc' dir='ltr'><strong><em>ἐπινοῆσαι.</em></strong></span> 
     </span>
     <span class='ocr_line' id='line_1_6' title="bbox 397 873 2399 957; baseline -0.002 -17"><span class='ocrx_word' id='word_1_35' title='bbox 397 877 517 940; x_wconf 91' lang='grc' dir='ltr'><strong><em>τὸν</em></strong></span> <span class='ocrx_word' id='word_1_36' title='bbox 577 877 784 943; x_wconf 86' lang='grc' dir='ltr'><strong><em>αὐτὸν</em></strong></span> <span class='ocrx_word' id='word_1_37' title='bbox 845 873 920 943; x_wconf 72' lang='grc' dir='ltr'><strong><em>δὲ</em></strong></span> <span class='ocrx_word' id='word_1_38' title='bbox 983 873 1094 941; x_wconf 84' lang='grc' dir='ltr'><strong><em>καὶ</em></strong></span> <span class='ocrx_word' id='word_1_39' title='bbox 1157 875 1613 957; x_wconf 81' lang='grc' dir='ltr'><strong><em>καταπώγωνα</em></strong></span> <span class='ocrx_word' id='word_1_40' title='bbox 1677 873 1949 956; x_wconf 86' lang='grc' dir='ltr'><strong><em>λέγουσι</em></strong></span> <span class='ocrx_word' id='word_1_41' title='bbox 2012 873 2339 957; x_wconf 86' lang='grc' dir='ltr'><strong><em>γενέσθαι</em></strong></span> <span class='ocrx_word' id='word_1_42' title='bbox 2368 894 2399 935; x_wconf 82' lang='lat'><strong>5</strong></span> 
     </span>
     <span class='ocr_line' id='line_1_7' title="bbox 402 976 2369 1065; baseline -0.001 -19"><span class='ocrx_word' id='word_1_43' title='bbox 402 982 515 1046; x_wconf 77' lang='grc' dir='ltr'><strong><em>διὰ</em></strong></span> <span class='ocrx_word' id='word_1_44' title='bbox 550 984 626 1048; x_wconf 87' lang='grc' dir='ltr'><strong><em>τὸ</em></strong></span> <span class='ocrx_word' id='word_1_45' title='bbox 664 995 804 1060; x_wconf 90' lang='grc' dir='ltr'><strong><em>τοῖς</em></strong></span> <span class='ocrx_word' id='word_1_46' title='bbox 833 981 1071 1058; x_wconf 78' lang='grc' dir='ltr'><strong><em>Ἰνδοῖς</em></strong></span> <span class='ocrx_word' id='word_1_47' title='bbox 1105 983 1394 1065; x_wconf 87' lang='grc' dir='ltr'><strong><em>νόμιμον</em></strong></span> <span class='ocrx_word' id='word_1_48' title='bbox 1438 976 1610 1046; x_wconf 81' lang='grc' dir='ltr'><strong><em>εἶναι</em></strong></span> <span class='ocrx_word' id='word_1_49' title='bbox 1647 978 1837 1065; x_wconf 89' lang='grc' dir='ltr'><strong><em>μέχρι</em></strong></span> <span class='ocrx_word' id='word_1_50' title='bbox 1873 989 1988 1063; x_wconf 89' lang='grc' dir='ltr'><strong><em>τῆς</em></strong></span> <span class='ocrx_word' id='word_1_51' title='bbox 2026 985 2369 1065; x_wconf 39' lang='grc' dir='ltr'><strong><em>τελευτῆς,</em></strong></span> 
     </span>
    </p>

    <p class='ocr_par' dir='ltr' id='par_1_3' title="bbox 328 1082 2417 1812">
     <span class='ocr_line' id='line_1_8' title="bbox 328 1082 2334 1173; baseline -0.003 -14"><span class='ocrx_word' id='word_1_52' title='bbox 328 1112 362 1159; x_wconf 84' lang='grc'>4</span> <span class='ocrx_word' id='word_1_53' title='bbox 400 1088 721 1173; x_wconf 79' lang='grc' dir='ltr'><strong><em>ἐπιμελῶς</em></strong></span> <span class='ocrx_word' id='word_1_54' title='bbox 782 1086 1187 1172; x_wconf 79' lang='grc' dir='ltr'><strong><em>ὑποτρέφειν</em></strong></span> <span class='ocrx_word' id='word_1_55' title='bbox 1250 1089 1409 1164; x_wconf 85' lang='grc' dir='ltr'><strong><em>τοὺς</em></strong></span> <span class='ocrx_word' id='word_1_56' title='bbox 1474 1089 1811 1169; x_wconf 76' lang='grc' dir='ltr'><strong><em>πώγωνας.</em></strong></span> <span class='ocrx_word' id='word_1_57' title='bbox 1903 1089 2024 1152; x_wconf 89' lang='grc' dir='ltr'><strong><em>τὸν</em></strong></span> <span class='ocrx_word' id='word_1_58' title='bbox 2089 1084 2151 1152; x_wconf 88' lang='grc' dir='ltr'><strong><em>δ’</em></strong></span> <span class='ocrx_word' id='word_1_59' title='bbox 2205 1082 2334 1153; x_wconf 84' lang='grc' dir='ltr'><strong><em>οὖν</em></strong></span> 
     </span>
     <span class='ocr_line' id='line_1_9' title="bbox 398 1191 2332 1277; baseline 0.001 -20"><span class='ocrx_word' id='word_1_60' title='bbox 398 1197 744 1259; x_wconf 88' lang='grc' dir='ltr'><strong><em>Διόνυσον</em></strong></span> <span class='ocrx_word' id='word_1_61' title='bbox 800 1193 1168 1258; x_wconf 83' lang='grc' dir='ltr'><strong><em>ἐπελθόντα</em></strong></span> <span class='ocrx_word' id='word_1_62' title='bbox 1226 1194 1388 1277; x_wconf 80' lang='grc' dir='ltr'><strong><em>μετὰ</em></strong></span> <span class='ocrx_word' id='word_1_63' title='bbox 1445 1191 1897 1274; x_wconf 89' lang='grc' dir='ltr'><strong><em>στρατοπέδου</em></strong></span> <span class='ocrx_word' id='word_1_64' title='bbox 1943 1202 2165 1258; x_wconf 83' lang='grc' dir='ltr'><strong><em>πᾶσαν</em></strong></span> <span class='ocrx_word' id='word_1_65' title='bbox 2208 1193 2332 1276; x_wconf 81' lang='grc' dir='ltr'><strong><em>τὴν</em></strong></span> 
     </span>
     <span class='ocr_line' id='line_1_10' title="bbox 397 1297 2331 1383; baseline -0.001 -19"><span class='ocrx_word' id='word_1_66' title='bbox 397 1298 800 1383; x_wconf 79' lang='grc' dir='ltr'><strong><em>οἰκουμένην</em></strong></span> <span class='ocrx_word' id='word_1_67' title='bbox 865 1297 1128 1376; x_wconf 78' lang='grc' dir='ltr'><strong><em>διδάξαι</em></strong></span> <span class='ocrx_word' id='word_1_68' title='bbox 1190 1301 1315 1382; x_wconf 84' lang='grc' dir='ltr'><strong><em>τήν</em></strong></span> <span class='ocrx_word' id='word_1_69' title='bbox 1379 1322 1448 1364; x_wconf 90' lang='grc' dir='ltr'><strong><em>τε</em></strong></span> <span class='ocrx_word' id='word_1_70' title='bbox 1514 1301 1797 1383; x_wconf 86' lang='grc' dir='ltr'><strong><em>φυτείαν</em></strong></span> <span class='ocrx_word' id='word_1_71' title='bbox 1855 1307 1971 1383; x_wconf 87' lang='grc' dir='ltr'><strong><em>τῆς</em></strong></span> <span class='ocrx_word' id='word_1_72' title='bbox 2033 1297 2331 1383; x_wconf 83' lang='grc' dir='ltr'><strong><em>ἀμπέλου</em></strong></span> 
     </span>
     <span class='ocr_line' id='line_1_11' title="bbox 396 1403 2417 1492; baseline -0.002 -22"><span class='ocrx_word' id='word_1_73' title='bbox 396 1403 506 1470; x_wconf 86' lang='grc' dir='ltr'><strong><em>καὶ</em></strong></span> <span class='ocrx_word' id='word_1_74' title='bbox 564 1406 687 1490; x_wconf 83' lang='grc' dir='ltr'><strong><em>τὴν</em></strong></span> <span class='ocrx_word' id='word_1_75' title='bbox 747 1404 821 1470; x_wconf 86' lang='grc' dir='ltr'><strong><em>ἐν</em></strong></span> <span class='ocrx_word' id='word_1_76' title='bbox 877 1415 1024 1482; x_wconf 88' lang='grc' dir='ltr'><strong><em>ταῖς</em></strong></span> <span class='ocrx_word' id='word_1_77' title='bbox 1081 1410 1312 1490; x_wconf 77' lang='grc' dir='ltr'><strong><em>ληνοῖς</em></strong></span> <span class='ocrx_word' id='word_1_78' title='bbox 1372 1405 1742 1484; x_wconf 81' lang='grc' dir='ltr'><strong><em>ἀπόθλιψιν</em></strong></span> <span class='ocrx_word' id='word_1_79' title='bbox 1800 1415 1936 1470; x_wconf 83' lang='grc' dir='ltr'><strong><em>τῶν</em></strong></span> <span class='ocrx_word' id='word_1_80' title='bbox 1997 1407 2329 1492; x_wconf 82' lang='grc' dir='ltr'><strong><em>βοτρύων·</em></strong></span> <span class='ocrx_word' id='word_1_81' title='bbox 2362 1427 2417 1466; x_wconf 86' lang='lat'><strong><em>10</em></strong></span> 
     </span>
     <span class='ocr_line' id='line_1_12' title="bbox 397 1505 2331 1597; baseline 0.001 -21"><span class='ocrx_word' id='word_1_82' title='bbox 397 1505 513 1595; x_wconf 84' lang='grc' dir='ltr'><strong><em>ἀφ’</em></strong></span> <span class='ocrx_word' id='word_1_83' title='bbox 578 1506 660 1577; x_wconf 82' lang='grc' dir='ltr'><strong><em>οὗ</em></strong></span> <span class='ocrx_word' id='word_1_84' title='bbox 727 1516 1031 1596; x_wconf 79' lang='grc' dir='ltr'><strong><em>Ληναῖον</em></strong></span> <span class='ocrx_word' id='word_1_85' title='bbox 1096 1512 1303 1578; x_wconf 81' lang='grc' dir='ltr'><strong><em>αὐτὸν</em></strong></span> <span class='ocrx_word' id='word_1_86' title='bbox 1370 1512 1852 1597; x_wconf 88' lang='grc' dir='ltr'><strong><em>ὀνομασθῆναι.</em></strong></span> <span class='ocrx_word' id='word_1_87' title='bbox 1947 1511 2192 1597; x_wconf 86' lang='grc' dir='ltr'><strong><em>ὁμοίως</em></strong></span> <span class='ocrx_word' id='word_1_88' title='bbox 2258 1509 2331 1578; x_wconf 77' lang='grc' dir='ltr'><strong><em>δὲ</em></strong></span> 
     </span>
     <span class='ocr_line' id='line_1_13' title="bbox 396 1617 2330 1704; baseline 0.001 -21"><span class='ocrx_word' id='word_1_89' title='bbox 396 1617 508 1683; x_wconf 84' lang='grc' dir='ltr'><strong><em>καὶ</em></strong></span> <span class='ocrx_word' id='word_1_90' title='bbox 561 1630 697 1685; x_wconf 80' lang='grc' dir='ltr'><strong><em>τῶν</em></strong></span> <span class='ocrx_word' id='word_1_91' title='bbox 753 1620 974 1684; x_wconf 77' lang='grc' dir='ltr'><strong><em>ἄλλων</em></strong></span> <span class='ocrx_word' id='word_1_92' title='bbox 1028 1619 1421 1704; x_wconf 80' lang='grc' dir='ltr'><strong><em>εὑρημάτων</em></strong></span> <span class='ocrx_word' id='word_1_93' title='bbox 1476 1620 1844 1703; x_wconf 86' lang='grc' dir='ltr'><strong><em>μεταδόντα</em></strong></span> <span class='ocrx_word' id='word_1_94' title='bbox 1897 1627 2060 1683; x_wconf 82' lang='grc' dir='ltr'><strong><em>πᾶσι</em></strong></span> <span class='ocrx_word' id='word_1_95' title='bbox 2105 1630 2330 1704; x_wconf 78' lang='grc' dir='ltr'><strong><em>τυχεῖν</em></strong></span> 
     </span>
     <span class='ocr_line' id='line_1_14' title="bbox 398 1724 2330 1812; baseline 0 -22"><span class='ocrx_word' id='word_1_96' title='bbox 398 1725 603 1792; x_wconf 86' lang='grc' dir='ltr'><strong><em>αὐτὸν</em></strong></span> <span class='ocrx_word' id='word_1_97' title='bbox 650 1727 812 1812; x_wconf 78' lang='grc' dir='ltr'><strong><em>μετὰ</em></strong></span> <span class='ocrx_word' id='word_1_98' title='bbox 856 1727 979 1808; x_wconf 82' lang='grc' dir='ltr'><strong><em>τὴν</em></strong></span> <span class='ocrx_word' id='word_1_99' title='bbox 1017 1724 1082 1803; x_wconf 81' lang='grc' dir='ltr'><strong><em>ἐξ</em></strong></span> <span class='ocrx_word' id='word_1_100' title='bbox 1121 1725 1505 1810; x_wconf 80' lang='grc' dir='ltr'><strong><em>ἀνθρώπων</em></strong></span> <span class='ocrx_word' id='word_1_101' title='bbox 1543 1725 1944 1809; x_wconf 90' lang='grc' dir='ltr'><strong><em>μετάστασιν</em></strong></span> <span class='ocrx_word' id='word_1_102' title='bbox 1982 1724 2330 1790; x_wconf 82' lang='grc' dir='ltr'><strong><em>ἀθανάτου</em></strong></span> 
     </span>
    </p>

    <p class='ocr_par' dir='ltr' id='par_1_4' title="bbox 327 1826 2416 2346">
     <span class='ocr_line' id='line_1_15' title="bbox 327 1826 2323 1919; baseline -0.004 -17"><span class='ocrx_word' id='word_1_103' title='bbox 327 1855 359 1902; x_wconf 84' lang='lat'>5</span> <span class='ocrx_word' id='word_1_104' title='bbox 396 1842 588 1917; x_wconf 88' lang='grc' dir='ltr'><strong><em>τιμῆς</em></strong></span> <span class='ocrx_word' id='word_1_105' title='bbox 632 1834 812 1919; x_wconf 83' lang='grc' dir='ltr'><strong><em>παρὰ</em></strong></span> <span class='ocrx_word' id='word_1_106' title='bbox 856 1844 996 1909; x_wconf 87' lang='grc' dir='ltr'><strong><em>τοῖς</em></strong></span> <span class='ocrx_word' id='word_1_107' title='bbox 1042 1826 1117 1897; x_wconf 84' lang='grc' dir='ltr'><strong><em>εὖ</em></strong></span> <span class='ocrx_word' id='word_1_108' title='bbox 1163 1837 1523 1896; x_wconf 83' lang='grc' dir='ltr'><strong><em>παθοῦσιν.</em></strong></span> <span class='ocrx_word' id='word_1_109' title='bbox 1600 1832 2000 1896; x_wconf 82' lang='grc' dir='ltr'><strong><em>δείκνυσθαι</em></strong></span> <span class='ocrx_word' id='word_1_110' title='bbox 2047 1826 2121 1895; x_wconf 74' lang='grc' dir='ltr'><strong><em>δὲ</em></strong></span> <span class='ocrx_word' id='word_1_111' title='bbox 2163 1842 2323 1916; x_wconf 87' lang='grc' dir='ltr'><strong><em>παρ’</em></strong></span> 
     </span>
     <span class='ocr_line' id='line_1_16' title="bbox 389 1928 2416 2025; baseline -0.003 -20"><span class='ocrx_word' id='word_1_112' title='bbox 389 1938 627 2018; x_wconf 86' lang='grc' dir='ltr'><strong><em>Ἰνδοῖς</em></strong></span> <span class='ocrx_word' id='word_1_113' title='bbox 682 1938 872 2025; x_wconf 88' lang='grc' dir='ltr'><strong><em>μέχρι</em></strong></span> <span class='ocrx_word' id='word_1_114' title='bbox 924 1947 1046 2004; x_wconf 89' lang='grc' dir='ltr'><strong><em>τοῦ</em></strong></span> <span class='ocrx_word' id='word_1_115' title='bbox 1101 1946 1231 2003; x_wconf 91' lang='grc' dir='ltr'><strong><em>νῦν</em></strong></span> <span class='ocrx_word' id='word_1_116' title='bbox 1284 1940 1404 2003; x_wconf 91' lang='grc' dir='ltr'><strong><em>τόν</em></strong></span> <span class='ocrx_word' id='word_1_117' title='bbox 1458 1960 1528 2002; x_wconf 90' lang='grc' dir='ltr'><strong><em>τε</em></strong></span> <span class='ocrx_word' id='word_1_118' title='bbox 1582 1940 1792 2003; x_wconf 88' lang='grc' dir='ltr'><strong><em>τόπον</em></strong></span> <span class='ocrx_word' id='word_1_119' title='bbox 1850 1937 1923 2003; x_wconf 88' lang='grc' dir='ltr'><strong><em>ἐν</em></strong></span> <span class='ocrx_word' id='word_1_120' title='bbox 1979 1928 2030 2024; x_wconf 72' lang='grc' dir='ltr'><em>ᾧ</em></span> <span class='ocrx_word' id='word_1_121' title='bbox 2075 1935 2324 2021; x_wconf 80' lang='grc' dir='ltr'><strong><em>συνέβη</em></strong></span> <span class='ocrx_word' id='word_1_122' title='bbox 2358 1973 2416 2014; x_wconf 77' lang='lat'><strong><em>15</em></strong></span> 
     </span>
     <span class='ocr_line' id='line_1_17' title="bbox 396 2041 2320 2130; baseline -0.002 -17"><span class='ocrx_word' id='word_1_123' title='bbox 396 2047 715 2130; x_wconf 88' lang='grc' dir='ltr'><strong><em>γενέσθαι</em></strong></span> <span class='ocrx_word' id='word_1_124' title='bbox 779 2048 898 2112; x_wconf 90' lang='grc' dir='ltr'><strong><em>τὸν</em></strong></span> <span class='ocrx_word' id='word_1_125' title='bbox 960 2047 1129 2111; x_wconf 87' lang='grc' dir='ltr'><strong><em>θεὸν</em></strong></span> <span class='ocrx_word' id='word_1_126' title='bbox 1191 2042 1304 2110; x_wconf 84' lang='grc' dir='ltr'><strong><em>καὶ</em></strong></span> <span class='ocrx_word' id='word_1_127' title='bbox 1368 2048 1822 2130; x_wconf 81' lang='grc' dir='ltr'><strong><em>προσηγορίας</em></strong></span> <span class='ocrx_word' id='word_1_128' title='bbox 1886 2048 2144 2111; x_wconf 90' lang='grc' dir='ltr'><strong><em>πόλεων</em></strong></span> <span class='ocrx_word' id='word_1_129' title='bbox 2211 2041 2320 2109; x_wconf 84' lang='grc' dir='ltr'><strong><em>ἀπ’</em></strong></span> 
     </span>
     <span class='ocr_line' id='line_1_18' title="bbox 398 2149 2331 2241; baseline -0.001 -23"><span class='ocrx_word' id='word_1_130' title='bbox 398 2151 811 2241; x_wconf 62' lang='grc' dir='ltr'><strong><em>αὐτοῦζκατά</em></strong></span> <span class='ocrx_word' id='word_1_131' title='bbox 846 2154 970 2237; x_wconf 80' lang='grc' dir='ltr'><strong><em>τὴν</em></strong></span> <span class='ocrx_word' id='word_1_132' title='bbox 1006 2163 1141 2217; x_wconf 81' lang='grc' dir='ltr'><strong><em>τῶν</em></strong></span> <span class='ocrx_word' id='word_1_133' title='bbox 1179 2150 1517 2235; x_wconf 81' lang='grc' dir='ltr'><strong><em>ἐγχωρίων</em></strong></span> <span class='ocrx_word' id='word_1_134' title='bbox 1556 2152 1935 2217; x_wconf 91' lang='grc' dir='ltr'><strong><em>διάλεκτον·</em></strong></span> <span class='ocrx_word' id='word_1_135' title='bbox 1970 2149 2082 2216; x_wconf 86' lang='grc' dir='ltr'><strong><em>καὶ</em></strong></span> <span class='ocrx_word' id='word_1_136' title='bbox 2118 2152 2331 2217; x_wconf 78' lang='grc' dir='ltr'><strong><em>πολλὰ</em></strong></span> 
     </span>
     <span class='ocr_line' id='line_1_19' title="bbox 397 2254 2331 2346; baseline -0.001 -22"><span class='ocrx_word' id='word_1_137' title='bbox 397 2258 585 2346; x_wconf 79' lang='grc' dir='ltr'><strong><em>ἕτερα</em></strong></span> <span class='ocrx_word' id='word_1_138' title='bbox 626 2258 966 2345; x_wconf 89' lang='grc' dir='ltr'><strong><em>διαμένειν</em></strong></span> <span class='ocrx_word' id='word_1_139' title='bbox 1012 2258 1324 2340; x_wconf 84' lang='grc' dir='ltr'><strong><em>ἀξιόλογα</em></strong></span> <span class='ocrx_word' id='word_1_140' title='bbox 1368 2260 1687 2343; x_wconf 84' lang='grc' dir='ltr'><strong><em>τεκμήρια</em></strong></span> <span class='ocrx_word' id='word_1_141' title='bbox 1731 2266 1847 2341; x_wconf 90' lang='grc' dir='ltr'><strong><em>τῆς</em></strong></span> <span class='ocrx_word' id='word_1_142' title='bbox 1891 2256 2045 2343; x_wconf 87' lang='grc' dir='ltr'><strong><em>παρ’</em></strong></span> <span class='ocrx_word' id='word_1_143' title='bbox 2094 2254 2331 2334; x_wconf 85' lang='grc' dir='ltr'><strong><em>Ἰνδοῖς</em></strong></span> 
     </span>
    </p>

    <p class='ocr_par' dir='ltr' id='par_1_5' title="bbox 296 2360 2434 3087">
     <span class='ocr_line' id='line_1_20' title="bbox 296 2360 2329 2453; baseline -0.001 -23"><span class='ocrx_word' id='word_1_144' title='bbox 296 2367 383 2430; x_wconf 84' lang='lat'><strong><em>64</em></strong></span> <span class='ocrx_word' id='word_1_145' title='bbox 403 2367 744 2449; x_wconf 86' lang='grc' dir='ltr'><strong><em>γενέσεως,</em></strong></span> <span class='ocrx_word' id='word_1_146' title='bbox 792 2365 944 2453; x_wconf 83' lang='grc' dir='ltr'><strong><em>περὶ</em></strong></span> <span class='ocrx_word' id='word_1_147' title='bbox 990 2360 1086 2430; x_wconf 82' lang='grc' dir='ltr'><strong><em>ὧν</em></strong></span> <span class='ocrx_word' id='word_1_148' title='bbox 1132 2365 1387 2450; x_wconf 87' lang='grc' dir='ltr'><strong><em>μακρὸν</em></strong></span> <span class='ocrx_word' id='word_1_149' title='bbox 1433 2362 1518 2428; x_wconf 73' lang='grc' dir='ltr'><strong><em>ἀν</em></strong></span> <span class='ocrx_word' id='word_1_150' title='bbox 1564 2370 1665 2448; x_wconf 78' lang='grc' dir='ltr'><strong><em>εἴη</em></strong></span> <span class='ocrx_word' id='word_1_151' title='bbox 1712 2364 2015 2448; x_wconf 85' lang='grc' dir='ltr'><strong><em>γράφειν.</em></strong></span> <span class='ocrx_word' id='word_1_152' title='bbox 2110 2365 2329 2429; x_wconf 84' lang='grc' dir='ltr'><strong><em>δεύτε-</em></strong></span> 
     </span>
     <span class='ocr_line' id='line_1_21' title="bbox 399 2469 2410 2557; baseline -0.001 -20"><span class='ocrx_word' id='word_1_153' title='bbox 399 2495 524 2553; x_wconf 89' lang='grc' dir='ltr'><strong><em>ρον</em></strong></span> <span class='ocrx_word' id='word_1_154' title='bbox 586 2469 660 2538; x_wconf 73' lang='grc' dir='ltr'><strong><em>δὲ</em></strong></span> <span class='ocrx_word' id='word_1_155' title='bbox 723 2477 1187 2557; x_wconf 87' lang='grc' dir='ltr'><strong><em>μυθολογοῦσι</em></strong></span> <span class='ocrx_word' id='word_1_156' title='bbox 1247 2469 1569 2552; x_wconf 82' lang='grc' dir='ltr'><strong><em>γενέσθαι</em></strong></span> <span class='ocrx_word' id='word_1_157' title='bbox 1628 2473 1976 2535; x_wconf 87' lang='grc' dir='ltr'><strong><em>Διόνυσον</em></strong></span> <span class='ocrx_word' id='word_1_158' title='bbox 2036 2470 2109 2535; x_wconf 89' lang='grc' dir='ltr'><strong><em>ἐκ</em></strong></span> <span class='ocrx_word' id='word_1_159' title='bbox 2133 2505 2139 2510; x_wconf 86' lang='grc'><em>·</em></span> <span class='ocrx_word' id='word_1_160' title='bbox 2162 2471 2331 2547; x_wconf 89' lang='grc' dir='ltr'><strong><em>Διὸς</em></strong></span> <span class='ocrx_word' id='word_1_161' title='bbox 2356 2506 2410 2547; x_wconf 77' lang='lat'><strong><em>20</em></strong></span> 
     </span>
     <span class='ocr_line' id='line_1_22' title="bbox 396 2574 2330 2662; baseline 0.001 -21"><span class='ocrx_word' id='word_1_162' title='bbox 396 2576 509 2641; x_wconf 87' lang='grc' dir='ltr'><strong><em>καὶ</em></strong></span> <span class='ocrx_word' id='word_1_163' title='bbox 554 2579 1007 2662; x_wconf 87' lang='grc' dir='ltr'><strong><em>Φερσεφόνης,</em></strong></span> <span class='ocrx_word' id='word_1_164' title='bbox 1056 2576 1145 2652; x_wconf 80' lang='grc' dir='ltr'><strong><em>ὡς</em></strong></span> <span class='ocrx_word' id='word_1_165' title='bbox 1185 2574 1264 2640; x_wconf 88' lang='grc' dir='ltr'><strong><em>δέ</em></strong></span> <span class='ocrx_word' id='word_1_166' title='bbox 1297 2598 1494 2659; x_wconf 90' lang='grc' dir='ltr'><strong><em>τινες,</em></strong></span> <span class='ocrx_word' id='word_1_167' title='bbox 1534 2576 1606 2641; x_wconf 91' lang='grc' dir='ltr'><strong><em>ἐκ</em></strong></span> <span class='ocrx_word' id='word_1_168' title='bbox 1642 2579 2013 2661; x_wconf 83' lang='grc' dir='ltr'><strong><em>Δήμητρος.</em></strong></span> <span class='ocrx_word' id='word_1_169' title='bbox 2087 2585 2330 2642; x_wconf 90' lang='grc' dir='ltr'><strong><em>τοῦτον</em></strong></span> 
     </span>
     <span class='ocr_line' id='line_1_23' title="bbox 399 2678 2327 2768; baseline 0.001 -23"><span class='ocrx_word' id='word_1_170' title='bbox 399 2678 474 2745; x_wconf 78' lang='grc' dir='ltr'><strong><em>δὲ</em></strong></span> <span class='ocrx_word' id='word_1_171' title='bbox 529 2683 1009 2767; x_wconf 87' lang='grc' dir='ltr'><strong><em>παρεισάγουσι</em></strong></span> <span class='ocrx_word' id='word_1_172' title='bbox 1064 2692 1334 2766; x_wconf 85' lang='grc' dir='ltr'><strong><em>πρῶτον</em></strong></span> <span class='ocrx_word' id='word_1_173' title='bbox 1380 2684 1545 2765; x_wconf 86' lang='grc' dir='ltr'><strong><em>βοῦς</em></strong></span> <span class='ocrx_word' id='word_1_174' title='bbox 1589 2680 1703 2747; x_wconf 86' lang='grc' dir='ltr'><strong><em>ὑπ’</em></strong></span> <span class='ocrx_word' id='word_1_175' title='bbox 1756 2682 2044 2768; x_wconf 75' lang='grc' dir='ltr'><strong><em>ἄροτρον</em></strong></span> <span class='ocrx_word' id='word_1_176' title='bbox 2094 2683 2327 2765; x_wconf 82' lang='grc' dir='ltr'><strong><em>ζεῦξαι,</em></strong></span> 
     </span>
     <span class='ocr_line' id='line_1_24' title="bbox 397 2785 2329 2874; baseline 0.001 -23"><span class='ocrx_word' id='word_1_177' title='bbox 397 2789 473 2853; x_wconf 87' lang='grc' dir='ltr'><strong><em>τὸ</em></strong></span> <span class='ocrx_word' id='word_1_178' title='bbox 537 2788 666 2873; x_wconf 89' lang='grc' dir='ltr'><strong><em>πρὸ</em></strong></span> <span class='ocrx_word' id='word_1_179' title='bbox 731 2797 853 2853; x_wconf 92' lang='grc' dir='ltr'><strong><em>τοῦ</em></strong></span> <span class='ocrx_word' id='word_1_180' title='bbox 915 2798 1060 2864; x_wconf 90' lang='grc' dir='ltr'><strong><em>ταῖς</em></strong></span> <span class='ocrx_word' id='word_1_181' title='bbox 1121 2785 1311 2873; x_wconf 86' lang='grc' dir='ltr'><strong><em>χερσὶ</em></strong></span> <span class='ocrx_word' id='word_1_182' title='bbox 1374 2798 1510 2852; x_wconf 81' lang='grc' dir='ltr'><strong><em>τῶν</em></strong></span> <span class='ocrx_word' id='word_1_183' title='bbox 1570 2786 1951 2874; x_wconf 81' lang='grc' dir='ltr'><strong><em>ἀνθρώπων</em></strong></span> <span class='ocrx_word' id='word_1_184' title='bbox 2014 2789 2139 2873; x_wconf 83' lang='grc' dir='ltr'><strong><em>τὴν</em></strong></span> <span class='ocrx_word' id='word_1_185' title='bbox 2202 2798 2329 2872; x_wconf 91' lang='grc' dir='ltr'><strong><em>γῆν</em></strong></span> 
     </span>
     <span class='ocr_line' id='line_1_25' title="bbox 400 2891 2434 2982; baseline 0.002 -22"><span class='ocrx_word' id='word_1_186' title='bbox 400 2893 995 2982; x_wconf 82' lang='grc' dir='ltr'><strong><em>κατεργαζομένων.</em></strong></span> <span class='ocrx_word' id='word_1_187' title='bbox 1086 2895 1301 2960; x_wconf 79' lang='grc' dir='ltr'><strong><em>πολλὰ</em></strong></span> <span class='ocrx_word' id='word_1_188' title='bbox 1367 2891 1442 2959; x_wconf 77' lang='grc' dir='ltr'><strong><em>δὲ</em></strong></span> <span class='ocrx_word' id='word_1_189' title='bbox 1504 2892 1616 2958; x_wconf 85' lang='grc' dir='ltr'><strong><em>καὶ</em></strong></span> <span class='ocrx_word' id='word_1_190' title='bbox 1679 2895 1846 2958; x_wconf 75' lang='grc' dir='ltr'><strong><em>ἄλλα</em></strong></span> <span class='ocrx_word' id='word_1_191' title='bbox 1911 2893 2315 2979; x_wconf 83' lang='grc' dir='ltr'><strong><em>φιλοτέχνως</em></strong></span> <span class='ocrx_word' id='word_1_192' title='bbox 2329 2915 2434 2965; x_wconf 80' lang='lat'><strong><em>233</em></strong></span> 
     </span>
     <span class='ocr_line' id='line_1_26' title="bbox 398 2995 2405 3087; baseline -0.005 -19"><span class='ocrx_word' id='word_1_193' title='bbox 398 3002 743 3087; x_wconf 82' lang='grc' dir='ltr'><strong><em>ἐπινοῆσαι</em></strong></span> <span class='ocrx_word' id='word_1_194' title='bbox 802 3012 937 3067; x_wconf 82' lang='grc' dir='ltr'><strong><em>τῶν</em></strong></span> <span class='ocrx_word' id='word_1_195' title='bbox 995 3002 1161 3087; x_wconf 90' lang='grc' dir='ltr'><strong><em>πρὸς</em></strong></span> <span class='ocrx_word' id='word_1_196' title='bbox 1218 3002 1343 3083; x_wconf 82' lang='grc' dir='ltr'><strong><em>τὴν</em></strong></span> <span class='ocrx_word' id='word_1_197' title='bbox 1407 3002 1738 3085; x_wconf 90' lang='grc' dir='ltr'><strong><em>γεωργίαν</em></strong></span> <span class='ocrx_word' id='word_1_198' title='bbox 1800 3003 2165 3086; x_wconf 88' lang='grc' dir='ltr'><strong><em>χρησίμων,</em></strong></span> <span class='ocrx_word' id='word_1_199' title='bbox 2231 2995 2321 3065; x_wconf 86' lang='grc' dir='ltr'><strong><em>δι’</em></strong></span> <span class='ocrx_word' id='word_1_200' title='bbox 2352 3018 2405 3058; x_wconf 78' lang='lat'><strong><em>25</em></strong></span> 
     </span>
    </p>
   </div>
   <div class='ocr_carea' id='block_1_3' title="bbox 394 3188 2325 3616">
    <p class='ocr_par' dir='ltr' id='par_1_6' title="bbox 394 3188 2325 3616">
     <span class='ocr_line' id='line_1_27' title="bbox 579 3188 2325 3263; baseline -0.002 -15"><span class='ocrx_word' id='word_1_201' title='bbox 579 3204 605 3249; x_wconf 92' lang='lat'><strong>1</strong></span> <span class='ocrx_word' id='word_1_202' title='bbox 656 3195 768 3249; x_wconf 79' lang='grc' dir='ltr'><strong><em>τῶν</em></strong></span> <span class='ocrx_word' id='word_1_203' title='bbox 820 3193 1088 3260; x_wconf 84' lang='lat' dir='ltr'><strong>Dindorf,</strong></span> <span class='ocrx_word' id='word_1_204' title='bbox 1140 3191 1243 3262; x_wconf 82' lang='grc' dir='ltr'><strong><em>τὴν</em></strong></span> <span class='ocrx_word' id='word_1_205' title='bbox 1280 3193 1391 3247; x_wconf 80' lang='grc' dir='ltr'><strong><em>τῶν</em></strong></span> <span class='ocrx_word' id='word_1_206' title='bbox 1430 3191 1566 3246; x_wconf 87' lang='lat' dir='ltr'>libri</span> <span class='ocrx_word' id='word_1_207' title='bbox 1745 3198 1777 3245; x_wconf 85' lang='lat'>2</span> <span class='ocrx_word' id='word_1_208' title='bbox 1815 3191 1955 3263; x_wconf 81' lang='grc' dir='ltr'><strong><em>τῶν]</em></strong></span> <span class='ocrx_word' id='word_1_209' title='bbox 1993 3188 2097 3261; x_wconf 87' lang='grc' dir='ltr'><strong><em>τὴν</em></strong></span> <span class='ocrx_word' id='word_1_210' title='bbox 2132 3193 2246 3246; x_wconf 74' lang='grc' dir='ltr'><strong><em>τῶν</em></strong></span> <span class='ocrx_word' id='word_1_211' title='bbox 2284 3191 2325 3246; x_wconf 85' lang='lat' dir='ltr'>C</span> 
     </span>
     <span class='ocr_line' id='line_1_28' title="bbox 399 3257 2323 3334; baseline -0.001 -18"><span class='ocrx_word' id='word_1_212' title='bbox 399 3259 726 3333; x_wconf 80' lang='grc' dir='ltr'><strong><em>ἐπιμέλειαν</em></strong></span> <span class='ocrx_word' id='word_1_213' title='bbox 757 3264 1012 3334; x_wconf 86' lang='lat' dir='ltr'>Dindorf,</span> <span class='ocrx_word' id='word_1_214' title='bbox 1052 3260 1379 3334; x_wconf 80' lang='grc' dir='ltr'><strong><em>ἐπιμέλειαν</em></strong></span> <span class='ocrx_word' id='word_1_215' title='bbox 1416 3262 1517 3317; x_wconf 81' lang='grc' dir='ltr'><strong><em>καὶ</em></strong></span> <span class='ocrx_word' id='word_1_216' title='bbox 1552 3257 1882 3332; x_wconf 79' lang='grc' dir='ltr'><strong><em>παράδοξον</em></strong></span> <span class='ocrx_word' id='word_1_217' title='bbox 1908 3260 2228 3331; x_wconf 83' lang='grc' dir='ltr'><strong><em>παράδοσιν</em></strong></span> <span class='ocrx_word' id='word_1_218' title='bbox 2257 3262 2323 3331; x_wconf 86' lang='lat' dir='ltr'><strong><em>D,</em></strong></span> 
     </span>
     <span class='ocr_line' id='line_1_29' title="bbox 397 3328 2322 3402; baseline 0.002 -17"><span class='ocrx_word' id='word_1_219' title='bbox 397 3328 726 3402; x_wconf 81' lang='grc' dir='ltr'><strong><em>ἐπιμέλειαν</em></strong></span> <span class='ocrx_word' id='word_1_220' title='bbox 784 3336 883 3389; x_wconf 84' lang='grc' dir='ltr'><strong><em>καὶ</em></strong></span> <span class='ocrx_word' id='word_1_221' title='bbox 935 3329 1255 3402; x_wconf 85' lang='grc' dir='ltr'><strong><em>παράδοσιν</em></strong></span> <span class='ocrx_word' id='word_1_222' title='bbox 1311 3335 1363 3387; x_wconf 89' lang='grc' dir='ltr'>Π</span> <span class='ocrx_word' id='word_1_223' title='bbox 1571 3339 1605 3386; x_wconf 85' lang='grc'>4</span> <span class='ocrx_word' id='word_1_224' title='bbox 1659 3332 1759 3387; x_wconf 81' lang='grc' dir='ltr'><strong><em>καὶ</em></strong></span> <span class='ocrx_word' id='word_1_225' title='bbox 1811 3331 2140 3401; x_wconf 80' lang='grc' dir='ltr'><strong><em>παράθεσιν</em></strong></span> <span class='ocrx_word' id='word_1_226' title='bbox 2194 3333 2322 3388; x_wconf 81' lang='lat' dir='ltr'><strong>add.</strong></span> 
     </span>
     <span class='ocr_line' id='line_1_30' title="bbox 394 3398 2321 3483; baseline 0.003 -31"><span class='ocrx_word' id='word_1_227' title='bbox 394 3400 558 3479; x_wconf 71' lang='lat' dir='ltr'>Djnd.</span> <span class='ocrx_word' id='word_1_228' title='bbox 718 3401 1043 3475; x_wconf 79' lang='grc' dir='ltr'><strong><em>ἐπινοῆσαι]</em></strong></span> <span class='ocrx_word' id='word_1_229' title='bbox 1084 3401 1174 3458; x_wconf 83' lang='grc' dir='ltr'><strong><em>διὸ</em></strong></span> <span class='ocrx_word' id='word_1_230' title='bbox 1213 3404 1312 3458; x_wconf 82' lang='grc' dir='ltr'><strong><em>καὶ</em></strong></span> <span class='ocrx_word' id='word_1_231' title='bbox 1348 3408 1582 3473; x_wconf 84' lang='grc' dir='ltr'><strong><em>ληναῐον</em></strong></span> <span class='ocrx_word' id='word_1_232' title='bbox 1624 3398 2024 3483; x_wconf 81' lang='grc' dir='ltr'><strong><em>ὀνομασθῆναι</em></strong></span> <span class='ocrx_word' id='word_1_233' title='bbox 2062 3404 2189 3458; x_wconf 80' lang='lat' dir='ltr'><strong>add.</strong></span> <span class='ocrx_word' id='word_1_234' title='bbox 2229 3421 2321 3459; x_wconf 82' lang='lat' dir='ltr'><strong><em>co-</em></strong></span> 
     </span>
     <span class='ocr_line' id='line_1_31' title="bbox 394 3467 2319 3542; baseline 0.004 -22"><span class='ocrx_word' id='word_1_235' title='bbox 394 3467 548 3523; x_wconf 77' lang='lat' dir='ltr'><strong>dlces</strong></span> <span class='ocrx_word' id='word_1_236' title='bbox 694 3479 725 3526; x_wconf 83' lang='lat'><strong>5</strong></span> <span class='ocrx_word' id='word_1_237' title='bbox 764 3474 1040 3542; x_wconf 81' lang='grc' dir='ltr'><strong><em>γενέσθαι</em></strong></span> <span class='ocrx_word' id='word_1_238' title='bbox 1078 3491 1184 3528; x_wconf 91' lang='lat' dir='ltr'><strong><em>om.</em></strong></span> <span class='ocrx_word' id='word_1_239' title='bbox 1224 3475 1278 3527; x_wconf 95' lang='lat' dir='ltr'><strong><em>II</em></strong></span> <span class='ocrx_word' id='word_1_240' title='bbox 1427 3480 1493 3527; x_wconf 84' lang='lat'><strong><em>16</em></strong></span> <span class='ocrx_word' id='word_1_241' title='bbox 1523 3467 1629 3526; x_wconf 73' lang='grc' dir='ltr'><strong><em>ἀπ’</em></strong></span> <span class='ocrx_word' id='word_1_242' title='bbox 1669 3472 1922 3541; x_wconf 81' lang='lat' dir='ltr'><strong>Dlndorf,</strong></span> <span class='ocrx_word' id='word_1_243' title='bbox 1958 3469 2064 3529; x_wconf 75' lang='grc' dir='ltr'><strong><em>ὑπ’</em></strong></span> <span class='ocrx_word' id='word_1_244' title='bbox 2098 3473 2319 3529; x_wconf 81' lang='lat' dir='ltr'><strong>codices</strong></span> 
     </span>
     <span class='ocr_line' id='line_1_32' title="bbox 398 3539 1722 3616; baseline 0.002 -25"><span class='ocrx_word' id='word_1_245' title='bbox 398 3541 466 3586; x_wconf 82' lang='lat'><strong><em>20</em></strong></span> <span class='ocrx_word' id='word_1_246' title='bbox 505 3540 793 3616; x_wconf 67' lang='grc' dir='ltr'><strong><em>γενέσθαι</em></strong></span> <span class='ocrx_word' id='word_1_247' title='bbox 818 3560 927 3598; x_wconf 89' lang='lat' dir='ltr'><strong><em>om.</em></strong></span> <span class='ocrx_word' id='word_1_248' title='bbox 966 3545 1014 3596; x_wconf 95' lang='lat' dir='ltr'>D</span> <span class='ocrx_word' id='word_1_249' title='bbox 1160 3550 1227 3598; x_wconf 85' lang='lat'><strong><em>23</em></strong></span> <span class='ocrx_word' id='word_1_250' title='bbox 1265 3543 1392 3615; x_wconf 80' lang='grc' dir='ltr'><strong><em>τοῦ]</em></strong></span> <span class='ocrx_word' id='word_1_251' title='bbox 1431 3539 1636 3597; x_wconf 80' lang='grc' dir='ltr'><strong><em>τούτου</em></strong></span> <span class='ocrx_word' id='word_1_252' title='bbox 1673 3541 1722 3594; x_wconf 95' lang='lat' dir='ltr'>D</span> 
     </span>
    </p>
   </div>
  </div>
 </body>
</html>
