2569 4061
0 18 2569 174 —

1004 327 1031 380 1
1067 332 1151 383 56.
1183 336 1266 385 57.
2004 335 2091 400 99

152 493 413 557 ’κοσίων
474 488 587 555 καὶ
650 489 1099 573 ὀγδοήκοντα,
1164 491 1288 574 τὴν
1354 489 1413 555 δ’
1479 492 1872 579 ἐπιφάνειαν
1939 498 2095 581 ἔχον

161 599 288 681 τὴν
334 593 456 682 μὲν
502 594 754 674 ἔξωθεν
800 595 1183 681 ἐπίχρυσον,
1230 594 1466 679 τὴνδ’
1521 599 1803 666 ἔνδοθεν
1850 625 2087 687 κατηρ-

163 702 587 788 γυρωμένην·
660 700 769 767 καὶ
833 710 1030 767 τοῦτο
1092 698 1214 786 μὲν
1279 700 1569 786 ἀνέθηκε
1635 713 1726 791 τῷ
1796 713 1938 795 θεῷ
1966 721 1973 728 ’
2003 719 2093 797 τῷ

162 813 445 896 μάλιστα
492 809 567 875 ἐν
594 810 858 891 ,Θήβαις
894 807 1263 896 τιμωμένῳ,
1313 808 1438 899 δύο
1485 832 1556 873 τε
1593 813 1901 889 λιθίνους
1948 816 2093 899 ὀβε-μ

108 933 135 973 5
167 921 439 994 λίσκους
476 916 549 982 ἐκ
574 924 708 981 τοῦ.
731 919 1034 1000 σκληροῦ
1062 918 1267 981 λίθου
1303 925 1534 1004 πηχῶν
1569 916 1854 1005 τὸιῧψος
1881 925 2091 986 εἰκοσι,

160 1028 328 1111 πρὸς
382 1035 523 1100 τοῖς
569 1021 833 1105 ἑκατόν,
882 1019 991 1106 ἐφ’
1045 1016 1140 1088 ὧν
1187 1020 1515 1109 ἐπέγραψε
1574 1025 1651 1088 τό
1696 1047 1767 1089 τε
1811 1025 2095 1110 μέγεθος

160 1141 279 1215 τῆς
333 1131 679 1214 δυνάμεως
740 1126 852 1193 καὶ
910 1130 983 1193 τὸ
1045 1133 1307 1212 πλῆθος
1367 1140 1501 1195 τῶν
1562 1132 1920 1216 προσόδων
1968 1135 2095 1200 καὶ

160 1240 282 1305 τὸν
317 1238 650 1323 ’ἀριθμὸν
721 1245 858 1299 τῶν
930 1234 1614 1320 καταπολεμηθέντων
1686 1236 1942 1303 ἐθνῶν·
2019 1240 2093 1306 ἐν

162 1344 440 1430 Μέμφει
497 1341 557 1408 δ’
612 1341 685 1406 ἐν
730 1350 822 1428 τῷ
878 1350 1001 1406 τοῦ
1037 1339 1413 1426 Ἡφαίστου
1471 1344 1625 1430 ἱερῷ
1681 1349 2093 1428 μονολίθους

80 1465 135 1504 10
164 1453 425 1528 εἰκόνας
479 1448 720 1538 ἑαυτοῦ
766 1471 837 1513 τε
892 1445 1003 1514 καὶ
1047 1456 1163 1531 τῆς
1206 1450 1522 1531 γυναικὸς
1575 1451 1650 1513 τὸ
1695 1450 1868 1529 ’ὕψος
1912 1454 2091 1538 τριά-

159 1580 365 1622 κοντα
410 1566 665 1640 πηχῶν,
708 1564 845 1619 τῶν
893 1548 955 1618 δ’
999 1554 1168 1619 υἱῶν
1215 1559 1423 1618 εἴκοσι
1468 1566 1720 1639 πηχῶν,
1766 1558 1879 1623 διὰ
1926 1560 2089 1645 σύμ-

161 1684 395 1745 πτωμα
441 1662 715 1728 τοιόνδε.
800 1660 871 1726 ἐκ
917 1668 1033 1744 τῆς
1077 1660 1366 1743 μεγάλης
1412 1664 1754 1743 στρατείας
1799 1662 2089 1750 ἀνακάμ-
2129 1687 2157 1731 6

165 1777 417 1844 ψαντος
442 1768 536 1843 εἰς
552 1772 895 1849 Αἴγυπτον
922 1775 1045 1833 τοῦ
1072 1766 1457 1842 Σεσοώσιος
1489 1763 1602 1831 καὶ
1631 1767 2089 1851 διατρίβοντος

164 1872 316 1960 περὶ
370 1876 443 1940 τὸ
490 1875 909 1958 Πηλούσιον,
959 1862 1197 1939 ἑστιῶν
1242 1872 1451 1938 αὐτὸν
1509 1871 1546 1937 ὁ
1593 1871 1883 1957 ἀδελφὸς
1929 1879 2089 1958 μετὰ

82 1993 133 2034 15
162 1990 278 2067 τῆς
352 1984 668 2066 γυναικὸς
737 1979 847 2047 καὶ
930 1991 1064 2048 τῶν
1135 1978 1391 2047 τέκνων
1457 1978 1821 2064 ἐπιβουλὴν
1899 1996 2089 2048 συνε-

161 2092 471 2173 στήσατο·
511 2086 1087 2169 ἀναπαυσαμένων
1122 2089 1249 2173 γὰρ
1279 2088 1503 2152 αὐτῶν
1541 2087 1668 2152 ἀπὸ
1696 2095 1814 2170 τῆς
1849 2087 2087 2173 μέθης,

160 2198 329 2281 ἔχων
376 2196 680 2276 καλάμου
738 2191 945 2273 ξηροῦ
993 2196 1253 2271 πλῆθος
1309 2192 1380 2254 ἐκ
1424 2194 1675 2275 χρόνου
1727 2212 2087 2280 παρεσκευ-

160 2299 479 2385 ασμένον,
523 2294 636 2360 καὶ
681 2301 879 2358 τοῦτο
914 2296 1157 2369 νυκτὸς
1199 2302 1279 2377 τῇ
1327 2302 1536 2378 σκηνῇ
1581 2302 1904 2382 περιθείς,
1952 2300 2087 2366 ἐνέ-

157 2420 433 2490 πρησεν.
525 2402 719 2485 ἄφνω
777 2395 850 2464 δὲ
895 2408 1018 2464 τοῦ
1075 2399 1288 2485 πυρὸς
1344 2398 1797 2483 ἐκλάμψαντος
1843 2404 1914 2466 οἱ
1963 2404 2083 2489 μὲν
2121 2428 2149 2474 7

74 2526 129 2565 20
164 2509 273 2576 ἐπὶ
327 2519 441 2593 τῆς
493 2508 855 2595 θεραπείας
903 2514 1026 2571 τοῦ
1078 2504 1402 2589 βασιλέως
1453 2506 1837 2591 τεταγμένοι
1890 2530 2085 2599 παρε-

156 2619 467 2703 βοήθουν
512 2615 806 2698 ἀγεννῶς
852 2613 941 2690 ὡς
988 2611 1071 2677 ἂν
1119 2611 1494 2696 οἰνωμένοι,
1542 2612 1579 2678 ὁ
1628 2610 1701 2679 δὲ
1738 2619 2087 2698 Σεσόωσις

157 2722 535 2810 ἀμφοτέρας
570 2723 687 2797 τὰς
720 2731 945 2805 χεῖρας
981 2720 1331 2797 ἀνατείνας
1371 2718 1481 2785 καὶ
1516 2718 1686 2809 ὑπὲρ
1721 2733 1837 2808 τῆς
1874 2743 2083 2812 σωτη-

158 2835 302 2916 ρίας
356 2839 491 2895 τῶν
544 2852 615 2894 τε
667 2828 930 2892 παίδων
982 2825 1094 2892 καὶ
1161 2835 1278 2910 τῆς
1332 2830 1650 2910 γυναικὸς
1702 2841 1841 2908 τοῖς
1894 2839 2085 2911 θεοῖς

159 2936 515 3020 εὐξάμενος
558 2931 907 3010 -διεξέπεσε
969 2934 1082 2997 διὰ
1143 2941 1259 3017 τῆς
1333 2937 1599 3017 φλογός.
1692 2935 1941 3014 σωθεὶς
2009 2937 2081 3004 δὲ
2121 2960 2151 3006 8

82 3054 130 3094 25
154 3041 545 3127 παραδόξως
614 3041 772 3114 τοὺς
854 3039 1099 3116 ἄλλους
1169 3042 1375 3116 θεοὺς
1448 3039 1753 3124 ἐτίμησεν
1827 3042 2081 3127 ἀναθή-

157 3164 348 3232 μασι,
405 3147 642 3210 καθότι
695 3145 1111 3231 προείρηται,
1166 3145 1437 3210 πάντων
1496 3143 1568 3210 δὲ
1623 3147 1907 3229 μάλιστα
1963 3149 2079 3211 τὸν

141 3249 549 3337 ’Ἠφαιστον,
600 3251 688 3328 ὡς
733 3251 863 3315 ὑπὸ
919 3250 1163 3315 τούτου
1206 3252 1525 3336 τετευχὼς
1573 3260 1689 3333 τῆς
1735 3252 2077 3336 σωτηρίας.

301 3451 332 3498 2
393 3442 664 3513 ἔνδοθεν]
704 3439 865 3505 ἐντὸς
904 3441 990 3494 OF
1169 3447 1205 3495 4
1258 3461 1318 3495 τε
1361 3440 1701 3510 wesseling,
1742 3439 1806 3494 δὲ
1858 3439 2079 3494 codices

162 3520 227 3569 13
266 3517 669 3585 διατρίψαντος
706 3512 791 3568 CF
931 3519 999 3567 16
1036 3507 1493 3582 ἀναπαυομένων
1533 3509 1640 3564 OF
1761 3516 1829 3564 23
1870 3528 1929 3564 τε
1968 3526 2075 3564 om.

158 3585 317 3655 vulg.
463 3590 580 3647 τοῖς
614 3587 779 3648 θεοῖς
816 3602 925 3641 om.
965 3582 1050 3637 CF
1196 3586 1265 3635 25
1303 3579 1435 3645 τοὺς
1471 3580 1540 3647 D,
1575 3576 1707 3640 τούς
1741 3599 1802 3634 τε
1841 3579 1995 3649 vulg.

1686 3666 1760 3719 7.
