2569 4061
351 182 607 259 Lxxvl'
924 199 1453 262 ARGUMENTUM
1490 201 1626 256 ms.
1665 200 1707 255 1.

354 317 461 368 Gap.

359 385 442 434 11.
482 378 795 448 Theologia
823 379 1250 450 Aegyptiorum.
1301 377 1396 432 Dii
1433 378 1736 434 caelestes:
1776 377 1872 434 Sol
1905 380 1962 433 et
1987 377 2145 433 Luna
2182 396 2281 435 seu

530 457 705 514 Osiris
742 462 801 515 et
839 458 957 515 Isis.

355 542 437 594 12.
480 535 729 608 Singulis
776 538 1073 594 elementis
1121 538 1256 593 deos
1312 537 1634 608 praefecere
1687 537 1938 607 singulos
1985 537 2277 608 Aegyptii:

530 617 742 688 Iovem,
760 618 1097 684 Vulcanum,
1124 617 1394 672 Demetra
1421 619 1537 672 sive
1559 619 1791 673 Terram
1819 620 2078 685 matrem,
2106 617 2280 672 Ocea-

529 715 641 754 nen
678 697 794 754 sive
831 697 1042 768 Nilum,
1080 698 1408 753 Minervam.

354 781 439 833 13.
476 774 573 830 Dii
608 779 904 833 terrestres
935 776 1270 833 caelestibus
1308 794 1375 832 ex
1410 780 1572 848 parte
1602 778 1989 848 cognomines:
2029 778 2142 847 Sol,
2183 779 2279 833 Sa·

530 859 752 926 turnus,
790 857 974 925 Rhea,
1023 858 1303 927 Iuppiter,
1341 859 1506 927 Iuno,
1545 857 1855 928 Vulcanus,
1895 857 2100 926 Vesta,
2136 858 2279 912 Mer-

531 937 732 993 curius,
810 936 1080 992 Saturnus
1127 938 1327 1006 genuit
1361 936 1552 994 Iovem
1602 941 1659 994 et
1703 939 1989 994 Iunonem.
2062 938 2147 991 Ex
2185 937 2277 990 his

529 1018 652 1071 nati
690 1017 939 1085 quinque
977 1015 1083 1071 dii:
1123 1015 1331 1087 OsiriS,
1367 1017 1488 1087 Isis,
1523 1018 1773 1090 Typhon,
1811 1016 2034 1088 Apelle,
2070 1016 2278 1073 Venus.

359 1100 439 1151 14.
483 1094 723 1150 Osiridis
762 1099 820 1150 et
855 1095 1017 1150 Isidis
1054 1095 1259 1151 merita
1296 1096 1366 1152 de
1403 1114 1608 1167 genere
1643 1100 1906 1153 humano.

359 1180 442 1229 15.
483 1173 679 1242 Osiris,
718 1176 815 1243 qui
843 1175 1066 1230 Thebas
1105 1175 1425 1231 condidisse
1462 1177 1685 1247 dicitur,
1726 1180 1784 1232 et
1810 1177 1915 1232 Isis
1954 1177 2160 1233 artium
2196 1177 2277 1230 in·
2319 1242 2324 1245 ,

528 1255 853 1309 vent-,oribus
891 1254 1090 1311 favent
1126 1256 1185 1310 et
1221 1256 1626 1326 agriculturam
1665 1258 1872 1312 colunt.

351 1338 435 1388 16.
475 1333 782 1389 Mercurius
818 1335 1065 1404 linguae,
1103 1335 1448 1404 litterarum,
1497 1337 1842 1406 palaestrae,
1889 1338 2071 1407 lyrae,
2119 1337 2276 1391 oleae

525 1413 799 1469 inventor.

350 1497 435 1548 17.
476 1491 649 1548 Osiris
686 1510 863 1564 genus
899 1495 1209 1551 humanum
1247 1496 1319 1552 ad
1356 1495 1538 1552 vitam
1576 1497 1871 1553 cultiorem
1906 1496 2276 1567 perducturus

525 1574 713 1628 totum
751 1575 944 1630 orbem
983 1592 1110 1631 cum
1148 1576 1397 1632 exercitu
1433 1579 1713 1647 peragrat.

351 1657 433 1706 18.
475 1650 712 1707 Osiridis
760 1653 1106 1724 expeditioni
1152 1656 1463 1711 intererant
1509 1657 1614 1711 filii
1658 1656 1874 1711 Anubis
1922 1660 1980 1711 et
2024 1657 2276 1724 Macedo,

526 1734 649 1786 tum
687 1732 833 1802 Pan,
871 1737 1082 1801 Maron,
1123 1733 1520 1803 Triptolemus.
1596 1736 1846 1790 Primum
1884 1737 2007 1791 adit
2042 1737 2306 1809 Aethio--

528 1813 701 1881 piam.
775 1812 863 1866 Ibi
901 1813 1232 1882 Satyrorum
1268 1814 1501 1884 gentem
1540 1814 1794 1870 assumit.

350 1897 434 1948 19.
472 1892 691 1946 Fabula
729 1891 799 1945 de
826 1891 1163 1945 Prometheo
1204 1894 1261 1946 et
1288 1893 1529 1949 Hercule
1560 1894 1909 1964 explanatur.
1968 1893 2145 1949 Osiris
2174 1912 2276 1965 per

525 1970 792 2026 Arabiam
831 1971 903 2026 ad
939 1969 1107 2025 Indos
1146 1972 1534 2044 proficiscitur.

347 2058 432 2110 20.
472 2051 648 2108 Osiris
684 2050 885 2107 Asiam
919 2053 1186 2123 peragrat
1221 2053 1428 2121 totam3
1467 2071 1567 2126 per
1606 2052 2036 2125 Hellespontum
2072 2055 2131 2109 in
2159 2054 2274 2108 Eu-

522 2149 721 2203 ropam
757 2131 980 2199 traicit3
1020 2133 1321 2188 Thraciam
1350 2135 1585 2190 mandat
1608 2132 1847 2202 Maroni,
1883 2134 2275 2190 Macedoniam

523 2212 839 2281 Macedoni,
877 2212 1128 2268 Atticam
1156 2212 1521 2283 Triptolemo.
1587 2214 1894 2269 Reversum
1931 2215 1992 2269 in
2027 2214 2272 2284 patriam

522 2293 672 2348 inter
708 2293 845 2348 deos
881 2293 1149 2347 rettulere
1187 2294 1473 2363 Aegyptii.

343 2378 430 2429 21.
472 2371 647 2427 Osiris
685 2371 902 2426 occisus
941 2373 1027 2427 est
1063 2387 1099 2424 a
1134 2370 1405 2440 Typhone
1441 2372 1631 2426 fratre.
1708 2372 1949 2427 Caedem
1986 2374 2107 2427 ulta
2148 2372 2269 2426 Isis.

527 2449 779 2505 Collecta
826 2450 1074 2519 corporis
1120 2450 1303 2504 frusta
1348 2451 1731 2506 sacerdotibus
1779 2450 2105 2520 sepelienda
2158 2454 2271 2505 tra-

529 2532 753 2587 duntur.
808 2530 880 2584 Ei
914 2529 1076 2585 varia
1113 2528 1398 2599 animalia,
1435 2530 1689 2599 inprimis
1724 2529 1893 2599 Apim
1930 2531 1988 2583 et
2023 2529 2272 2584 Mneuim

523 2611 867 2666 consecrant.
1695 2650 1708 2655 -

346 2697 431 2754 22.
470 2690 587 2745 Isis
612 2691 734 2745 sola
770 2690 996 2760 regnat:
1034 2689 1164 2759 ipsa
1200 2705 1423 2760 quoque
1460 2690 1591 2758 post
1619 2688 1833 2743 obitum
1871 2686 2078 2743 divinis
2116 2689 2273 2744 culta

525 2770 847 2827 honoribus.
902 2767 1138 2825 Osiridis
1166 2769 1432 2839 pudenda
1456 2767 1638 2839 phalli
1662 2769 1888 2824 nomine
1918 2770 2270 2824 consecrata:

523 2849 663 2905 haec
703 2849 903 2905 Graeci
940 2850 1115 2905 etiam
1151 2850 1210 2903 in
1248 2848 1530 2919 orgiorum
1570 2849 1744 2904 sacris
1780 2850 2134 2904 venerantur.

346 2937 432 2988 23.
475 2930 618 2985 Sunt
653 2930 751 2999 qui
789 2931 1017 2986 auctore
1056 2928 1279 2999 Orpheo
1312 2928 1588 2984 Osiridem
1615 2927 1821 2984 Thebis
1859 2945 1927 2984 ex
1956 2928 2175 2985 Semele
2213 2932 2273 2985 et

523 3011 664 3066 Jove
700 3012 898 3065 natum
950 3009 1158 3064 dicant.
1234 3005 1435 3063 Graeci
1469 3008 1657 3078 plures
1692 3008 2100 3079 Aegyptiorum
2135 3010 2271 3066 deos

527 3088 672 3146 falso
710 3107 839 3147 suos
876 3090 1110 3159 iactant,
1147 3088 1212 3143 ut
1245 3086 1560 3145 Herculem.

345 3178 431 3230 24.
469 3170 880 3243 Aegyptiorum
907 3170 1174 3225 Hercules
1202 3168 1381 3224 multo
1412 3168 1697 3237 antiquior
1724 3186 1893 3238 quam
1912 3167 2271 3226 Graecorum.

343 3258 432 3309 25.
472 3251 716 3307 Confusa
752 3252 918 3321 plura
955 3248 1295 3304 Graecorum
1335 3249 1394 3302 et
1429 3247 1841 3318 Aegyptiorum
1890 3249 2123 3304 deorum
2168 3265 2270 3304 no-

526 3331 698 3386 mina.
756 3330 861 3385 Isis
888 3328 1170 3385 inventrix
1199 3327 1337 3383 artis
1366 3326 1634 3383 medicae.
1689 3329 1904 3383 Horum
1939 3327 2135 3400 filium,
2173 3327 2273 3398 qui

523 3409 756 3464 ultimus
785 3410 1018 3466 deorum
1044 3407 1323 3479 regnavit,
1351 3406 1412 3463 in
1437 3406 1615 3465 vit-am
1641 3408 1931 3465 revocavit
1957 3411 2017 3464 et
2041 3408 2270 3464 immor-

524 3486 749 3542 talitate
789 3489 1036 3546 donavit.
