2569 4061
372 270 504 337 330
1036 269 1344 328 DIODORI
1379 270 1616 327 SICULI

371 437 528 521 τῇδε
572 440 1054 517 κατοικοῦντες,
1098 429 1211 498 καὶ
1253 435 1371 510 τὰς
1412 434 1639 510 κοίτας
1675 429 1783 499 ἐπὶ
1817 443 1955 498 τῶν
1992 429 2297 518 δένδρων

301 558 335 607 5
373 543 597 625 ἔχουσι
644 541 755 604 διὰ
800 541 918 605 τὸν
964 540 1091 605 ἀπὸ
1137 550 1273 605 τῶν
1307 542 1573 625 θηρίων
1610 541 1846 624 φόβον.
1918 539 2296 621 παραπλεύ-

374 662 566 711 σαντι
612 642 687 710 δὲ
732 647 851 712 τὸν
893 650 1274 713 Φοινικῶνα
1317 647 1484 732 πρὸς
1521 645 1908 734 ἀκρωτηρίῳ
1953 654 2069 728 τῆς
2112 644 2295 728 ἠπεί-

371 775 496 836 ρου
548 754 753 836 νῆσός
807 751 989 819 ἐστιν
1042 752 1171 817 ἀπὸ
1225 762 1363 817 τῶν
1417 749 1945 835 ἐναυλιζομένων
1999 748 2074 816 ἐν
2128 749 2295 835 αὐτῇ

373 854 558 946 ζῴων
600 863 856 925 Φωκῶν
893 867 1098 943 νῆσος
1134 856 1614 943 ὀνομαζομένη·
1649 867 1931 923 τοσοῦτο
1969 857 2097 943 γὰρ
2134 861 2297 941 πλῆ-
2328 875 2359 917 5

373 970 505 1042 θος
563 976 699 1031 τῶν
760 968 1025 1050 θηρίων
1087 966 1347 1031 τούτων
1410 963 1814 1051 ἐνδιατρίβει
1870 973 2011 1042 τοῖς
2066 966 2297 1040 τόποις

373 1071 541 1138 ὥστε
595 1073 964 1156 θαυμάζειν
1008 1075 1166 1149 τοὺς
1214 1073 1496 1150 ἰδόντας.
1589 1073 1664 1137 τὸ
1727 1068 1802 1137 δὲ
1858 1074 2296 1158 προκείμενον

372 1178 783 1264 ἀκρωτήριον
834 1186 953 1261 τῆς
995 1179 1210 1262 νήσου
1254 1188 1466 1244 κεῖται
1507 1179 1673 1244 κατὰ
1708 1179 1831 1262 τὴν
1876 1175 2294 1263 καλουμένην

374 1281 642 1369 Πέτραν
698 1280 812 1348 καὶ
867 1283 990 1366 τὴν
1050 1285 1511 1367 Παλαιστίνην
1578 1286 1720 1367 [τῆς
1776 1277 2136 1370 Ἀραβίας]·
2200 1285 2296 1360 εἰς

370 1390 499 1474 γὰρ
552 1389 803 1472 ταύτην
855 1391 976 1454 τόν
1028 1412 1100 1454 τε
1155 1392 1437 1473 λίβανον
1489 1388 1601 1456 καὶ
1653 1391 1859 1456 τᾶλλα
1913 1392 2157 1476 φορτία
2213 1391 2295 1455 τὰ
2323 1410 2382 1451 10

371 1496 538 1580 πρὸς
582 1494 874 1561 εὐωδίαν
928 1496 1261 1580 ἀνήκοντα
1313 1496 1740 1580 κατάγουσιν,
1796 1496 1885 1574 ὡς
1940 1498 2167 1581 λόγος,
2221 1495 2297 1562 ἐκ

369 1610 485 1686 τῆς
547 1603 684 1668 ἄνω
750 1601 1107 1687 λεγομένης
1172 1596 1480 1689 Ἀραβίας
1545 1603 1617 1670 οἵ
1672 1626 1743 1668 τε
1808 1606 2123 1691 Γερραῖοι
2184 1601 2297 1671 καὶ

370 1712 670 1775 Μιναῖοι.

266 1827 356 1893 43
561 1817 699 1899 Τὴν
744 1810 806 1881 δ’
859 1814 1008 1899 ἑξῆς
1061 1816 1608 1902 παραθαλάττιον
1666 1817 1741 1881 τὸ
1806 1812 1928 1901 μὲν
1987 1818 2278 1882 παλαιὸν
2295 1829 2408 1879 210

372 1921 686 2008 ἐνέμοντο
741 1925 1155 2009 Μαρανῖται,
1220 1923 1383 2006 μετὰ
1442 1919 1517 1988 δὲ
1574 1932 1781 1989 ταῦτα
1839 1923 2289 2008 Γαρινδανεῖς,
2320 1941 2380 1983 15

373 2032 561 2107 ὄντες
603 2032 1069 2116 πλησιόχωροι.
1141 2028 1265 2112 τὴν
1312 2025 1388 2095 δὲ
1433 2029 1658 2116 χώραν
1702 2028 2021 2116 κατέσχον
2055 2028 2300 2119 τοιῷδέ

370 2159 505 2202 τινι
567 2139 815 2225 τρόπω·
892 2136 965 2202 ἐν
1026 2143 1119 2225 τῷ
1191 2139 1495 2222 πρόσθεν
1557 2135 1865 2221 λεχθέντι
1932 2141 2297 2204 Φοινικῶνι

371 2241 902 2329 συντελουμένης
954 2243 1389 2330 πανηγύρεως
1441 2250 1950 2328 πενταετηρικῆς
2007 2242 2296 2328 ἐφοίτων

368 2352 794 2435 πανταχόθεν
840 2351 911 2416 oc
949 2354 1299 2434 περίοικοι,
1343 2352 1657 2435 καμήλων
1702 2344 1779 2415 εὗ
1814 2348 2296 2436 τεθραμμένων

373 2454 737 2542 ἑκατόμβας
762 2467 902 2534 τοῖς
938 2456 1013 2522 ἐν
1038 2465 1130 2544 τῷ
1157 2455 1414 2540 τεμένει
1440 2462 1629 2533 θεοῖς
1664 2456 2015 2539 θύσοντες,
2053 2456 2296 2541 ὁμοίως
2323 2474 2378 2515 2⁰

373 2557 450 2625 δὲ
502 2561 614 2627 καὶ
671 2572 805 2627 τῶν
857 2562 1127 2627 ὑδάτων
1179 2573 1317 2626 τῶν
1373 2561 1440 2640 ἐξ
1496 2562 1705 2628 αὐτοῦ
1757 2570 2149 2647 κομιοῦντες
2201 2565 2297 2640 εἰς

369 2668 485 2743 τὰς
529 2670 851 2753 πατρίδας
896 2668 1009 2732 διὰ
1053 2668 1128 2732 τὸ
1174 2670 1675 2755 παραδίδοσθαι
1720 2677 1920 2735 τοῦτο
1964 2670 2042 2734 τὸ
2087 2669 2295 2734 ποτὸν

370 2774 889 2859 παρασκευάζειν
947 2784 1089 2852 τοῖς
1147 2773 1786 2860 προσενεγκαμένοις
1839 2776 1962 2861 τὴν
2016 2776 2293 2858 ὑγίειαν.

297 2913 333 2963 2
370 2883 411 2946 δ
414 2881 482 2946 ιὰ
536 2880 619 2965 δὴ
675 2882 917 2959 ταύτας
967 2882 1085 2960 τὰς
1138 2884 1352 2960 αἰτίας
1403 2894 1538 2948 τῶν
1591 2886 2003 2969 Μαρανιτῶν
2055 2906 2296 2949 καταν-

366 2989 711 3074 τησάντων
765 2991 860 3067 εἰς
911 2990 1035 3073 τὴν
1087 2992 1488 3076 πανήγυριν,
1545 2990 1616 3054 οἱ
1657 2989 2094 3076 Γαρινδανεῖς
2137 2990 2296 3067 τοὺς
2323 3005 2375 3049 26

367 3093 489 3181 μὲν
554 3095 1152 3182 ἀπολελειμμένους
1215 3095 1290 3161 ἐν
1351 3104 1431 3181 τῇ
1495 3096 1678 3183 χώρᾳ
1734 3095 2294 3180 κατασφάξαντες,

544 3329 577 3377 3
627 3324 1006 3377 Φοινικοῦντα
1056 3322 1274 3377 codices
1454 3327 1487 3375 9
1536 3322 1634 3390 τῆς
1675 3318 1930 3395 Ἀραβίας
1975 3322 2161 3378 delevi
2209 3325 2297 3394 (ut

368 3392 615 3459 Agatho,
669 3395 803 3461 post
840 3392 1066 3460 Πέτραν
1116 3392 1352 3447 inseruit
1409 3391 1718 3447 Salmasius
1782 3451 1787 3456 ,
1900 3399 1966 3447 13
2014 3398 2296 3450 Μινναῖοι

368 3459 589 3513 codices
703 3467 768 3515 15
807 3467 1101 3531 μαριανεῖς
1138 3462 1207 3530 D,
1244 3467 1499 3532 ναρινεῖς
1539 3463 1598 3529 Ο,
1633 3470 1893 3531 νεαρῐνες
1928 3465 1971 3519 F
2011 3465 2103 3530 (of.
2126 3483 2179 3520 v.
2201 3470 2273 3518 24

364 3526 743 3591 γαρυνδάνεις
770 3529 811 3583 C
850 3533 941 3599 (=
968 3549 1020 3586 v.
1051 3534 1143 3601 25)
1253 3538 1326 3585 24
1361 3534 1710 3601 μαριανιτῶν
1745 3534 1813 3600 D,
1852 3535 2192 3603 μαρανητῶν
2221 3535 2249 3588 I
2278 3575 2291 3589 .
