2569 4061
404 284 537 350 486
1071 281 1379 340 DIODORI
1415 280 1651 338 SICULI

406 444 870 531 γεγενημένην.
963 440 1137 511 εἶναι
1184 442 1258 511 δὲ
1304 443 1417 511 καὶ
1460 447 1584 529 τὴν
1633 445 1812 531 παρὰ
1855 444 1977 510 τὸν
2031 443 2376 510 ὠκεανὸν

404 553 630 638 χώραν
667 552 791 618 οὐκ
837 551 1065 635 ὀλίγας
1100 553 1389 638 ἔχουσαν
1432 553 1885 638 προσηγορίας
1920 549 2050 616 ἀπό
2085 573 2159 615 τε
2199 561 2371 617 τῶν

334 685 369 733 5
400 654 863 744 Ἀργοναυτῶν
906 657 1017 725 καὶ
1062 669 1198 724 τῶν
1243 661 1658 745 Διοσκόρων.
1729 659 2215 744 παραπλησίως
2265 655 2367 724 δὲ·

403 762 514 830 καὶ
542 766 669 850 τὴν
697 764 883 844 ἐντὸς
912 766 1255 852 Γαδείρων
1280 766 1561 851 ἤπειρον
1588 767 1764 851 ἔχειν
1793 765 2056 850 ἐμφανῆ
2087 773 2359 848 σημεῖα

403 879 522 956 τῆς
566 873 825 939 τούτων
869 871 1291 958 ἀνακομιδῆς.
1364 870 1517 958 περὶ
1562 868 1685 957 μὲν
1728 873 1857 957 γὰρ
1901 872 2026 955 τὴν
2071 874 2352 956 Τυρρη-
2387 889 2416 931 5

403 980 562 1046 νίαν
605 980 1182 1057 καταπλεύσαντας
1227 979 1475 1057 αὐτοὺς
1520 981 1615 1056 εἰς
1658 987 1872 1062 νῆσον
1916 979 2041 1061 τὴν
2086 977 2351 1061 ὀνομα-

407 1085 688 1171 ζομένην
732 1087 1109 1152 Αἰθάλειαν
1152 1087 1271 1152 τὸν
1318 1085 1392 1151 έν
1446 1085 1613 1171 αὐτῇ
1661 1083 1925 1170 λιμένα,
1971 1085 2347 1150 κάλλιστον

406 1192 569 1257 ὄντα
613 1202 748 1257 τῶν
792 1191 866 1256 ἐν
913 1190 1190 1269 ἐκείνοις
1225 1202 1367 1268 τοῖς
1411 1195 1661 1275 τόποις,
1700 1188 1997 1277 Ἀργῷον
2044 1189 2171 1255 ἀπὸ
2211 1199 2344 1275 τῆς

402 1299 570 1373 νεὼς
612 1305 1178 1383 προσαγορεῦσαι,
1225 1295 1336 1363 καὶ
1382 1298 1572 1386 μέχρι
1617 1298 1830 1363 τῶνδε
1882 1307 2020 1362 τῶν
2063 1299 2339 1381 χρόνων

340 1429 373 1478 6
403 1400 743 1487 διαμένειν
807 1403 1017 1469 αὐτοῦ
1078 1405 1202 1488 τὴν
1264 1407 1741 1492 προσηγορίαν.
1849 1407 2335 1490 παραπλησίως
2366 1425 2420 1465 ιο

404 1504 479 1573 δὲ
540 1519 682 1587 τοῖς
736 1509 1111 1597 εἰρημένοις
1164 1514 1329 1578 κατὰ
1392 1508 1515 1597 μὲν
1568 1512 1692 1596 τὴν
1755 1514 2140 1597 Τυρρηνίαν
2195 1511 2327 1577 ἀπὸ

401 1617 696 1682 σταδίων
759 1617 1168 1685 ὀκτακοσίων
1228 1627 1346 1703 τῆς
1388 1615 1639 1703 Ῥώμης
1702 1618 2027 1703 ὀνομάσαι
2089 1616 2328 1704 λιμένα

409 1727 801 1810 Τελαμῶνα,
855 1727 1020 1792 κατὰ
1076 1721 1149 1791 δὲ
1210 1728 1510 1813 Φορμίας
1564 1734 1681 1809 τῆς
1733 1723 2008 1802 Ἰταλίας
2064 1726 2325 1809 Αἰήτην

395 1833 517 1897 τὸν
561 1841 691 1898 νῦν
735 1835 1038 1918 Καιήτην
1079 1835 1768 1919 προσαγορευόμενον.
1838 1834 2004 1919 πρὸς
2049 1828 2122 1897 δὲ
2165 1832 2321 1895 τού-

390 1962 537 2017 τοις
571 1932 684 2005 ὑπ’
720 1938 983 2024 ἀνέμων
1019 1939 1264 2016 αὐτοὺς
1302 1937 1692 2026 ἐκριφέντας
1729 1940 1824 2016 εἰς
1859 1940 1976 2016 τὰς
2013 1937 2308 2022 Σύρτεις,
2342 1954 2402 1997 15

394 2044 506 2112 καὶ
543 2050 886 2132 μαθόντας
920 2047 1099 2133 παρὰ
1136 2049 1470 2133 Τρίτωνος
1505 2055 1629 2112 τοῦ
1663 2049 1811 2112 τότε
1847 2045 2316 2132 βασιλεύοντος

394 2161 510 2236 τῆς
537 2155 797 2239 Λιβύης
831 2156 954 2239 τὴν
993 2155 1293 2239 ἰδιότητα
1329 2163 1445 2239 τῆς
1480 2155 1837 2238 θαλάττης,
1878 2152 1988 2220 καὶ
2024 2154 2143 2218 τὸν
2177 2155 2315 2218 κίν-

397 2259 611 2325 δυνον
676 2259 1119 2347 ἐκφυγόντας,
1185 2262 1624 2349 δωρήσασθαι
1687 2267 1979 2346 χαλκοῦν
2036 2260 2311 2347 τρίποδα

393 2366 516 2432 τὸν
561 2366 859 2453 ἀρχαίοις
904 2363 1026 2452 μὲν
1071 2366 1566 2454 κεχαραγμένον
1600 2367 1961 2452 γράμμασι,
2007 2364 2197 2452 μέχρι
2242 2362 2311 2432 δὲ

393 2483 530 2538 τῶν
584 2472 926 2561 νεωτέρων
972 2476 1236 2562 χρόνων
1295 2474 1723 2560 διαμείναντα
1767 2475 1945 2560 παρὰ
1997 2481 2139 2550 τοῖς
2181 2473 2310 2538 Εὐ·
2336 2488 2389 2529 8⁰

326 2597 358 2648 7
399 2582 784 2663 εσπερίταις.
878 2580 961 2645 οὐ
1005 2579 1489 2667 παραλειπτέον
1537 2573 1600 2646 δ’
1648 2580 1807 2666 ἡμῖν
1855 2578 2310 2663 ἀνεξέλεγκτον

393 2682 519 2766 τὴν
567 2685 867 2769 ἱστορίαν
911 2696 1047 2750 τῶν
1093 2684 1635 2772 ἀποφηναμένων
1679 2689 1836 2764 τοὺς
1874 2682 2308 2774 Ἀργοναύτας

396 2788 523 2853 ἀνὰ
566 2789 689 2853 τὸν
709 2787 974 2876 Ἴστρον
1018 2792 1436 2870 πλεύσαντας
1478 2792 1671 2880 μέχρι
1705 2805 1843 2859 τῶν
1886 2803 2120 2876 πηγῶν
2164 2816 2307 2859 κατ-

395 2902 755 2983 ενεχθῆναι
801 2897 914 2962 διὰ
956 2907 1073 2982 τῆς
1128 2896 1644 2986 ἀντιπροσώπου
1690 2901 1945 2986 ῥύσεως
1987 2901 2154 2987 πρὸς
2195 2901 2305 2966 τὸν

319 3022 353 3074 8
387 2997 803 3091 Ἀδριατικὸν
846 3004 1113 3070 κόλπον.
1178 3005 1462 3083 τούτους
1494 3006 1625 3092 γὰρ
1664 3004 1700 3071 ὁ
1738 3007 1979 3092 χρόνος
2021 3005 2288 3089 ἤλεγξεν
2327 3022 2377 3064 8⁶

389 3110 852 3194 ὑπολαβόντας
905 3112 1024 3177 τὸν
1079 3109 1154 3176 έν
1216 3120 1309 3201 τῷ
1369 3116 1609 3201 Πόντφ
1674 3115 1936 3178 πλείοσι
1990 3115 2396 3198 στόμασιν3οι

390 3214 904 3303 ἐξερευγόμενον
940 3215 1207 3303 Ἴστρον
1258 3216 1371 3284 καὶ
1414 3219 1535 3284 τὸν
1588 3220 1684 3297 εἰς
1736 3221 1857 3285 τὸν
1896 3214 2166 3305 Ἀδρίαν
2204 3218 2298 3285 έκ-

567 3410 597 3457 7
647 3405 930 3461 Αἰθαλίαν
978 3407 1070 3461 CD
1251 3413 1284 3462 8
1331 3413 1448 3472 τοῖς
1492 3426 1599 3464 om.
1647 3409 1698 3462 D
1882 3418 1951 3466 14
1994 3410 2206 3480 καὴτην
2246 3410 2293 3464 D

384 3475 456 3524 20
484 3468 894 3544 Εύεσπερίταις
919 3477 989 3545 D,
1029 3473 1093 3530 έν
1124 3472 1477 3548 Ἑσπερίταις
1498 3480 1556 3547 C,
1588 3475 1946 3550 ‘Eoneqltoetc
1968 3482 2031 3536 F
2052 3484 2124 3551 (e.
2144 3486 2224 3549 27,
2240 3483 2289 3551 2)

384 3543 456 3589 24
492 3537 706 3609 ῤ’ύσεως
743 3546 807 3612 G,
845 3541 1073 3612 φύσεως
1110 3550 1215 3601 cet.
