2569 4061
1009 311 1087 365 IV
1127 316 1211 364 25.
1251 317 1336 367 26.
1375 316 1462 368 2⁸1.
2089 312 2220 376 437

298 470 488 557 χθεὶς
531 472 662 537 ὑπὸ
710 481 823 556 τῆς
875 475 1306 557 Φερσεφόνης
1352 473 1441 549 ὡς
1496 472 1579 538 ἂν
1633 474 1954 560 ἀδελφός,
2003 472 2224 558 Θησέα

300 577 422 663 μὲν
477 580 809 664 ἀνήγαγεν
864 579 936 645 έκ
992 581 1256 664 δεσμῶν
1312 581 1474 664 μετὰ
1530 585 1898 667 Πειρίθου,
1952 599 2225 668 χαρισα-

300 684 503 770 μένης
561 695 676 770 τῆς
733 689 985 772 Κόρης,
1042 688 1160 752 τὸν
1217 682 1291 752 δὲ
1355 686 1526 751 κύνα
1580 691 1983 774 παραλαβὼν
2040 690 2220 754 δεδε-

301 791 505 877 μένον
549 792 939 880 παραδόξως
983 794 1279 877 ἀπήγαγε
1327 789 1438 858 καὶ
1483 795 1781 880 φανερὸν
1825 793 2224 877 κατέστησεν

247 918 274 958 5
302 899 703 984 ἀνθρώποις.
793 905 1175 966 τελευταῖον
1239 898 1298 964 δ’
1365 895 1583 965 ἆθλον
1647 900 1872 982 λαβὼν
1932 898 2224 982 ἐνεγκεῖν
2262 922 2295 970 2

299 1008 379 1071 τὰ
437 1019 572 1072 τῶν
617 1005 1028 1092 Ἑσπερίδων
1091 1015 1308 1091 χρυσᾶ
1367 1012 1572 1091 μῆλα,
1636 1007 1839 1071 πάλιν
1904 1008 2226 1070 ἔπλευσεν

301 1115 394 1191 εἰς
438 1114 562 1197 τὴν
607 1114 891 1196 Λιβύην.
954 1110 1107 1199 περὶ
1154 1109 1227 1177 δὲ
1264 1123 1400 1178 τῶν
1439 1116 1669 1197 μήλων
1706 1114 1964 1179 τούτων
2003 1113 2225 1176 διαπε-

303 1222 694 1303 φωνήκασιν
739 1219 811 1284 οἱ
851 1220 1309 1304 μυθογράφοι,
1356 1218 1466 1285 καὶ
1512 1216 1688 1297 τινὲς
1732 1218 1854 1305 μέν
1901 1235 2110 1304 φασιν
2152 1220 2226 1282 ἔν

320 1341 453 1389 τισι
497 1328 733 1408 κήποις
777 1336 911 1390 τῶν
948 1323 1359 1410 Ἑσπερίδων
1403 1325 1690 1412 ὑπάρξαι
1734 1326 1899 1391 κατὰ
1944 1326 2068 1409 τὴν
2105 1330 2226 1389 Λι-

224 1452 276 1491 10
302 1432 479 1515 βύην
535 1437 708 1515 μῆλα
760 1441 1009 1517 χρυσᾶ,
1061 1432 1438 1516 τηρούμενα
1494 1444 1787 1518 συνεχῶς
1849 1433 1981 1498 ὑπό
2045 1455 2226 1508 τινος

304 1537 669 1623 δράκοντος
715 1537 1217 1622 φοβερωτάτου,
1261 1533 1437 1613 τινὲς
1497 1535 1571 1602 δὲ
1618 1536 1888 1620 λέγουσι
1942 1540 2227 1621 ποίμνας

196 1637 656 1728 272προβάτων
702 1643 928 1707 κάλλει
965 1642 1417 1727 διαφερούσας
1461 1647 1823 1726 κεκτῆσθαι
1859 1643 1973 1717 τὰς
1999 1640 2224 1707 Ἑσπε-

307 1750 519 1834 ρίδας,
564 1757 778 1833 χρυσᾶ
824 1744 897 1813 δὲ
944 1751 1119 1832 μῆλα
1167 1747 1295 1812 ἀπὸ
1344 1756 1465 1812 τοῦ
1509 1749 1796 1825 κάλλους
1832 1747 2227 1831 ὠνομάσθαι

303 1866 688 1939 ποιητικῶς,
745 1855 964 1944 ὥσπερ
1020 1852 1131 1919 καὶ
1184 1854 1309 1937 τὴν
1347 1852 1752 1941 Ἀφροδίτην
1805 1863 2062 1940 χρυσῆν
2116 1878 2227 1919 κα-

225 1982 276 2022 15
304 1966 572 2026 λεῖσθαι
619 1961 731 2025 διὰ
776 1961 898 2045 τὴν
948 1958 1360 2047 εὐπρέπειαν.
1434 1963 1601 2026 ἔνιοι
1649 1956 1723 2026 δὲ
1768 1958 2081 2045 λέγουσιν
2127 1959 2229 2024 ὅτι
2265 1980 2297 2028 3

305 2072 384 2134 τὰ
430 2072 731 2155 πρόβατα
767 2068 890 2151 τὴν
935 2070 1144 2152 χρόαν
1183 2068 1569 2146 ἰδιάζουσαν
1606 2069 1841 2152 ἔχοντα
1876 2066 1987 2133 καὶ
2026 2070 2228 2153 παρό-

305 2199 503 2260 μοιον
556 2183 782 2263 χρυσῷ
837 2172 1213 2259 τετευχέναι
1274 2175 1517 2258 ταύτης
1578 2182 1696 2258 τῆς
1756 2176 2227 2261 προσηγορίας,

305 2283 662 2366 Δράκοντα
727 2277 800 2345 δὲ
862 2291 999 2347 τῶν
1070 2291 1373 2364 ποιμνῶν
1438 2279 1839 2364 ἐπιμελητὴν
1906 2286 2229 2345 καθεστα-

307 2385 543 2471 μένον,
607 2386 720 2453 καὶ
785 2387 972 2473 ῥώμῃ
1037 2383 1340 2471 σώματος
1402 2384 1513 2451 καὶ
1569 2385 1734 2472 ἀλκῇ
1795 2387 2227 2473 διαφέροντα,

227 2513 281 2552 20
306 2504 532 2577 τηρεῖν
585 2496 667 2558 τὰ
719 2496 1022 2584 πρόβατα
1076 2490 1186 2558 καὶ
1241 2495 1401 2569 τοὺς
1455 2494 1801 2577 λῃστεύειν
1856 2493 2024 2558 αὐτὰ
2082 2497 2230 2557 τολ-

308 2610 568 2682 μῶντας
614 2599 1043 2666 ἀποκτείνειν.
1109 2599 1276 2664 ἀλλὰ
1320 2596 1471 2683 περὶ
1518 2596 1640 2683 μὲν
1675 2600 1933 2665 τούτων
1978 2597 2230 2679 ἐξέσται

309 2707 785 2790 διαλαμβάνειν
841 2706 930 2782 ὡς
985 2705 1069 2771 ἂν
1123 2704 1399 2783 ἕκαστος
1453 2704 1693 2771 ἑαυτὸν
1751 2710 1973 2792 πεύθῃ.
2066 2708 2103 2772 ὁ
2161 2702 2223 2771 δ’
2266 2723 2302 2771 4

298 2810 632 2897 Ἡρακλῆς
666 2814 786 2877 τὸν
822 2813 1088 2896 φύλακα
1126 2823 1260 2877 τῶν
1297 2814 1527 2897 μήλων
1563 2812 1840 2896 ἀνελών,
1877 2810 1989 2877 καὶ
2025 2821 2231 2876 ταῦτα

307 2919 717 3002 ἀποκομίσας
760 2919 927 3004 πρὸς
970 2916 1366 3003 Εὐρυσθέα,
1413 2914 1522 2983 καὶ
1568 2921 1724 2995 τοὺς
1769 2919 2025 2994 ἄθλους
2071 2917 2230 2982 ἀπο-

227 3044 280 3085 25
307 3026 683 3107 τετελεκώς,
747 3022 1181 3109 προσεδέχετο
1243 3033 1358 3107 τῆς
1422 3024 1794 3100 ἀθανασίας
1855 3023 2228 3103 τεύξεσθαι,

307 3129 610 3220 καθάπερ
657 3129 694 3195 ὁ
734 3127 1072 3195 Ἀπόλλων
1117 3132 1411 3215 ἔχρησεν.

481 3234 684 3321 “Ημῖν
722 3235 782 3301 δ’
822 3237 903 3302 οὐ
939 3234 1421 3321 παραλειπτέον
1456 3236 1537 3300 τὰ
1563 3232 2083 3319 περὶἍτλαντος
2110 3256 2231 3316 μυ-
2251 3232 2333 3296 27

452 3436 488 3482 4
526 3424 824 3498 ἀπήγαγεν
860 3430 927 3495 D,
966 3424 1219 3499 ἀνήγαγε
1256 3428 1312 3481 Π
1422 3432 1488 3480 15
1527 3420 1614 3480 ὅτι
1642 3425 1750 3479 del.
1780 3423 1944 3478 Dind.
2057 3428 2123 3477 16
2159 3419 2229 3477 τὰ

308 3517 417 3554 om.
455 3500 611 3569 vulg.
717 3506 794 3556 ’18
829 3501 1108 3571 ποιμνίων
1136 3498 1290 3569 vulg.
1400 3503 1470 3553 24
1508 3492 1901 3557 ἐπιτετελεκώς
1930 3493 1982 3549 ΙΙ
2090 3499 2159 3548 26
2198 3490 2228 3548 ὁ

308 3586 419 3625 om.
458 3569 575 3626 ΟΕ.
