2569 4061
420 286 556 354 462
1091 284 1400 342 DIODORI
1438 286 1672 344 SICULI

424 460 690 518 ναυτῶν
747 450 871 534 τὴν
931 449 1262 534 ἀπόβασιν
1321 451 1807 534 ποιησάμενον,
1870 447 1983 514 καὶ
2042 453 2369 535 μαθόντα

420 558 597 642 παρὰ
659 564 776 640 τῆς
834 558 1038 644 κόρης
1096 557 1219 640 τὴν
1281 554 1734 641 περιπέτειαν,
1800 555 2164 643 ἀναρρῆξαι
2228 554 2368 642 μὲν

419 666 575 739 τοὺς
628 660 783 750 περὶ
834 665 911 729 τὸ
968 674 1158 750 σῶμα
1210 663 1528 748 δεσμούς,
1587 662 1925 746 ἀναβάντα
1972 658 2034 727 δ’
2086 665 2183 741 εἰς
2227 666 2368 749 τὴν

416 772 616 836 πόλιν
662 770 1183 855 ἐπαγγείλασθαι
1226 778 1319 859 τῷ
1366 772 1633 853 βασιλεῖ
1666 770 2064 854 διαφθερεῖν
2109 771 2187 834 τὸ
2234 779 2361 855 κῆ-

348 901 381 950 6
417 900 548 954 τος.
629 885 753 943 τοῦ
800 874 874 943 δὲ
918 875 1389 961 Λαομέδοντος
1434 871 1930 958 ἀποδεξαμένου
1975 876 2095 942 τὸν
2141 878 2358 959 λόγον
2393 901 2428 941 5

416 983 529 1050 καὶ
583 985 844 1071 δωρεὰν
901 985 1144 1049 δώσειν
1200 981 1764 1066 ἐπαγγειλαμένου
1822 983 1940 1060 τὰς
1994 981 2358 1067 ἀνικήτους

417 1091 681 1173 ἵππους,
728 1087 897 1174 φασὶ
940 1091 1016 1154 τὸ
1063 1084 1185 1172 μὲν
1229 1096 1429 1172 κῆτος
1472 1086 1593 1171 ὑφ’
1638 1085 2045 1173 Ἡρακλέους
2086 1088 2357 1174 ἀναιρε-

414 1203 658 1281 θῆναι,
716 1203 796 1279 τῇ
860 1190 923 1259 δ’
979 1191 1258 1280 “Ησιόνῃ
1321 1195 1615 1279 δοθῆναι
1671 1196 1796 1279 τὴν
1852 1194 2160 1275 ἐξουσίαν
2195 1202 2358 1262 ἐἴτε

414 1303 727 1384 βούλοιτο
794 1301 956 1384 μετὰ
1016 1310 1139 1367 τοῦ
1204 1302 1545 1379 σώσαντος
1610 1300 1932 1367 ἀπελθεῖν
1992 1308 2121 1367 εἴτε
2183 1305 2357 1386 μετὰ

413 1417 550 1472 τῶν
608 1404 867 1489 γονέων
926 1407 1321 1492 καταμένειν
1380 1408 1454 1474 έν
1511 1416 1591 1493 τῇ
1652 1409 1939 1495 πατρίδι.
2042 1409 2162 1491 τὴν
2221 1404 2353 1491 μὲν
2384 1433 2443 1472 ιο

414 1508 541 1579 οὖν
590 1513 803 1599 ’κόρην
859 1512 1131 1581 ἑλέσθαι
1186 1516 1307 1580 τὸν
1362 1516 1523 1600 μετὰ
1576 1523 1698 1580 τοῦ
1761 1513 1957 1593 ξένου
2017 1518 2200 1599 βιόν,
2262 1516 2352 1581 οὐ

413 1624 626 1706 μόνον
671 1623 795 1706 τὴν
842 1623 1229 1712 εὐεργεσίαν
1274 1630 1393 1705 τῆς
1439 1624 1829 1705 συγγενείας
1862 1624 2347 1708 προκρίνασαν,

414 1727 583 1793 ἀλλά
640 1727 751 1794 καὶ
811 1727 1246 1814 φοβουμένην
1305 1729 1394 1814 μὴ
1457 1728 1659 1793 πάλιν
1719 1725 2049 1811 φανέντος
2103 1730 2346 1811 κήτους

412 1836 579 1920 πρὸς
614 1836 738 1918 τὴν
775 1834 1015 1919 ὁμοίαν
1050 1836 1181 1901 ὑπὸ
1218 1845 1355 1899 τῶν
1391 1839 1683 1900 πολιτῶν
1721 1832 1959 1919 ἐκτεθῇ
2001 1836 2345 1918 τιμωρίαν.

346 1963 374 2012 7
411 1941 532 2005 τὸν
570 1934 632 2005 δ’
674 1937 1004 2025 “Ηρακλέα
1042 1941 1288 2027 δώροις
1325 1936 1437 2005 καὶ
1471 1949 1612 2016 τοῖς
1648 1942 2056 2025 προσήκουσι
2092 1938 2338 2017 ξενίοις
2371 1964 2428 2005 15

414 2051 729 2136 λαμπρῶς
785 2046 1151 2133 τιμηθέντα
1207 2049 1333 2132 τὴν
1382 2044 1707 2131 “Ησιόνην
1762 2046 1874 2113 καὶ
1927 2050 2043 2125 τὰς
2091 2046 2344 2124 ’ἵππους

412 2154 845 2240 παραθέσθαι
916 2163 1007 2242 τῷ
1061 2153 1517 2239 Λαομέδοντι,
1594 2154 2086 2238 συνταξάμενον
2158 2155 2321 2237 μετὰ
2343 2162 2447 2212 287

412 2262 536 2345 τὴν
592 2261 665 2327 ἐκ
720 2265 1002 2347 Κόλχων
1058 2261 1392 2327 ἐπάνοδον
1448 2261 1946 2345 ἀπολήψεσθαι,
2009 2261 2214 2326 αὐτὸν
2271 2258 2334 2326 δ’

416 2368 792 2455 ἀναχθῆναι
856 2370 1018 2454 μετὰ
1079 2379 1216 2434 τῶν
1273 2365 1739 2455 Ἀργοναυτῶν
1804 2369 1970 2434 κατὰ
2034 2368 2340 2451 σπουδὴν

412 2473 519 2541 ἐπὶ
562 2477 683 2541 τὸν
727 2477 1167 2561 προκείμενον
1213 2469 1449 2541 ἆθλον.
2363 2497 2421 2536 20

300 2583 389 2648 43
583 2577 1091 2666 Ἐπιγενομένου
1146 2577 1223 2646 δὲ
1276 2581 1569 2664 μεγάλου
1625 2592 1978 2665 χειμῶνος,
2038 2579 2151 2646 καὶ
2202 2591 2337 2647 τῶν

411 2685 734 2771 ἀριστέων
810 2685 1414 2770 ἀπογινωσκόντων
1486 2688 1611 2771 τὴν
1684 2690 2052 2773 σωτηρίαν,
2128 2685 2339 2771 φασὶν

402 2790 673 2877 Ὀρφέα,
724 2800 841 2876 τῆς
888 2797 1148 2876 τελετῆς
1193 2794 1407 2876 μόνον
1451 2805 1588 2858 τῶν
1635 2795 2110 2878 συμπλεόντων
2155 2817 2335 2878 μετε-

409 2902 716 2986 σχηκότα,
763 2901 1176 2983 ποιήσασθαι
1219 2910 1361 2977 τοῖς
1401 2899 1800 2988 Σαμόθρᾳξι
1843 2902 1959 2977 τὰς
2003 2896 2171 2986 ὑπὲρ
2217 2910 2331 2985 τῆς

335 3031 368 3079 2
408 3009 737 3093 σωτηρίας
791 3007 1002 3093 εὐχάς.
1103 3007 1314 3085 εὐθὺς
1370 3004 1445 3072 δὲ
1498 3015 1621 3073 τοῦ
1675 3007 2048 3091 πνεύματος
2105 3006 2331 3073 ένδόν-
2358 3028 2414 3068 25
2531 3012 2532 3035 ³

389 3122 549 3199 τος,
608 3113 722 3180 καὶ
782 3116 977 3180 δυοῖν
1037 3113 1334 3200 ἀστέρων
1399 3112 1506 3179 ἐπὶ
1563 3115 1680 3191 τὰς
1740 3123 1876 3178 τῶν
1935 3116 2331 3199 Διοσκόρων

404 3222 698 3305 κεφαλὰς
743 3220 1221 3304 ἐπιπεσόντων,
1277 3221 1571 3297 ἅπαντας
1627 3215 1750 3305 μὲν
1807 3219 2209 3304 ἐκπλαγῆναι
2250 3222 2327 3286 τὸ

403 3323 817 3409 παράδοξον,
873 3327 1239 3410 ὑπολαβεῖν
1296 3322 1371 3391 δὲ
1424 3331 1610 3390 θεῶν
1664 3328 1950 3412 προνοίᾳ
2002 3337 2139 3391 τῶν
2191 3349 2326 3390 κιν-

548 3483 583 3531 4
621 3480 988 3547 διαφθείρειν
1028 3480 1136 3536 OF
1233 3486 1299 3534 12
1335 3481 1434 3549 τῆς
1470 3498 1623 3550 συγγ.
1665 3479 1770 3550 τὴν
1810 3477 2136 3553 εὐεργεσίαν
2175 3481 2319 3551 vulg.

413 3549 479 3595 15
521 3543 608 3614 ε’]
648 3543 704 3598 δ’
746 3541 849 3602 οὖν
890 3549 1004 3605 OF.

2529 3050 2532 3123 4
