2569 4061
407 342 540 406 448
1076 339 1386 395 DlODORI
1423 338 1658 394 SICULI

349 527 381 578 3
418 522 575 589 κησε
619 512 736 587 τῆς
775 501 1124 588 Ἀρκαδίας
1170 501 1243 568 ἐν
1297 506 1540 590 Φενεῷ.
1633 500 1951 567 ἐντεῦθεν
2000 498 2073 565 δὲ
2123 501 2341 587 ὁρμώ-

409 632 628 694 μενος,
666 607 779 673 καὶ
805 611 1190 692 πυθόμενος
1228 607 1294 686 ἐξ
1325 606 1605 684 ’Ήλιδος
1639 608 1910 691 πομπὴν
1949 606 2342 673 ἀποστέλλε-

409 722 573 781 σθαι
613 718 996 781 Ποσειδῶνι
1025 718 1118 792 εἰς
1157 709 1453 798 Ἰσθμόν,
1500 711 1610 778 καὶ
1647 715 1889 797 ταύτης
1927 713 2342 798 ἀφηγεῖσθαι

409 823 723 909 Εὔρυτον
768 824 888 887 τὸν
934 820 1225 904 Αὐγέου,
1279 821 1680 912 προσπεσὼν
1714 821 1907 904 ἄφνω
1954 821 2073 885 τὸν
2118 821 2341 906 Εὔρυ-

409 953 529 995 τον
575 928 914 996 ἀπέκτεινε
958 926 1113 1013 περὶ
1149 929 1487 1011 Κλεωνάς,
1536 930 1705 992 ἔνθα
1750 935 1881 992 νῦν
1928 927 2107 992 ἐστιν
2154 929 2339 1012 ἱερὸν
2368 943 2396 983 5

340 1057 374 1104 4
403 1032 828 1121 “Ηρακλέους.
937 1035 1097 1118 μετὰ
1163 1031 1235 1099 δὲ
1300 1043 1506 1099 ταῦτα
1578 1033 1982 1117 στρατεύσας
2042 1030 2147 1097 ἐπὶ
2208 1033 2338 1115 τὴν

403 1134 598 1207 Ἦλιν
653 1144 772 1206 τόν
827 1162 897 1204 τε
958 1138 1233 1223 βασιλέα
1291 1140 1658 1224 ἐφόνευσεν
1702 1138 1996 1222 Αὐγέαν,
2049 1137 2159 1204 καὶ
2213 1140 2338 1222 τὴν

410 1250 607 1312 πόλιν
666 1245 835 1311 ἑλὼν
889 1247 1056 1310 κατὰ
1114 1246 1356 1330 κράτος
1409 1245 1632 1311 Φυλέα
1676 1248 1795 1310 τὸν
1841 1245 2111 1327 Αὐγέου
2157 1269 2338 1328 μετε-

409 1352 730 1436 πέμψατο,
787 1350 899 1416 καὶ
953 1352 1167 1440 τούτῳ
1223 1353 1349 1435 τὴν
1396 1355 1740 1436 βασιλείαν
1785 1351 2196 1437 παρέδωκεν·
2251 1347 2336 1434 ἦν

408 1460 535 1545 γὰρ
573 1458 702 1522 ὑπὸ
740 1467 863 1523 τοῦ
891 1459 1137 1544 πατρὸς
1164 1458 1753 1543 πεφυγαδευμένος
1789 1457 1946 1523 καθ’
1984 1458 2064 1523 ὃν
2100 1459 2336 1542 καιρὸν
2368 1475 2422 1514 10

411 1566 722 1650 δικαστὴς
778 1567 1134 1650 γενόμενος
1187 1572 1278 1653 τῷ
1336 1564 1533 1651 πατρὶ
1587 1567 1753 1651 πρὸς
1797 1560 2129 1651 εΗρακλέα
2180 1562 2334 1649 περὶ

339 1693 371 1742 5
410 1681 531 1737 τοῦ
577 1679 831 1757 μισθοῦ
875 1675 950 1739 τὸ
998 1675 1243 1756 νίκημα
1281 1671 1621 1737 ἀπέδωκεν
1658 1669 1989 1757 “Ηρακλεῖ.
2063 1671 2223 1755 μετὰ
2261 1666 2335 1735 δὲ
2561 1656 2564 1855 4

409 1789 615 1844 ταῦτα
656 1775 1023 1846 Ἱπποκόων
1069 1775 1192 1863 μὲν
1238 1778 1698 1863 ἐφυγάδευσεν
1745 1778 1816 1844 ἐκ
1861 1786 1977 1861 τῆς
2023 1778 2335 1863 Σπάρτης

409 1886 528 1950 τὸν
566 1886 862 1972 ἀδελφὸν
910 1886 1336 1971 Τυνδάρεων,
1380 1886 1643 1949 Οἰωνὸν
1682 1882 1755 1950 δὲ
1800 1887 1919 1950 τὸν
1956 1886 2331 1967 Λικυμνίου

410 1996 613 2077 φίλον
679 1994 840 2059 ὄντα
894 1990 1300 2078 *Ηρακλέους
1361 1993 1432 2057 οἰ
1484 1989 1623 2057 υἱοὶ
1680 2001 1802 2057 τοῦ
1856 1989 2334 2067 Ἱπποκόωντος
2366 2005 2419 2047 15

409 2105 620 2164 εἴκοσι
701 2101 820 2165 τὸν
903 2100 1195 2185 ἀριθμὸν
1278 2100 1465 2176 ὄντες
1548 2099 1962 2166 ἀπέκτειναν·
2047 2095 2149 2183 ἐφ’
2233 2089 2334 2174 οἷς
2563 2091 2564 2098 ¹

412 2203 869 2288 ἀγανακτήσας
905 2201 1235 2290 εΗρακλῆς
1281 2204 1713 2291 ἐστράτευσεν
1762 2202 1861 2270 ἐπ’
1907 2204 2177 2280 αὐτούς·
2222 2227 2334 2288 με-

410 2311 578 2396 γάλῃ
628 2308 701 2376 δὲ
747 2313 919 2397 μάχῃ
966 2314 1243 2394 νικήσας
1290 2318 1710 2396 παμπληθεῖς
1766 2310 2119 2376 ἀπέκτεινε.
2209 2311 2334 2393 τὴν

412 2414 485 2482 δὲ
531 2419 853 2503 Σπάρτην
900 2417 1069 2484 ἑλὼν
1113 2420 1280 2483 κατὰ
1326 2420 1593 2505 κράτος,
1640 2421 2009 2503 κατήγαγεν
2056 2414 2164 2481 ἐπὶ
2208 2417 2333 2499 τὴν

408 2526 752 2606 βασιλείαν
809 2526 1209 2611 Τυνδάρεων
1263 2527 1383 2590 τὸν
1436 2522 1683 2608 πατέρα
1728 2535 1863 2589 τῶν
1911 2526 2332 2608 Διοσκόρων,
2364 2540 2418 2579 20

408 2626 518 2692 καὶ
573 2630 696 2710 τὴν
751 2632 1096 2711 βασιλείαν
1144 2631 1232 2706 ὡς
1282 2632 1674 2717 δορίκτητον
1728 2630 2086 2718 Τυνδάρεῳ
2132 2628 2333 2714 παρέ-

406 2739 591 2816 θετο,
637 2733 1007 2818 προστάξας
1039 2745 1176 2811 τοῖς
1213 2731 1328 2817 ἀφ’
1374 2735 1615 2802 ἑαυτοῦ
1650 2735 2036 2820 γενομένοις
2083 2736 2336 2821 φυλάτ-

338 2864 371 2912 6
408 2864 563 2905 τειν.
657 2842 894 2904 ἔπεσον
951 2837 1008 2904 δ’
1066 2839 1140 2905 ἐν
1194 2850 1274 2926 τῇ
1331 2844 1503 2928 μάχῃ
1559 2853 1693 2907 τῶν
1749 2839 1871 2926 μὲν
1925 2840 2078 2926 μεθ’
2130 2837 2335 2928 “Ηρα-

408 2946 641 3022 κλέους
714 2946 929 3028 ὀλίγοι
1000 2953 1370 3032 παντελῶς,
1446 2948 1519 3013 ἐν
1584 2941 1685 3025 οἷς
1746 2943 1919 3030 ἦσαν
1985 2947 2335 3033 ἐπιφανεῖς

409 3057 649 3140 ἄνδρες
694 3052 992 3138 Ἴφικλος
1035 3053 1147 3120 καὶ
1192 3058 1468 3140 Κηφεὺς
1521 3053 1632 3119 καὶ
1677 3053 1962 3139 Κηφέως
2017 3052 2156 3118 υἱοὶ
2209 3056 2334 3119 τὸν
2365 3072 2419 3112 25

409 3163 702 3248 ἀριθμὸν
767 3162 952 3237 ὄντες
1015 3159 1471 3226 ἑπτακαίδεκα·
1564 3170 1740 3246 τρεῖς
1809 3161 1936 3245 γὰρ
2003 3160 2128 3225 ἀπὸ
2192 3171 2333 3226 τῶν

409 3273 619 3331 εἴκοσι
674 3268 884 3350 μόνον
943 3268 1406 3351 διεσώθησαν,
1449 3277 1584 3331 τῶν
1642 3264 1703 3330 δ’
1759 3267 2081 3331 ἐναντίων
2128 3265 2333 3344 αὐτός

550 3461 581 3507 5
621 3452 777 3525 ἱερόν
817 3454 971 3511 ἐστιν
1008 3459 1157 3527 vulg.
1272 3464 1339 3512 10
1376 3454 1612 3528 πατρὸς]
1652 3453 1832 3512 αὐτοῦ
1872 3460 2000 3512 add.
2044 3458 2154 3513 OF
2257 3464 2331 3513 21

408 3520 717 3597 Τυνδάρεῳ
756 3543 862 3581 om.
902 3526 955 3578 H
1133 3533 1201 3581 25
1239 3528 1340 3582 καὶ
1376 3526 1610 3596 Κηφεύς
1649 3544 1758 3582 om.
1802 3529 1909 3584 OF
2076 3535 2145 3583 26
2184 3528 2334 3585 δέκα

403 3591 499 3640 καὶ
538 3587 680 3645 ἔπτὰ
719 3597 838 3649 cod.
948 3598 1061 3650 τῶν
1099 3614 1207 3651 om.
1247 3599 1295 3652 D
1407 3605 1475 3652 27
1513 3595 1679 3667 μόνοι
1717 3598 1787 3653 F.
