<?xml version="1.0" encoding="UTF-8"?>
<!DOCTYPE html PUBLIC "-//W3C//DTD XHTML 1.0 Transitional//EN"
    "http://www.w3.org/TR/xhtml1/DTD/xhtml1-transitional.dtd">
<html xmlns="http://www.w3.org/1999/xhtml" xml:lang="en" lang="en">
 <head>
  <title>
</title>
<meta http-equiv="Content-Type" content="text/html;charset=utf-8" />
  <meta name='ocr-system' content='tesseract 3.04.00' />
  <meta name='ocr-capabilities' content='ocr_page ocr_carea ocr_par ocr_line ocrx_word'/>
</head>
<body>
  <div class='ocr_page' id='page_1' title='image "./diodoribiblioth02dindgoog/diodoribiblioth02dindgoog_0164.png"; bbox 0 0 2569 4061; ppageno 0'>
   <div class='ocr_carea' id='block_1_1' title="bbox 385 189 1643 254">
    <p class='ocr_par' dir='ltr' id='par_1_1' title="bbox 385 189 1643 254">
     <span class='ocr_line' id='line_1_1' title="bbox 385 189 1643 254; baseline 0 -9"><span class='ocrx_word' id='word_1_1' title='bbox 385 190 476 254; x_wconf 87' lang='grc'><strong><em>64</em></strong></span> <span class='ocrx_word' id='word_1_2' title='bbox 1064 190 1373 247; x_wconf 86' lang='lat' dir='ltr'>DIODORI</span> <span class='ocrx_word' id='word_1_3' title='bbox 1409 189 1643 247; x_wconf 87' lang='lat' dir='ltr'>SICULI</span> 
     </span>
    </p>
   </div>
   <div class='ocr_carea' id='block_1_2' title="bbox 273 352 2507 3099">
    <p class='ocr_par' dir='ltr' id='par_1_2' title="bbox 273 352 2507 3099">
     <span class='ocr_line' id='line_1_2' title="bbox 385 352 2315 440; baseline 0.001 -21"><span class='ocrx_word' id='word_1_4' title='bbox 385 352 705 439; x_wconf 87' lang='grc' dir='ltr'><strong><em>φέροντες</em></strong></span> <span class='ocrx_word' id='word_1_5' title='bbox 760 354 854 431; x_wconf 78' lang='grc' dir='ltr'><strong><em>εἰς</em></strong></span> <span class='ocrx_word' id='word_1_6' title='bbox 908 356 1133 418; x_wconf 90' lang='grc' dir='ltr'><strong><em>πίστιν</em></strong></span> <span class='ocrx_word' id='word_1_7' title='bbox 1197 353 1405 418; x_wconf 85' lang='grc' dir='ltr'><strong><em>αὐτὸν</em></strong></span> <span class='ocrx_word' id='word_1_8' title='bbox 1469 357 1718 436; x_wconf 81' lang='grc' dir='ltr'><strong><em>πολλῆς</em></strong></span> <span class='ocrx_word' id='word_1_9' title='bbox 1773 356 2057 431; x_wconf 89' lang='grc' dir='ltr'><strong><em>πίστεως</em></strong></span> <span class='ocrx_word' id='word_1_10' title='bbox 2110 372 2315 440; x_wconf 87' lang='grc' dir='ltr'><strong><em>προσ-</em></strong></span> 
     </span>
     <span class='ocr_line' id='line_1_3' title="bbox 312 456 2317 545; baseline -0.001 -15"><span class='ocrx_word' id='word_1_11' title='bbox 312 482 347 530; x_wconf 83' lang='grc'>8</span> <span class='ocrx_word' id='word_1_12' title='bbox 386 462 735 544; x_wconf 69' lang='grc' dir='ltr'><strong><em>δεόμενον*</em></strong></span> <span class='ocrx_word' id='word_1_13' title='bbox 793 470 929 527; x_wconf 83' lang='grc' dir='ltr'><strong><em>τῶν</em></strong></span> <span class='ocrx_word' id='word_1_14' title='bbox 984 456 1059 526; x_wconf 72' lang='grc' dir='ltr'><strong><em>δὲ</em></strong></span> <span class='ocrx_word' id='word_1_15' title='bbox 1121 461 1620 545; x_wconf 77' lang='grc' dir='ltr'><em>Τρωγλοδυτῶν</em></span> <span class='ocrx_word' id='word_1_16' title='bbox 1675 461 1746 526; x_wconf 82' lang='grc' dir='ltr'><strong><em>οί</em></strong></span> <span class='ocrx_word' id='word_1_17' title='bbox 1795 462 2317 545; x_wconf 80' lang='grc' dir='ltr'><strong><em>μεταναστάντες</em></strong></span> 
     </span>
     <span class='ocr_line' id='line_1_4' title="bbox 384 565 2315 653; baseline 0.002 -22"><span class='ocrx_word' id='word_1_18' title='bbox 384 565 458 631; x_wconf 78' lang='grc' dir='ltr'><strong><em>ἐκ</em></strong></span> <span class='ocrx_word' id='word_1_19' title='bbox 509 576 647 632; x_wconf 89' lang='grc' dir='ltr'><strong><em>τῶν</em></strong></span> <span class='ocrx_word' id='word_1_20' title='bbox 701 567 841 632; x_wconf 77' lang='grc' dir='ltr'><strong><em>ἅνω</em></strong></span> <span class='ocrx_word' id='word_1_21' title='bbox 897 568 1121 632; x_wconf 85' lang='grc' dir='ltr'><strong><em>τόπων</em></strong></span> <span class='ocrx_word' id='word_1_22' title='bbox 1178 567 1292 632; x_wconf 79' lang='grc' dir='ltr'><strong><em>διὰ</em></strong></span> <span class='ocrx_word' id='word_1_23' title='bbox 1345 575 1597 651; x_wconf 87' lang='grc' dir='ltr'><strong><em>καῦμα,</em></strong></span> <span class='ocrx_word' id='word_1_24' title='bbox 1656 570 2315 653; x_wconf 77' lang='grc' dir='ltr'><strong><em>προσαγορευόμενοι</em></strong></span> 
     </span>
     <span class='ocr_line' id='line_1_5' title="bbox 384 668 2318 761; baseline 0.002 -25"><span class='ocrx_word' id='word_1_25' title='bbox 384 668 459 737; x_wconf 73' lang='grc' dir='ltr'><strong><em>δὲ</em></strong></span> <span class='ocrx_word' id='word_1_26' title='bbox 492 674 791 756; x_wconf 78' lang='grc' dir='ltr'><strong><em>Βόλγιοι,</em></strong></span> <span class='ocrx_word' id='word_1_27' title='bbox 830 671 1144 755; x_wconf 85' lang='grc' dir='ltr'><strong><em>λέγουσιν</em></strong></span> <span class='ocrx_word' id='word_1_28' title='bbox 1181 672 1503 757; x_wconf 76' lang='grc' dir='ltr'><strong><em>ἐμφάσεις</em></strong></span> <span class='ocrx_word' id='word_1_29' title='bbox 1537 674 1725 751; x_wconf 82' lang='grc' dir='ltr'><strong><em>τινὰς</em></strong></span> <span class='ocrx_word' id='word_1_30' title='bbox 1761 668 1935 740; x_wconf 83' lang='grc' dir='ltr'><strong><em>εἶναι</em></strong></span> <span class='ocrx_word' id='word_1_31' title='bbox 1970 672 2123 761; x_wconf 81' lang='grc' dir='ltr'><strong><em>περὶ</em></strong></span> <span class='ocrx_word' id='word_1_32' title='bbox 2159 677 2318 752; x_wconf 87' lang='grc' dir='ltr'><strong><em>τοὺς</em></strong></span> 
     </span>
     <span class='ocr_line' id='line_1_6' title="bbox 381 773 2369 864; baseline 0.002 -21"><span class='ocrx_word' id='word_1_33' title='bbox 381 782 627 857; x_wconf 87' lang='grc' dir='ltr'><strong><em>τόπους</em></strong></span> <span class='ocrx_word' id='word_1_34' title='bbox 682 780 1007 862; x_wconf 73' lang='grc' dir='ltr'><strong><em>ἐκείνους,</em></strong></span> <span class='ocrx_word' id='word_1_35' title='bbox 1065 778 1132 859; x_wconf 80' lang='grc' dir='ltr'><strong><em>ἐξ</em></strong></span> <span class='ocrx_word' id='word_1_36' title='bbox 1187 773 1284 846; x_wconf 81' lang='grc' dir='ltr'><strong><em>ὧν</em></strong></span> <span class='ocrx_word' id='word_1_37' title='bbox 1331 780 1416 844; x_wconf 77' lang='grc' dir='ltr'><strong><em>ἄν</em></strong></span> <span class='ocrx_word' id='word_1_38' title='bbox 1471 802 1573 857; x_wconf 90' lang='grc' dir='ltr'><strong><em>τις</em></strong></span> <span class='ocrx_word' id='word_1_39' title='bbox 1627 784 2095 864; x_wconf 78' lang='grc' dir='ltr'><strong><em>συλλογίσαιτο</em></strong></span> <span class='ocrx_word' id='word_1_40' title='bbox 2144 782 2314 848; x_wconf 78' lang='grc' dir='ltr'><strong><em>διότι</em></strong></span> <span class='ocrx_word' id='word_1_41' title='bbox 2343 799 2369 839; x_wconf 78' lang='lat'><strong>5</strong></span> 
     </span>
     <span class='ocr_line' id='line_1_7' title="bbox 380 885 2316 972; baseline 0.002 -22"><span class='ocrx_word' id='word_1_42' title='bbox 380 891 649 952; x_wconf 82' lang='grc' dir='ltr'><strong><em>πολλῶν</em></strong></span> <span class='ocrx_word' id='word_1_43' title='bbox 701 896 935 971; x_wconf 90' lang='grc' dir='ltr'><strong><em>πηγῶν</em></strong></span> <span class='ocrx_word' id='word_1_44' title='bbox 1002 888 1098 963; x_wconf 82' lang='grc' dir='ltr'><strong><em>εἰς</em></strong></span> <span class='ocrx_word' id='word_1_45' title='bbox 1149 885 1268 952; x_wconf 79' lang='grc' dir='ltr'><strong><em>ἕνα</em></strong></span> <span class='ocrx_word' id='word_1_46' title='bbox 1332 887 1544 952; x_wconf 90' lang='grc' dir='ltr'><strong><em>τόπον</em></strong></span> <span class='ocrx_word' id='word_1_47' title='bbox 1604 885 2102 972; x_wconf 83' lang='grc' dir='ltr'><strong><em>ἀθροιζομένων</em></strong></span> <span class='ocrx_word' id='word_1_48' title='bbox 2158 903 2316 953; x_wconf 85' lang='grc' dir='ltr'><strong><em>συν-</em></strong></span> 
     </span>
     <span class='ocr_line' id='line_1_8' title="bbox 382 992 2315 1077; baseline 0.002 -22"><span class='ocrx_word' id='word_1_49' title='bbox 382 993 639 1057; x_wconf 89' lang='grc' dir='ltr'><strong><em>ίσταται</em></strong></span> <span class='ocrx_word' id='word_1_50' title='bbox 692 994 768 1058; x_wconf 90' lang='grc' dir='ltr'><strong><em>τὸ</em></strong></span> <span class='ocrx_word' id='word_1_51' title='bbox 825 992 1036 1077; x_wconf 72' lang='grc' dir='ltr'><strong><em>ῥεῦμα</em></strong></span> <span class='ocrx_word' id='word_1_52' title='bbox 1081 999 1203 1057; x_wconf 80' lang='grc' dir='ltr'><strong><em>τοῦ</em></strong></span> <span class='ocrx_word' id='word_1_53' title='bbox 1250 994 1540 1057; x_wconf 84' lang='grc' dir='ltr'><strong><em>Νείλου·</em></strong></span> <span class='ocrx_word' id='word_1_54' title='bbox 1611 994 1718 1059; x_wconf 77' lang='grc' dir='ltr'><strong><em>διὸ</em></strong></span> <span class='ocrx_word' id='word_1_55' title='bbox 1762 992 1874 1059; x_wconf 87' lang='grc' dir='ltr'><strong><em>καὶ</em></strong></span> <span class='ocrx_word' id='word_1_56' title='bbox 1929 993 2315 1076; x_wconf 80' lang='grc' dir='ltr'><strong><em>πολυγονώ-</em></strong></span> 
     </span>
     <span class='ocr_line' id='line_1_9' title="bbox 380 1098 2314 1186; baseline 0.002 -23"><span class='ocrx_word' id='word_1_57' title='bbox 380 1120 582 1164; x_wconf 89' lang='grc' dir='ltr'><strong><em>τατον</em></strong></span> <span class='ocrx_word' id='word_1_58' title='bbox 636 1099 843 1164; x_wconf 82' lang='grc' dir='ltr'><strong><em>αὐτὸν</em></strong></span> <span class='ocrx_word' id='word_1_59' title='bbox 897 1099 1220 1185; x_wconf 79' lang='grc' dir='ltr'><strong><em>ὑπάρχειν</em></strong></span> <span class='ocrx_word' id='word_1_60' title='bbox 1274 1099 1547 1165; x_wconf 89' lang='grc' dir='ltr'><strong><em>πάντων</em></strong></span> <span class='ocrx_word' id='word_1_61' title='bbox 1609 1109 1746 1166; x_wconf 90' lang='grc' dir='ltr'><strong><em>τῶν</em></strong></span> <span class='ocrx_word' id='word_1_62' title='bbox 1808 1098 2314 1186; x_wconf 81' lang='grc' dir='ltr'><strong><em>γνωριζομένων</em></strong></span> 
     </span>
     <span class='ocr_line' id='line_1_10' title="bbox 309 1200 2507 1291; baseline 0.002 -22"><span class='ocrx_word' id='word_1_63' title='bbox 309 1230 344 1278; x_wconf 84' lang='lat'>9</span> <span class='ocrx_word' id='word_1_64' title='bbox 381 1213 714 1288; x_wconf 75' lang='grc' dir='ltr'><strong><em>ποταμῶν.</em></strong></span> <span class='ocrx_word' id='word_1_65' title='bbox 797 1205 870 1270; x_wconf 87' lang='grc' dir='ltr'><strong><em>οί</em></strong></span> <span class='ocrx_word' id='word_1_66' title='bbox 911 1200 986 1270; x_wconf 71' lang='grc' dir='ltr'><strong><em>δὲ</em></strong></span> <span class='ocrx_word' id='word_1_67' title='bbox 1030 1215 1530 1291; x_wconf 77' lang='grc' dir='ltr'><strong><em>περιοικοῦντες</em></strong></span> <span class='ocrx_word' id='word_1_68' title='bbox 1573 1206 1698 1289; x_wconf 83' lang='grc' dir='ltr'><strong><em>τὴν</em></strong></span> <span class='ocrx_word' id='word_1_69' title='bbox 1743 1213 1955 1289; x_wconf 82' lang='grc' dir='ltr'><strong><em>νῆσον</em></strong></span> <span class='ocrx_word' id='word_1_70' title='bbox 1992 1207 2117 1289; x_wconf 83' lang='grc' dir='ltr'><strong><em>τὴν</em></strong></span> <span class='ocrx_word' id='word_1_71' title='bbox 2162 1206 2314 1272; x_wconf 72' lang='grc' dir='ltr'><strong><em>ὀνο·</em></strong></span> <span class='ocrx_word' id='word_1_72' title='bbox 2500 1279 2507 1286; x_wconf 61' lang='grc'><strong><em>,</em></strong></span> 
     </span>
     <span class='ocr_line' id='line_1_11' title="bbox 382 1303 2392 1397; baseline -0.001 -23"><span class='ocrx_word' id='word_1_73' title='bbox 382 1308 757 1393; x_wconf 79' lang='grc' dir='ltr'><strong><em>μαζομένην</em></strong></span> <span class='ocrx_word' id='word_1_74' title='bbox 792 1313 1095 1397; x_wconf 82' lang='grc' dir='ltr'><strong><em>Μερόην,</em></strong></span> <span class='ocrx_word' id='word_1_75' title='bbox 1133 1303 1236 1389; x_wconf 87' lang='grc' dir='ltr'><strong><em>οἷς</em></strong></span> <span class='ocrx_word' id='word_1_76' title='bbox 1268 1310 1382 1377; x_wconf 80' lang='grc' dir='ltr'><strong><em>καὶ</em></strong></span> <span class='ocrx_word' id='word_1_77' title='bbox 1420 1308 1683 1395; x_wconf 85' lang='grc' dir='ltr'><strong><em>μάλιστ’</em></strong></span> <span class='ocrx_word' id='word_1_78' title='bbox 1729 1313 1814 1377; x_wconf 79' lang='grc' dir='ltr'><strong><em>ἄν</em></strong></span> <span class='ocrx_word' id='word_1_79' title='bbox 1848 1334 1949 1390; x_wconf 92' lang='grc' dir='ltr'><strong><em>τις</em></strong></span> <span class='ocrx_word' id='word_1_80' title='bbox 1987 1311 2309 1393; x_wconf 87' lang='grc' dir='ltr'><strong><em>συγκατά-</em></strong></span> <span class='ocrx_word' id='word_1_81' title='bbox 2340 1332 2392 1371; x_wconf 81' lang='grc' dir='ltr'><strong><em>ιο</em></strong></span> 
     </span>
     <span class='ocr_line' id='line_1_12' title="bbox 380 1414 2312 1504; baseline 0.002 -25"><span class='ocrx_word' id='word_1_82' title='bbox 380 1421 603 1499; x_wconf 86' lang='grc' dir='ltr'><strong><em>θοιτο,</em></strong></span> <span class='ocrx_word' id='word_1_83' title='bbox 649 1424 766 1500; x_wconf 82' lang='grc' dir='ltr'><strong><em>τῆς</em></strong></span> <span class='ocrx_word' id='word_1_84' title='bbox 811 1414 934 1502; x_wconf 72' lang='grc' dir='ltr'><strong><em>μὲν</em></strong></span> <span class='ocrx_word' id='word_1_85' title='bbox 971 1419 1138 1484; x_wconf 77' lang='grc' dir='ltr'><strong><em>κατὰ</em></strong></span> <span class='ocrx_word' id='word_1_86' title='bbox 1180 1419 1256 1483; x_wconf 91' lang='grc' dir='ltr'><strong><em>τὸ</em></strong></span> <span class='ocrx_word' id='word_1_87' title='bbox 1302 1420 1603 1485; x_wconf 86' lang='grc' dir='ltr'><strong><em>πιθανὸν</em></strong></span> <span class='ocrx_word' id='word_1_88' title='bbox 1638 1417 2104 1504; x_wconf 80' lang='grc' dir='ltr'><strong><em>εὑρησιλογίας</em></strong></span> <span class='ocrx_word' id='word_1_89' title='bbox 2138 1420 2312 1483; x_wconf 89' lang='grc' dir='ltr'><strong><em>πολὺ</em></strong></span> 
     </span>
     <span class='ocr_line' id='line_1_13' title="bbox 380 1521 2312 1609; baseline 0.002 -22"><span class='ocrx_word' id='word_1_90' title='bbox 380 1522 920 1609; x_wconf 75' lang='grc' dir='ltr'><strong><em>κεχωρισμένοις,</em></strong></span> <span class='ocrx_word' id='word_1_91' title='bbox 975 1536 1116 1590; x_wconf 86' lang='grc' dir='ltr'><strong><em>τῶν</em></strong></span> <span class='ocrx_word' id='word_1_92' title='bbox 1172 1521 1247 1590; x_wconf 72' lang='grc' dir='ltr'><strong><em>δὲ</em></strong></span> <span class='ocrx_word' id='word_1_93' title='bbox 1292 1527 1518 1591; x_wconf 89' lang='grc' dir='ltr'><strong><em>τόπων</em></strong></span> <span class='ocrx_word' id='word_1_94' title='bbox 1560 1536 1697 1591; x_wconf 86' lang='grc' dir='ltr'><strong><em>τῶν</em></strong></span> <span class='ocrx_word' id='word_1_95' title='bbox 1745 1523 2162 1609; x_wconf 78' lang='grc' dir='ltr'><strong><em>ζητουμένων</em></strong></span> <span class='ocrx_word' id='word_1_96' title='bbox 2207 1525 2312 1606; x_wconf 74' lang='grc' dir='ltr'><strong><em>ἔγ-</em></strong></span> 
     </span>
     <span class='ocr_line' id='line_1_14' title="bbox 380 1629 2313 1716; baseline 0.001 -23"><span class='ocrx_word' id='word_1_97' title='bbox 380 1645 574 1710; x_wconf 89' lang='grc' dir='ltr'><strong><em>γιστα</em></strong></span> <span class='ocrx_word' id='word_1_98' title='bbox 627 1629 985 1716; x_wconf 82' lang='grc' dir='ltr'><strong><em>κειμένοις,</em></strong></span> <span class='ocrx_word' id='word_1_99' title='bbox 1044 1640 1372 1697; x_wconf 86' lang='grc' dir='ltr'><strong><em>τοσοῦτον</em></strong></span> <span class='ocrx_word' id='word_1_100' title='bbox 1427 1629 1747 1715; x_wconf 78' lang='grc' dir='ltr'><strong><em>ἀπέχουσι</em></strong></span> <span class='ocrx_word' id='word_1_101' title='bbox 1799 1640 1920 1696; x_wconf 85' lang='grc' dir='ltr'><strong><em>τοῦ</em></strong></span> <span class='ocrx_word' id='word_1_102' title='bbox 1975 1630 2196 1713; x_wconf 89' lang='grc' dir='ltr'><strong><em>λέγειν</em></strong></span> <span class='ocrx_word' id='word_1_103' title='bbox 2248 1655 2313 1697; x_wconf 91' lang='grc' dir='ltr'><strong><em>τι</em></strong></span> 
     </span>
     <span class='ocr_line' id='line_1_15' title="bbox 378 1733 2312 1822; baseline 0.002 -23"><span class='ocrx_word' id='word_1_104' title='bbox 378 1735 530 1821; x_wconf 86' lang='grc' dir='ltr'><strong><em>περὶ</em></strong></span> <span class='ocrx_word' id='word_1_105' title='bbox 575 1737 833 1803; x_wconf 85' lang='grc' dir='ltr'><strong><em>τούτων</em></strong></span> <span class='ocrx_word' id='word_1_106' title='bbox 879 1736 1168 1822; x_wconf 83' lang='grc' dir='ltr'><strong><em>ἀκριβῶς</em></strong></span> <span class='ocrx_word' id='word_1_107' title='bbox 1212 1736 1382 1801; x_wconf 81' lang='grc' dir='ltr'><strong><em>ὥστε</em></strong></span> <span class='ocrx_word' id='word_1_108' title='bbox 1426 1733 1539 1801; x_wconf 85' lang='grc' dir='ltr'><strong><em>καὶ</em></strong></span> <span class='ocrx_word' id='word_1_109' title='bbox 1582 1738 1701 1801; x_wconf 89' lang='grc' dir='ltr'><strong><em>τὸν</em></strong></span> <span class='ocrx_word' id='word_1_110' title='bbox 1746 1738 2045 1820; x_wconf 87' lang='grc' dir='ltr'><strong><em>ποταμὸν</em></strong></span> <span class='ocrx_word' id='word_1_111' title='bbox 2085 1735 2312 1803; x_wconf 83' lang='grc' dir='ltr'><strong><em>Ἀστά-</em></strong></span> 
     </span>
     <span class='ocr_line' id='line_1_16' title="bbox 377 1838 2391 1928; baseline -0.002 -22"><span class='ocrx_word' id='word_1_112' title='bbox 377 1861 553 1908; x_wconf 88' lang='grc' dir='ltr'><strong><em>πουν</em></strong></span> <span class='ocrx_word' id='word_1_113' title='bbox 591 1842 1232 1928; x_wconf 82' lang='grc' dir='ltr'><strong><em>προσηγορεύκασιν,</em></strong></span> <span class='ocrx_word' id='word_1_114' title='bbox 1262 1842 1425 1926; x_wconf 79' lang='grc' dir='ltr'><strong><em>ὅπερ</em></strong></span> <span class='ocrx_word' id='word_1_115' title='bbox 1465 1838 1604 1906; x_wconf 77' lang='grc' dir='ltr'><strong><em>ἐστὶ</em></strong></span> <span class='ocrx_word' id='word_1_116' title='bbox 1641 1842 2310 1926; x_wconf 86' lang='grc' dir='ltr'><strong><em>μεθερμηνευόμενον</em></strong></span> <span class='ocrx_word' id='word_1_117' title='bbox 2339 1863 2391 1902; x_wconf 87' lang='lat'><strong><em>15</em></strong></span> 
     </span>
     <span class='ocr_line' id='line_1_17' title="bbox 378 1945 2308 2036; baseline 0.001 -23"><span class='ocrx_word' id='word_1_118' title='bbox 378 1950 475 2025; x_wconf 82' lang='grc' dir='ltr'><strong><em>εἰς</em></strong></span> <span class='ocrx_word' id='word_1_119' title='bbox 518 1949 641 2034; x_wconf 82' lang='grc' dir='ltr'><strong><em>τὴν</em></strong></span> <span class='ocrx_word' id='word_1_120' title='bbox 688 1945 1026 2033; x_wconf 86' lang='grc' dir='ltr'><strong><em>Ἑλλήνων</em></strong></span> <span class='ocrx_word' id='word_1_121' title='bbox 1080 1949 1431 2014; x_wconf 76' lang='grc' dir='ltr'><strong><em>διάλεκτον</em></strong></span> <span class='ocrx_word' id='word_1_122' title='bbox 1487 1946 1560 2013; x_wconf 80' lang='grc' dir='ltr'><strong><em>ἐκ</em></strong></span> <span class='ocrx_word' id='word_1_123' title='bbox 1603 1956 1726 2013; x_wconf 84' lang='grc' dir='ltr'><strong><em>τοῦ</em></strong></span> <span class='ocrx_word' id='word_1_124' title='bbox 1780 1949 2059 2024; x_wconf 89' lang='grc' dir='ltr'><strong><em>σκότους</em></strong></span> <span class='ocrx_word' id='word_1_125' title='bbox 2104 1947 2308 2036; x_wconf 78' lang='grc' dir='ltr'><strong><em>ὕδωρ.</em></strong></span> 
     </span>
     <span class='ocr_line' id='line_1_18' title="bbox 275 2051 2310 2146; baseline 0 -24"><span class='ocrx_word' id='word_1_126' title='bbox 275 2081 342 2131; x_wconf 90' lang='lat'><strong><em>10</em></strong></span> <span class='ocrx_word' id='word_1_127' title='bbox 380 2052 570 2122; x_wconf 88' lang='grc' dir='ltr'><strong><em>οὗτοι</em></strong></span> <span class='ocrx_word' id='word_1_128' title='bbox 614 2053 737 2143; x_wconf 73' lang='grc' dir='ltr'><strong><em>μὲν</em></strong></span> <span class='ocrx_word' id='word_1_129' title='bbox 784 2051 909 2123; x_wconf 83' lang='grc' dir='ltr'><strong><em>οὖν</em></strong></span> <span class='ocrx_word' id='word_1_130' title='bbox 954 2065 1046 2145; x_wconf 74' lang='grc' dir='ltr'><strong><em>τῷ</em></strong></span> <span class='ocrx_word' id='word_1_131' title='bbox 1093 2059 1319 2146; x_wconf 71' lang='grc' dir='ltr'><strong><em>Νείλῳ</em></strong></span> <span class='ocrx_word' id='word_1_132' title='bbox 1365 2065 1482 2141; x_wconf 84' lang='grc' dir='ltr'><strong><em>τῆς</em></strong></span> <span class='ocrx_word' id='word_1_133' title='bbox 1528 2055 1602 2122; x_wconf 81' lang='grc' dir='ltr'><strong><em>ἐν</em></strong></span> <span class='ocrx_word' id='word_1_134' title='bbox 1637 2066 1780 2134; x_wconf 79' lang='grc' dir='ltr'><strong><em>τοῖς</em></strong></span> <span class='ocrx_word' id='word_1_135' title='bbox 1821 2059 2050 2134; x_wconf 89' lang='grc' dir='ltr'><strong><em>τόποις</em></strong></span> <span class='ocrx_word' id='word_1_136' title='bbox 2095 2056 2310 2123; x_wconf 83' lang='grc' dir='ltr'><strong><em>ἀθεω-</em></strong></span> 
     </span>
     <span class='ocr_line' id='line_1_19' title="bbox 380 2162 2311 2250; baseline 0.001 -21"><span class='ocrx_word' id='word_1_137' title='bbox 380 2166 615 2249; x_wconf 87' lang='grc' dir='ltr'><strong><em>ρησίας</em></strong></span> <span class='ocrx_word' id='word_1_138' title='bbox 658 2164 770 2230; x_wconf 84' lang='grc' dir='ltr'><strong><em>καὶ</em></strong></span> <span class='ocrx_word' id='word_1_139' title='bbox 814 2173 932 2249; x_wconf 85' lang='grc' dir='ltr'><strong><em>τῆς</em></strong></span> <span class='ocrx_word' id='word_1_140' title='bbox 979 2165 1152 2242; x_wconf 77' lang='grc' dir='ltr'><strong><em>ἰδίας</em></strong></span> <span class='ocrx_word' id='word_1_141' title='bbox 1188 2164 1465 2247; x_wconf 82' lang='grc' dir='ltr'><strong><em>ἀγνοίας</em></strong></span> <span class='ocrx_word' id='word_1_142' title='bbox 1502 2166 1755 2230; x_wconf 78' lang='grc' dir='ltr'><strong><em>οἰκείαν</em></strong></span> <span class='ocrx_word' id='word_1_143' title='bbox 1791 2162 2026 2242; x_wconf 79' lang='grc' dir='ltr'><strong><em>ἔταξαν</em></strong></span> <span class='ocrx_word' id='word_1_144' title='bbox 2061 2180 2311 2250; x_wconf 85' lang='grc' dir='ltr'><strong><em>προση-</em></strong></span> 
     </span>
     <span class='ocr_line' id='line_1_20' title="bbox 376 2264 2308 2356; baseline -0.001 -20"><span class='ocrx_word' id='word_1_145' title='bbox 376 2273 641 2355; x_wconf 88' lang='grc' dir='ltr'><strong><em>γορίαν·</em></strong></span> <span class='ocrx_word' id='word_1_146' title='bbox 703 2271 864 2356; x_wconf 80' lang='grc' dir='ltr'><strong><em>ἡμῖν</em></strong></span> <span class='ocrx_word' id='word_1_147' title='bbox 918 2268 982 2334; x_wconf 82' lang='grc' dir='ltr'><strong><em>δ’</em></strong></span> <span class='ocrx_word' id='word_1_148' title='bbox 1045 2269 1495 2354; x_wconf 76' lang='grc' dir='ltr'><strong><em>ἀληθέστατος</em></strong></span> <span class='ocrx_word' id='word_1_149' title='bbox 1547 2264 1722 2336; x_wconf 83' lang='grc' dir='ltr'><strong><em>εἶναι</em></strong></span> <span class='ocrx_word' id='word_1_150' title='bbox 1779 2272 1966 2337; x_wconf 82' lang='grc' dir='ltr'><strong><em>δοκεῖ</em></strong></span> <span class='ocrx_word' id='word_1_151' title='bbox 2018 2273 2217 2353; x_wconf 88' lang='grc' dir='ltr'><strong><em>λόγος</em></strong></span> <span class='ocrx_word' id='word_1_152' title='bbox 2271 2269 2308 2335; x_wconf 86' lang='grc' dir='ltr'>ὁ</span> 
     </span>
     <span class='ocr_line' id='line_1_21' title="bbox 273 2374 2414 2460; baseline 0.001 -21"><span class='ocrx_word' id='word_1_153' title='bbox 273 2399 337 2448; x_wconf 92' lang='lat'><strong><em>11</em></strong></span> <span class='ocrx_word' id='word_1_154' title='bbox 377 2379 691 2441; x_wconf 80' lang='grc' dir='ltr'><strong><em>πλεῖστον</em></strong></span> <span class='ocrx_word' id='word_1_155' title='bbox 755 2374 1018 2459; x_wconf 79' lang='grc' dir='ltr'><strong><em>ἀπέχων</em></strong></span> <span class='ocrx_word' id='word_1_156' title='bbox 1081 2384 1203 2440; x_wconf 86' lang='grc' dir='ltr'><strong><em>τοῦ</em></strong></span> <span class='ocrx_word' id='word_1_157' title='bbox 1259 2378 1815 2460; x_wconf 87' lang='grc' dir='ltr'><strong><em>προσποιήματος.</em></strong></span> <span class='ocrx_word' id='word_1_158' title='bbox 1908 2376 2032 2441; x_wconf 83' lang='grc' dir='ltr'><strong><em>οὐκ</em></strong></span> <span class='ocrx_word' id='word_1_159' title='bbox 2086 2376 2308 2459; x_wconf 90' lang='grc' dir='ltr'><strong><em>ἀγνοῶ</em></strong></span> <span class='ocrx_word' id='word_1_160' title='bbox 2346 2398 2414 2448; x_wconf 80' lang='grc'><strong><em>46</em></strong></span> 
     </span>
     <span class='ocr_line' id='line_1_22' title="bbox 378 2477 2387 2567; baseline -0.002 -22"><span class='ocrx_word' id='word_1_161' title='bbox 378 2477 453 2546; x_wconf 72' lang='grc' dir='ltr'><strong><em>δὲ</em></strong></span> <span class='ocrx_word' id='word_1_162' title='bbox 499 2481 601 2546; x_wconf 81' lang='grc' dir='ltr'><strong><em>ὅτι</em></strong></span> <span class='ocrx_word' id='word_1_163' title='bbox 653 2483 778 2566; x_wconf 84' lang='grc' dir='ltr'><strong><em>τὴν</em></strong></span> <span class='ocrx_word' id='word_1_164' title='bbox 831 2483 998 2567; x_wconf 88' lang='grc' dir='ltr'><strong><em>πρὸς</em></strong></span> <span class='ocrx_word' id='word_1_165' title='bbox 1048 2482 1173 2564; x_wconf 79' lang='grc' dir='ltr'><strong><em>τὴν</em></strong></span> <span class='ocrx_word' id='word_1_166' title='bbox 1227 2480 1314 2546; x_wconf 79' lang='grc' dir='ltr'><strong><em>ἕω</em></strong></span> <span class='ocrx_word' id='word_1_167' title='bbox 1371 2490 1494 2547; x_wconf 86' lang='grc' dir='ltr'><strong><em>τοῦ</em></strong></span> <span class='ocrx_word' id='word_1_168' title='bbox 1549 2490 1853 2565; x_wconf 86' lang='grc' dir='ltr'><strong><em>ποταμοῦ</em></strong></span> <span class='ocrx_word' id='word_1_169' title='bbox 1907 2482 2152 2546; x_wconf 86' lang='grc' dir='ltr'><strong><em>τούτου</em></strong></span> <span class='ocrx_word' id='word_1_170' title='bbox 2196 2478 2308 2546; x_wconf 87' lang='grc' dir='ltr'><strong><em>καὶ</em></strong></span> <span class='ocrx_word' id='word_1_171' title='bbox 2337 2504 2387 2542; x_wconf 75' lang='lat'><strong><em>21</em></strong></span> 
     </span>
     <span class='ocr_line' id='line_1_23' title="bbox 375 2583 2307 2673; baseline 0.001 -23"><span class='ocrx_word' id='word_1_172' title='bbox 375 2586 499 2670; x_wconf 82' lang='grc' dir='ltr'><strong><em>τὴν</em></strong></span> <span class='ocrx_word' id='word_1_173' title='bbox 543 2588 710 2673; x_wconf 89' lang='grc' dir='ltr'><strong><em>πρὸς</em></strong></span> <span class='ocrx_word' id='word_1_174' title='bbox 747 2585 1032 2672; x_wconf 81' lang='grc' dir='ltr'><strong><em>ἑσπέραν</em></strong></span> <span class='ocrx_word' id='word_1_175' title='bbox 1068 2587 1336 2671; x_wconf 82' lang='grc' dir='ltr'><strong><em>Λιβύην</em></strong></span> <span class='ocrx_word' id='word_1_176' title='bbox 1374 2586 1712 2672; x_wconf 80' lang='grc' dir='ltr'><strong><em>ἀφορίζων</em></strong></span> <span class='ocrx_word' id='word_1_177' title='bbox 1748 2583 2113 2672; x_wconf 54' lang='grc' dir='ltr'><strong><em>εΗρόδοτος</em></strong></span> <span class='ocrx_word' id='word_1_178' title='bbox 2150 2585 2307 2651; x_wconf 90' lang='grc' dir='ltr'><strong><em>ἀνα-</em></strong></span> 
     </span>
     <span class='ocr_line' id='line_1_24' title="bbox 375 2691 2308 2778; baseline 0.002 -23"><span class='ocrx_word' id='word_1_179' title='bbox 375 2693 609 2776; x_wconf 84' lang='grc' dir='ltr'><strong><em>τίθησι</em></strong></span> <span class='ocrx_word' id='word_1_180' title='bbox 662 2696 913 2777; x_wconf 86' lang='grc' dir='ltr'><strong><em>Λίβυσι</em></strong></span> <span class='ocrx_word' id='word_1_181' title='bbox 976 2702 1118 2770; x_wconf 81' lang='grc' dir='ltr'><strong><em>τοῖς</em></strong></span> <span class='ocrx_word' id='word_1_182' title='bbox 1180 2691 1693 2778; x_wconf 79' lang='grc' dir='ltr'><strong><em>ὀνομαζομένοις</em></strong></span> <span class='ocrx_word' id='word_1_183' title='bbox 1747 2695 2121 2776; x_wconf 87' lang='grc' dir='ltr'><strong><em>Νασαμῶσι</em></strong></span> <span class='ocrx_word' id='word_1_184' title='bbox 2183 2692 2308 2775; x_wconf 84' lang='grc' dir='ltr'><strong><em>τὴν</em></strong></span> 
     </span>
     <span class='ocr_line' id='line_1_25' title="bbox 377 2797 2307 2886; baseline 0.001 -24"><span class='ocrx_word' id='word_1_185' title='bbox 377 2797 614 2884; x_wconf 82' lang='grc' dir='ltr'><strong><em>ἀκριβῆ</em></strong></span> <span class='ocrx_word' id='word_1_186' title='bbox 668 2801 968 2885; x_wconf 83' lang='grc' dir='ltr'><strong><em>θεωρίαν</em></strong></span> <span class='ocrx_word' id='word_1_187' title='bbox 1012 2808 1135 2865; x_wconf 84' lang='grc' dir='ltr'><strong><em>τοῦ</em></strong></span> <span class='ocrx_word' id='word_1_188' title='bbox 1189 2800 1504 2886; x_wconf 76' lang='grc' dir='ltr'><strong><em>ῥείθρου,</em></strong></span> <span class='ocrx_word' id='word_1_189' title='bbox 1563 2802 1683 2865; x_wconf 88' lang='grc' dir='ltr'><strong><em>καί</em></strong></span> <span class='ocrx_word' id='word_1_190' title='bbox 1731 2815 1940 2884; x_wconf 84' lang='grc' dir='ltr'><strong><em>φησιν</em></strong></span> <span class='ocrx_word' id='word_1_191' title='bbox 1995 2801 2070 2864; x_wconf 80' lang='grc' dir='ltr'><strong><em>ἔκ</em></strong></span> <span class='ocrx_word' id='word_1_192' title='bbox 2124 2821 2307 2876; x_wconf 85' lang='grc' dir='ltr'><strong><em>τινος</em></strong></span> 
     </span>
     <span class='ocr_line' id='line_1_26' title="bbox 376 2903 2385 2993; baseline -0 -23"><span class='ocrx_word' id='word_1_193' title='bbox 376 2907 613 2991; x_wconf 88' lang='grc' dir='ltr'><strong><em>λίμνης</em></strong></span> <span class='ocrx_word' id='word_1_194' title='bbox 657 2907 1083 2992; x_wconf 85' lang='grc' dir='ltr'><strong><em>λαμβάνοντα</em></strong></span> <span class='ocrx_word' id='word_1_195' title='bbox 1120 2908 1244 2991; x_wconf 84' lang='grc' dir='ltr'><strong><em>τὴν</em></strong></span> <span class='ocrx_word' id='word_1_196' title='bbox 1282 2906 1494 2993; x_wconf 82' lang='grc' dir='ltr'><strong><em>ἀρχὴν</em></strong></span> <span class='ocrx_word' id='word_1_197' title='bbox 1528 2907 1649 2972; x_wconf 85' lang='grc' dir='ltr'><strong><em>τὸν</em></strong></span> <span class='ocrx_word' id='word_1_198' title='bbox 1684 2909 1938 2972; x_wconf 76' lang='grc' dir='ltr'><strong><em>Νεῖλον</em></strong></span> <span class='ocrx_word' id='word_1_199' title='bbox 1975 2903 2305 2991; x_wconf 83' lang='grc' dir='ltr'><strong><em>φέρεσθαι</em></strong></span> <span class='ocrx_word' id='word_1_200' title='bbox 2334 2927 2385 2969; x_wconf 77' lang='lat'><strong><em>25</em></strong></span> 
     </span>
     <span class='ocr_line' id='line_1_27' title="bbox 379 3010 2304 3099; baseline -0.002 -21"><span class='ocrx_word' id='word_1_201' title='bbox 379 3013 492 3079; x_wconf 75' lang='grc' dir='ltr'><strong><em>διὰ</em></strong></span> <span class='ocrx_word' id='word_1_202' title='bbox 533 3014 751 3099; x_wconf 81' lang='grc' dir='ltr'><strong><em>χώρας</em></strong></span> <span class='ocrx_word' id='word_1_203' title='bbox 796 3015 1203 3098; x_wconf 78' lang='grc' dir='ltr'><strong><em>Αὐθιοπικῆς</em></strong></span> <span class='ocrx_word' id='word_1_204' title='bbox 1247 3012 1631 3097; x_wconf 75' lang='grc' dir='ltr'><strong><em>ἀμυθήτου·</em></strong></span> <span class='ocrx_word' id='word_1_205' title='bbox 1691 3011 1774 3077; x_wconf 86' lang='grc' dir='ltr'><strong><em>οὐ</em></strong></span> <span class='ocrx_word' id='word_1_206' title='bbox 1832 3011 1967 3095; x_wconf 82' lang='grc' dir='ltr'><strong><em>μὴν</em></strong></span> <span class='ocrx_word' id='word_1_207' title='bbox 2012 3010 2304 3076; x_wconf 85' lang='grc' dir='ltr'><strong><em>αὐτόθεν</em></strong></span> 
     </span>
    </p>
   </div>
   <div class='ocr_carea' id='block_1_3' title="bbox 374 3237 2303 3524">
    <p class='ocr_par' dir='ltr' id='par_1_3' title="bbox 374 3237 2303 3524">
     <span class='ocr_line' id='line_1_28' title="bbox 521 3237 2302 3311; baseline -0.001 -15"><span class='ocrx_word' id='word_1_208' title='bbox 521 3249 550 3296; x_wconf 88' lang='grc'>1</span> <span class='ocrx_word' id='word_1_209' title='bbox 590 3238 772 3298; x_wconf 75' lang='grc' dir='ltr'><strong><em>αὐτὸν</em></strong></span> <span class='ocrx_word' id='word_1_210' title='bbox 808 3240 1145 3311; x_wconf 77' lang='lat' dir='ltr'><strong>Stephanus,</strong></span> <span class='ocrx_word' id='word_1_211' title='bbox 1183 3237 1375 3295; x_wconf 74' lang='grc' dir='ltr'><strong><em>αὐτῶν</em></strong></span> <span class='ocrx_word' id='word_1_212' title='bbox 1412 3239 1637 3296; x_wconf 73' lang='lat' dir='ltr'><strong>codices</strong></span> <span class='ocrx_word' id='word_1_213' title='bbox 1781 3245 1814 3294; x_wconf 82' lang='lat'><strong>2</strong></span> <span class='ocrx_word' id='word_1_214' title='bbox 1852 3239 2224 3310; x_wconf 76' lang='grc' dir='ltr'><strong><em>τρωγοὸυτῶν</em></strong></span> <span class='ocrx_word' id='word_1_215' title='bbox 2251 3239 2302 3294; x_wconf 93' lang='lat' dir='ltr'><strong>D</strong></span> 
     </span>
     <span class='ocr_line' id='line_1_29' title="bbox 375 3306 2303 3383; baseline 0 -18"><span class='ocrx_word' id='word_1_216' title='bbox 375 3319 410 3365; x_wconf 80' lang='lat'>4</span> <span class='ocrx_word' id='word_1_217' title='bbox 450 3310 661 3383; x_wconf 80' lang='grc' dir='ltr'><strong><em>βόλγιοι</em></strong></span> <span class='ocrx_word' id='word_1_218' title='bbox 699 3313 857 3382; x_wconf 86' lang='lat' dir='ltr'><strong>GDF,</strong></span> <span class='ocrx_word' id='word_1_219' title='bbox 968 3307 1132 3383; x_wconf 80' lang='grc' dir='ltr'><strong><em>’λγιοι</em></strong></span> <span class='ocrx_word' id='word_1_220' title='bbox 1168 3312 1345 3366; x_wconf 80' lang='grc' dir='ltr'><strong><em>ΔΒΕ</em></strong></span> <span class='ocrx_word' id='word_1_221' title='bbox 1505 3315 1538 3364; x_wconf 82' lang='lat'>5</span> <span class='ocrx_word' id='word_1_222' title='bbox 1577 3306 1834 3375; x_wconf 76' lang='grc' dir='ltr'><strong><em>ἐκείνους</em></strong></span> <span class='ocrx_word' id='word_1_223' title='bbox 1870 3328 1978 3367; x_wconf 87' lang='lat' dir='ltr'><strong><em>om.</em></strong></span> <span class='ocrx_word' id='word_1_224' title='bbox 2020 3308 2106 3365; x_wconf 82' lang='lat' dir='ltr'><strong><em>CF</em></strong></span> <span class='ocrx_word' id='word_1_225' title='bbox 2271 3317 2303 3365; x_wconf 87' lang='grc'>9</span> 
     </span>
     <span class='ocr_line' id='line_1_30' title="bbox 374 3331 2303 3524; baseline 0.003 -23"><span class='ocrx_word' id='word_1_226' title='bbox 374 3331 1016 3524; x_wconf 49' lang='grc' dir='ltr'><strong><em>’Ξεεεῗετξῑῑὲῃῖξῷ</em></strong></span> <span class='ocrx_word' id='word_1_227' title='bbox 1054 3380 1686 3510; x_wconf 48' lang='grc' dir='ltr'><strong><em>ὃὶὲλεὲοῖμὲεέέεῡ</em></strong></span> <span class='ocrx_word' id='word_1_228' title='bbox 1784 3383 2237 3514; x_wconf 58' lang='lat'><strong><em>12¹{02’22‘5‘3013</em></strong></span> <span class='ocrx_word' id='word_1_229' title='bbox 2254 3380 2303 3435; x_wconf 73' lang='lat'><strong><em>¹³</em></strong></span> 
     </span>
    </p>
   </div>
  </div>
 </body>
</html>
