2569 4061
1072 339 1126 394 11
1163 345 1248 394 36.
1279 345 1365 394 37.
2049 340 2174 405 231

255 502 417 578 λοὺς
458 499 570 567 καὶ
626 502 954 587 μεγάλους
1003 501 1338 584 πλωτούς,
1384 504 1460 566 οἳ
1495 502 1610 578 τὰς
1663 503 1877 587 πηγὰς
1921 503 2183 586 ἔχοντες

253 607 328 673 ἐν
387 619 527 686 τοῖς
590 609 775 695 ὄρεσι
833 619 973 686 τοῖς
1033 610 1200 694 πρὸς
1257 608 1375 685 τὰς
1434 609 1714 694 ἄρκτους
1770 607 2183 695 κεκλιμένοις

252 712 574 798 φέρονται
616 715 744 780 ’διὰ
796 722 912 798 τῆς
956 714 1305 797 πεδιάδος,
1353 708 1449 779 ὧν
1505 712 1630 778 οὐκ
1676 713 1891 796 ὀλίγοι
1941 718 2180 801 συμμί-

252 836 527 903 σγοντες
563 821 874 905 ἀλλήλοις
910 819 1360 905 ἐμβάλλουσιν
1404 821 1499 896 είς
1533 820 1832 903 ποταμὸν
1876 821 1994 884 τὸν
2030 821 2179 887 ὀνο-

197 944 224 985 6
252 930 623 1013 μαζόμενον
671 929 960 1012 Γάγγην.
1052 921 1249 1003 οὗτος
1297 922 1371 991 δὲ
1417 927 1492 991 τὸ
1542 924 1788 1002 πλάτος
1831 927 2181 1009 γινόμενος
2218 949 2248 995 2

252 1037 543 1100 σταδίων
580 1036 938 1121 τριάκοντα
974 1031 1247 1119 φέρεται
1276 1028 1400 1117 μὲν
1436 1032 1565 1097 ἀπὸ
1593 1039 1709 1116 τῆς
1744 1032 1993 1117 ἄρκτου
2020 1034 2184 1117 πρὸς

253 1144 699 1227 μεσημβρίαν,
756 1140 1165 1226 ἐξερεύγεται
1214 1137 1274 1204 δ’
1333 1141 1427 1217 εἰς
1478 1141 1598 1205 τὸν
1644 1138 1974 1222 ὠκεανόν,
2022 1137 2182 1204 ἀπο-

253 1249 612 1333 λαμβάνων
667 1249 763 1325 είς
807 1248 882 1313 τὸ
938 1248 1106 1333 πρὸς
1160 1244 1245 1311 ἕω
1303 1244 1502 1332 μέρος
1546 1248 1622 1312 τὸ
1678 1248 1882 1323 ἔθνος
1926 1247 2002 1310 τὸ
2048 1255 2183 1311 τῶν

251 1354 716 1440 Γανδαριδῶν,
762 1356 1116 1430 πλείστους
1152 1354 1307 1436 ἔχον
1350 1351 1462 1418 καὶ
1506 1356 1859 1438 μεγίστους
1904 1351 2182 1437 ἐλέφαν-

170 1475 222 1515 10
248 1482 380 1537 τας.
474 1460 581 1525 διὸ
653 1457 768 1525 καὶ
829 1466 947 1541 τῆς
1018 1459 1238 1544 χώρας
1309 1459 1551 1543 ταύτης
1623 1458 1847 1536 οὐδεὶς
1917 1460 2181 1525 πώποτε
2220 1477 2251 1525 3

248 1569 561 1651 βασιλεὺς
607 1567 852 1649 ἔπηλυς
899 1564 1238 1650 ἐκράτησε,
1290 1566 1560 1630 πάντων
1605 1576 1740 1631 τῶν
1785 1566 2179 1633 ἀλλοεθνῶν

249 1668 699 1757 φοβουμένων
770 1673 847 1736 τό
891 1693 963 1736 τε
1007 1677 1269 1754 πλῆθος
1305 1668 1416 1735 καὶ
1459 1671 1584 1753 τὴν
1630 1671 1840 1754 ἀλκὴν
1884 1683 2019 1738 τῶν
2054 1680 2181 1755 θη-

254 1779 441 1862 ρίων.
504 1774 615 1841 καὶ
660 1777 788 1863 γὰρ
821 1775 1252 1863 Ἀλέξανδρος
1299 1776 1336 1842 ὁ
1383 1776 1722 1841 Μακεδὼν
1769 1775 2025 1860 ἁπάσης
2068 1787 2183 1860 τῆς
2565 1839 2569 1902 1

247 1873 468 1960 Ἀσίας
511 1886 842 1970 κρατήσας
886 1886 1137 1969 μόνους
1189 1886 1348 1961 τοὺς
1394 1882 1818 1968 Γανδαρίδας
1864 1881 1988 1947 οὐκ
2034 1880 2183 1947 ἐπο-

168 2006 221 2047 15
249 1987 521 2075 λε’μησε·
581 1992 991 2076 καταντήσας
1043 1992 1172 2077 γὰρ
1229 1986 1337 2056 ἐπὶ
1393 1991 1513 2056 τὸν
1568 1989 1838 2075 Γάγγην
1885 1989 2185 2072 ποταμὸν
2561 1905 2569 2089 1

250 2098 414 2181 μετὰ
456 2096 672 2181 πάσης
715 2106 832 2181 τῆς
879 2098 1246 2182 δυνάμεως,
1296 2094 1405 2162 καὶ
1451 2100 1610 2174 τοὺς
1655 2097 1900 2173 ἄλλους
1931 2089 2185 2172 Ἰνδοὺς
2559 2126 2569 2171 ‚a

249 2207 813 2289 καταπολεμήσας,
862 2204 952 2280 ὡς
997 2202 1286 2269 ἐπύθετο
1333 2206 1492 2280 τοὺς
1537 2202 1962 2288 Γανδαρίδας
2008 2204 2185 2286 ἔχειν
2555 2176 2568 2269 ἦ

250 2313 812 2395 τετρακισχιλίους
842 2308 1208 2394 ἐλέφαντας
1229 2314 1600 2394 πολεμικῶς
1627 2306 2186 2393 κεκοσμημένους,
2553 2274 2566 2441 ἐ

251 2413 514 2498 ἀπέγνω
588 2417 711 2500 τὴν
776 2413 877 2481 ἐπ’
940 2416 1185 2493 αὐτοὺς
1249 2418 1618 2500 στρατείαν.
1727 2414 1764 2480 ὁ
1830 2411 1903 2480 δὲ
1975 2436 2182 2500 παρα-
2222 2432 2255 2480 4
2555 2466 2564 2513 [

169 2537 224 2578 20
250 2524 529 2605 πλήσιος
582 2531 674 2611 τῷ
730 2524 963 2609 Γάγγῃ
1014 2525 1341 2608 ποταμός,
1394 2525 2058 2608 προσαγορευόμενος
2110 2517 2185 2588 δὲ

245 2623 485 2711 Ἰνδός,
541 2630 809 2714 ἄρχεται
868 2626 992 2714 μὲν
1047 2629 1293 2714 ὁμοίως
1352 2628 1479 2694 ἀπὸ
1535 2640 1671 2694 τῶν
1726 2630 2018 2715 ἄρκτων,
2075 2628 2185 2715 ἐμ-

249 2730 518 2814 βάλλων
565 2729 639 2799 δὲ
685 2736 780 2811 εἰς
838 2736 958 2800 τὸν
1004 2733 1303 2800 ὠκεανὸν
1350 2734 1649 2820 ἀφορίζει
1702 2734 1827 2818 τὴν
1868 2728 2183 2819 Ἰνδικήν·

246 2839 506 2923 πολλὴν
546 2836 620 2905 δὲ
658 2839 925 2919 διεξιὼν
961 2841 1247 2907 πεδιάδα
1287 2841 1513 2927 χώραν
1552 2838 1810 2925 δέχεται
1847 2845 2185 2927 ποταμοὺς

248 2944 374 3010 οὐκ
437 2945 709 3028 ὀλίγους
769 2948 1102 3031 πλωτούς,
1168 2947 1732 3031 ἐπιφανεστάτους
1796 2941 1858 3012 δ’
1902 2946 2184 3013 ’Ὕπανιν

165 3070 219 3111 25
254 3048 369 3115 καὶ
405 3047 738 3137 Ὑδάσπην
784 3050 895 3119 καὶ
936 3050 1294 3120 Ἀκεσῖνον.
1366 3052 1568 3140 χωρὶς
1605 3050 1680 3119 δὲ
1723 3055 1982 3120 τούτων
2019 3055 2182 3118 ἄλλο
2222 3070 2253 3116 5

251 3161 516 3240 πλῆθος
588 3170 905 3244 ποταμῶν
976 3161 1423 3226 παντοδαπῶν
1498 3161 1763 3246 διαρρεῖ
1826 3157 1937 3226 καὶ
2006 3167 2189 3222 ποιεῖ·

386 3388 437 3438 '4
478 3383 584 3457 εἰς]
624 3383 705 3449 εἰς
741 3382 842 3441 τὸν
878 3387 928 3441 D
1076 3391 1108 3441 5
1146 3381 1453 3457 γενόμενος
1490 3387 1642 3456 vulg.
1770 3391 1802 3438 9
1843 3382 2188 3450 Γαδαρίδων

253 3455 324 3522 D,
368 3457 747 3526 Γανδαρικῶν
778 3457 865 3512 CF
933 3463 999 3512 12
1028 3476 1087 3512 τε
1120 3474 1231 3513 om.
1257 3458 1410 3528 vulg.
1487 3463 1555 3511 14
1575 3457 1635 3511 ef,
1657 3459 1721 3508 17
1762 3449 1925 3508 Γαδά
1964 3453 2089 3536 ιδας
2115 3450 2184 3517 D,

257 3523 659 3596 Γανδαρικοῦς
695 3526 782 3584 CF
927 3535 998 3585 20
1033 3528 1268 3600 ποταμῷ
1306 3527 1360 3581 11
1504 3531 1573 3581 22
1611 3521 1895 3593 ὠκεανὸν]
1956 3521 2097 3575 νδον
2134 3521 2186 3573 D

257 3601 329 3651 25
366 3592 616 3653 ὖδάσπιν
652 3599 702 3653 D
776 3595 1107 3656 άκαίσεινον
1146 3599 1213 3653 D.
