2569 4061
1653 253 1664 260 x

1100 356 1154 410 11
1192 363 1241 413 9.
1275 362 1360 413 ιο.
2071 360 2200 425 187

274 521 410 586 ὑπὸ
465 515 541 585 δὲ
593 530 736 595 ταῖς
795 518 1432 602 κατεσκευασμέναις
1496 520 1899 604 ἀναβάσεσιν
1955 521 2204 611 ᾠκοδό-
2241 545 2273 593 3

280 648 493 711 μηντο
531 625 863 711 σύριγγες,
911 626 1088 691 ἅπαν
1124 621 1249 709 μὲν
1286 624 1767 710 ὑποδεχόμεναι
1803 631 1877 694 τὸ
1914 638 2038 695 τοῦ
2074 653 2205 714 φυ-

278 736 633 818 τουργείου
686 733 920 817 βάρος,
988 731 1295 815 ἀλλήλων
1352 726 1416 797 δ’
1468 730 1540 797 ἐκ
1593 742 1715 797 τοῦ
1766 732 1906 798 κατ’
1969 737 2203 819 ὀλίγον

282 837 386 903 ἀεὶ
430 840 666 926 μικρὸν
711 835 1154 923 ὑπερέχουσαι
1197 839 1364 904 κατὰ
1419 839 1543 921 τὴν
1586 841 1987 924 πρόσβασιν·
2040 842 2083 924 ἡ
2131 840 2194 906 δ’

196 959 224 999 5
280 946 589 1011 ἀνωτάτω
645 944 879 1030 σῦριγξ
934 939 1104 1009 οὖσα
1157 948 1569 1028 πεντήκοντα
1627 956 1860 1030 πηχῶν
1905 947 1979 1010 τὸ
2033 947 2205 1024 ὕψος

276 1047 453 1136 εἶχεν
497 1049 599 1117 ἐπ’
654 1051 821 1135 αὐτῇ
867 1059 990 1116 τοῦ
1044 1052 1458 1136 παραδείσου
1506 1053 1630 1135 τὴν
1677 1050 2023 1135 ἀνωτάτην
2069 1052 2205 1117 ἐπι-

274 1160 565 1243 φάνειαν
593 1154 1162 1240 συνεξισουμένην
1198 1165 1290 1243 τῷ
1321 1159 1651 1244 περιβόλῳ
1688 1167 1825 1222 τῶν
1853 1156 2204 1236 ἐπάλξεων.

274 1263 489 1331 ἔπειθ’
545 1264 618 1330 oc
656 1260 780 1347 μὲν
823 1272 1037 1348 τοῖχοι
1081 1267 1460 1340 πολυτελῶς
1491 1264 2090 1349 κατεσκευασμένοι
2125 1266 2202 1331 τὸ
2241 1284 2277 1332 4

272 1373 483 1455 πάχος
519 1364 702 1453 εἶχον
738 1370 970 1434 ποδῶν
997 1373 1210 1433 εἴκοσι
1246 1368 1394 1451 δύο,
1431 1380 1567 1434 τῶν
1596 1366 1670 1435 δὲ
1700 1371 2020 1450 διεξόδων
2057 1370 2205 1436 ἑκά-

193 1509 249 1548 10
277 1491 398 1560 στη
456 1478 532 1541 τὸ
587 1476 834 1550 πλάτος
880 1473 1057 1540 δέκα.
1149 1475 1267 1550 τὰς
1324 1469 1384 1538 δ’
1426 1476 1680 1560 ὀροφὰς
1731 1476 2203 1561 κατεστέγαζον

273 1586 536 1648 λίθιναι
601 1581 822 1662 δοκοί,
886 1581 961 1644 τὸ
1027 1576 1150 1662 μὲν
1204 1589 1410 1664 μῆκος
1465 1584 1594 1646 σὺν
1655 1591 1801 1659 ταῖς
1863 1583 2203 1667 ἐπιβολαῖς

274 1690 549 1771 ἔχουσαι
593 1687 823 1751 ποδῶν
869 1683 1240 1769 ἑκκαίδεκα,
1296 1687 1372 1751 τὸ
1430 1683 1504 1751 δὲ
1557 1674 1803 1764 πλάτος
1854 1692 2200 1775 τεττάρων.

263 1794 351 1858 τὸ
408 1789 470 1858 δ’
523 1789 632 1857 ἐπὶ
684 1801 827 1868 ταῖς
882 1793 1107 1869 δοκοῖς
1161 1792 1483 1878 ὀρόφωμα
1537 1802 1805 1877 πρῶτον
1850 1789 1973 1877 μὲν
2027 1790 2203 1879 εἶχεν
2240 1813 2271 1862 5

259 1894 788 1984 «ὑπεστρωμένον
822 1898 1123 1982 κάλαμον
1150 1899 1314 1983 μετὰ
1348 1903 1597 1982 πολλῆς
1634 1898 2002 1984 ἀσφάλτου,
2042 1901 2205 1984 μετὰ

191 2036 245 2078 15
274 2000 349 2070 δὲ
402 2013 611 2072 ταῦτα
653 2007 949 2071 πλίνθον
1004 2004 1216 2088 ὀπτὴν
1262 2006 1506 2090 διπλῆν
1560 2004 1635 2071 ἐν
1679 2002 1875 2094 γύψῳ
1940 2003 2204 2090 δεδεμέ-

271 2136 430 2195 νην,
495 2115 728 2195 τρίτην
795 2110 860 2176 δ’
926 2111 1244 2195 ἐπιβολὴν
1304 2110 1563 2198 ἐδέχετο
1630 2116 1909 2196 μολιβᾶς
1969 2112 2205 2196 στέγας

271 2220 437 2301 πρὸς
480 2220 557 2284 τὸ
604 2220 694 2302 μὴ
742 2220 1153 2284 διικνεῖσθαι
1196 2220 1363 2283 κατὰ
1398 2219 1616 2301 βάθος
1650 2220 1774 2302 τὴν
1812 2218 1883 2284 ἐκ
1919 2227 2042 2284 τοῦ
2076 2219 2203 2303 χώ-

272 2346 475 2408 ματος
519 2324 772 2388 νοτίδα.
856 2321 965 2388 ἐπὶ
1011 2318 1088 2388 δὲ
1131 2324 1395 2399 τούτοις
1439 2322 1848 2409 ἐσεσώρευτο
1893 2333 2017 2408 γῆς
2064 2325 2203 2390 ἰκα-

270 2430 396 2493 νὸν
457 2429 705 2512 βάθος,
779 2427 1033 2513 ἀρκοῦν
1096 2438 1240 2504 ταῖς
1302 2438 1439 2493 τῶν
1503 2432 1834 2514 μεγίστων
1899 2428 2203 2513 δένδρων

193 2567 249 2606 20
278 2534 505 2619 ῥίζαις·
554 2537 628 2600 τὸ
668 2529 729 2600 δ’
772 2536 1024 2618 ἔδαφος
1060 2532 1595 2619 ἐξωμαλισμένον
1633 2540 1877 2621 πλῆρες
1915 2530 2001 2620 ἦν
2037 2557 2201 2604 παν-

274 2641 585 2706 τοδαπῶν
640 2640 944 2726 δένδρων
989 2651 1126 2708 τῶν
1181 2640 1578 2725 δυναμένων
1630 2643 1798 2708 κατά
1850 2663 1922 2707 τε
1967 2645 2046 2708 τὸ
2090 2642 2201 2728 μέ-

165 2765 270 2816 125
289 2752 495 2828 γεθος
537 2745 649 2813 καὶ
692 2749 818 2830 τὴν
864 2749 1075 2830 ἀλλην
1118 2749 1316 2833 χάριν
1359 2751 1518 2825 τοὺς
1557 2747 1944 2833 θεωμένους
1988 2760 2200 2834 ψυχα-

268 2859 587 2934 γωγῆσαι.
678 2853 756 2917 αἰ
808 2848 881 2917 δὲ
942 2854 1252 2938 σύριγγες
1295 2855 1378 2918 τὰ
1423 2864 1614 2937 φῶτα
1659 2856 2011 2940 δεχόμεναι
2055 2866 2199 2933 ταῖς
2236 2876 2268 2924 6

273 2955 363 3023 δι’
418 2957 724 3041 ἀλλήλων
767 2958 1123 3045 ὑπεροχαῖς
1175 2961 1429 3037 πολλὰς
1480 2959 1591 3026 καὶ
1637 2963 2064 3037 παντοδαπὰς
2109 2956 2201 3026 εἷ-

188 3096 243 3137 25
270 3087 393 3147 χον
442 3065 697 3142 διαίτας
742 3067 1117 3148 βασιλικάς·
1172 3068 1290 3149 μία
1338 3060 1401 3131 δ’
1450 3061 1539 3149 ’ἦν
1585 3066 1656 3133 ἐκ
1700 3076 1817 3151 τῆς
1863 3067 2202 3148 ἀνωτάτης

275 3167 666 3254 ἐπιφανείας
710 3172 1028 3256 διατομὰς
1073 3174 1317 3256 ἔχουσα
1363 3171 1475 3238 καὶ
1512 3175 1678 3259 πρὸς
1719 3175 1838 3251 τὰς
1883 3171 2201 3251 ἐπαντλή-

416 3400 448 3449 2
485 3391 911 3466 ἀναδεχόμεναι
946 3396 1001 3449 Π
1106 3402 1141 3452 5
1179 3392 1440 3466 ἀνωτάτη
1481 3396 1535 3450 ΙΙ
1644 3403 1676 3450 6
1716 3391 1813 3463 ἐφ’
1846 3390 1991 3463 αὑτῇ
2032 3391 2200 3445 Dind.

272 3471 306 3520 8
343 3465 886 3538 κατεσκευασμένοι]
927 3463 1338 3538 ἢσφαλισμένοι
1375 3468 1429 3521 ΙΙ
1610 3473 1641 3520 9
1681 3461 1739 3519 δ’
1784 3460 1998 3528 ἐξόδων
2044 3461 2199 3542 yulg.

275 3542 340 3590 12
380 3535 587 3603 δεκαέξ
624 3538 674 3591 D
861 3544 927 3592 16
975 3535 1275 3607 ἐπεδέχετο
1317 3537 1363 3591 Ο
1542 3542 1607 3590 19
1647 3531 1860 3599 ἀρκοῦν
1898 3531 2206 3600 Gemlstue,

272 3602 630 3677 ἀρκούμενον
668 3608 886 3664 codices
1031 3613 1099 3662 21
1136 3627 1196 3661 τε
1236 3624 1345 3661 om.
1384 3606 1433 3658 D
1579 3611 1647 3658 26
1691 3598 2061 3669 ὑπαντλήσεις
2094 3596 2165 3657 11.
