2569 4061
370 207 497 272 122
1030 207 1339 264 DIODORI
1376 207 1608 265 SICULI

364 367 833 456 χαριζομένους
877 371 1088 435 πολλὰ
1123 370 1434 457 πράττειν
1470 383 1606 438 τῶν
1645 373 1991 456 φερόντων
2035 370 2285 453 βλάβας

363 475 404 558 ἢ
452 475 840 559 κινδύνους,
895 474 1005 541 καὶ
1049 478 1370 554 πολλάκις
1414 477 1636 555 ἐνίους
1681 478 1940 553 εἰδότας
1987 475 2089 540 ὅτι
2136 473 2323 559 μέλ-.

364 584 602 645 λουσιν
646 580 1048 668 ἁμαρτάνειν
1083 579 1294 667 μηδὲν
1330 577 1530 666 ἦττον
1564 584 1879 668 πράττειν
1915 583 1997 646 τὰ
2035 586 2286 668 φαῦλα,

363 685 923 772 κατισχυομένους
967 685 1078 753 ὑπ’
1124 692 1367 775 ἔρωτος
1400 688 1442 772 ἢ
1482 691 1720 774 μίσους
1755 690 1798 773 ἥ
1833 711 2015 765 τινος
2053 685 2284 773 ἑτέρου

362 792 656 877 πάθους,
714 793 992 871 ἑαυτοὺς
1037 789 1098 859 δ’
1155 793 1556 879 ἐζηλωκότας
1609 798 1762 879 βίον
1805 795 1926 860 τὸν
1971 793 2101 859 ὑπὸ
2148 804 2283 859 τῶν
2310 808 2336 850 ⁵

363 901 887 984 φρονιμωτάτων
906 901 1173 987 ἀνδρῶν
1186 900 1708 988 προκεκριμένον
1723 901 2088 985 ἐλαχίστοις
2101 921 2282 985 περι-

292 1009 327 1057 4
361 1008 627 1071 πίπτειν
667 1006 1055 1091 ἀγνοήμασι.
1114 1008 1388 1093 τοιαύτῃ
1428 1005 1502 1074 δὲ
1530 1005 1889 1093 χρωμένων
1924 1017 2058 1072 τῶν
2094 1009 2282 1089 βασι-

361 1111 532 1178 λέων
553 1113 944 1198 δικαιοσύνῃ
966 1115 1132 1200 πρὸς
1150 1117 1307 1191 τοὺς
1331 1111 1928 1198 ὑποτεταγμένους,
1954 1114 2035 1177 τὰ
2053 1114 2279 1197 πλήθη
2395 1167 2401 1174 .

360 1227 504 1294 ταῖς
550 1218 645 1295 εἰς
688 1221 846 1296 τοὺς
889 1218 1308 1304 ἡγουμένους
1366 1220 1658 1297 εὐνοίαις
1710 1229 1929 1286 πᾶσαν
1976 1235 2282 1301 συγγενι-

360 1325 487 1407 κην
531 1328 1012 1411 φιλοστοργίαν
1056 1326 1563 1413 ὑπερεβάλλετο·
1620 1328 1704 1393 οὐ
1757 1328 1887 1412 γὰρ
1940 1327 2152 1409 μόνον
2206 1327 2281 1390 τὸ
2312 1340 2364 1380 10

360 1429 664 1514 σύστημα
706 1440 842 1495 τῶν
890 1429 1153 1518 ἱερέων,
1201 1433 1368 1498 ἀλλὰ
1412 1429 1525 1498 καὶ
1569 1433 1953 1516 συλλήβδην
1999 1432 2280 1522 ἅπαντες

361 1536 432 1601 οἰ
478 1532 618 1601 κατ’
671 1542 1019 1620 Αἴγυπτον
1074 1539 1195 1624 οὐχ
1251 1538 1427 1604 οὕτω
1481 1548 1820 1622 γυναικῶν
1865 1535 1977 1603 καὶ
2030 1535 2282 1603 τέκνων
2318 1555 2387 1607 83

359 1639 470 1708 καὶ
532 1652 668 1708 τῶν
731 1644 953 1709 ἄλλων
1014 1654 1150 1710 τῶν
1212 1645 1649 1731 ὑπαρχόντων
1712 1644 1938 1721 αὐτοῖς
2003 1643 2281 1726 ἀγαθῶν

289 1766 321 1816 5
360 1749 750 1836 ἐφρόντιζον
804 1752 896 1828 ὡς
937 1760 1055 1836 τῆς
1106 1757 1242 1817 τῶν
1288 1750 1619 1836 βασιλέων
1673 1751 2052 1836 ἀσφαλείας.
2143 1773 2279 1815 τοι-

358 1866 615 1942 γαροῦν
660 1862 971 1922 πλεῖστον
1026 1854 1148 1942 μὲν
1192 1859 1442 1944 χρόνον
1486 1867 1622 1924 τῶν
1675 1854 2278 1942 μνημονευομένων
2308 1878 2360 1919 15

358 1961 690 2047 βασιλέων
752 1964 1101 2047 πολιτικὴν
1163 1965 1566 2030 κατάστασιν
1629 1962 1985 2051 ἐτήρησαν,
2059 1962 2279 2028 εὐδαι-

358 2068 765 2153 μονέστατον
822 2067 895 2136 δὲ
954 2074 1107 2155 βίον
1153 2073 1416 2156 ἔχοντες
1471 2071 1879 2155 διετέλεσαν,
1933 2069 2059 2147 ἕως
2111 2072 2279 2154 ἔμει-

356 2200 475 2242 νεν
528 2177 571 2261 ἡ
626 2175 1068 2265 προειρημένη
1122 2189 1259 2245 τῶν
1312 2182 1540 2264 νόμων
1593 2178 1931 2261 σύνταξις,
1985 2177 2150 2262 πρὸς
2207 2172 2279 2241 δὲ

356 2284 621 2361 τούτοις
665 2284 889 2351 ἐθνῶν
932 2307 1003 2349 τε
1055 2288 1384 2350 πλείστων
1439 2283 1890 2369 ἐπεκράτησαν
1943 2281 2054 2349 καὶ
2101 2284 2279 2367 μεγί-

358 2404 557 2465 στους
610 2391 942 2465 πλούτους
994 2391 1220 2473 ἔσχον,
1276 2386 1388 2453 καὶ
1445 2390 1562 2464 τὰς
1618 2386 1742 2471 μὲν
1785 2390 2003 2474 χώρας
2060 2391 2281 2474 ἔργοις
2308 2410 2362 2451 20

356 2491 465 2558 καὶ
510 2496 1129 2577 κατασκευάσμασιν
1176 2492 1728 2579 ἀνυπερβλήτοις,
1773 2495 1891 2570 τὰς
1937 2491 2012 2559 δὲ
2056 2497 2281 2571 πόλεις

357 2598 746 2683 ἀναθήμασι
789 2596 1177 2664 πολυτελέσι
1222 2597 1335 2664 καὶ
1377 2601 1720 2677 παντοίοις
1764 2598 2156 2683 ἐκόσμησαν.

254 2718 338 2784 72
534 2703 667 2770 Καὶ
702 2706 782 2770 τὰ
819 2706 981 2790 μετὰ
1015 2705 1142 2788 τὴν
1176 2707 1492 2789 τελευτὴν
1528 2701 1605 2770 δὲ
1640 2708 1959 2789 γινόμενα
1989 2715 2125 2770 τῶν
2162 2708 2280 2789 βα-

356 2808 597 2878 σιλέων
651 2813 830 2898 παρὰ
884 2822 1025 2890 τοῖς
1069 2813 1468 2897 Αἰγυπτίοις
1522 2812 1606 2877 οὐ
1651 2813 1894 2898 μικρὰν
1939 2810 2278 2889 ἀπόδειξιν

355 2914 487 3002 εἶχε
530 2926 647 3002 τῆς
690 2925 812 2984 τοῦ
856 2920 1164 3002 πλήθους
1208 2918 1474 2996 εὐνοίας
1510 2920 1606 2996 εἰς
1643 2920 1802 2995 τοὺς
1835 2916 2277 3002 ἡγουμένους·
2306 2940 2361 2981 25

356 3028 449 3103 εἰς
495 3025 993 3110 ἀνεπαίσθητον
1037 3027 1166 3112 γὰρ
1223 3026 1421 3112 χάριν
1465 3024 1508 3109 ἡ
1553 3024 1707 3109 τιμὴ
1752 3021 2068 3108 τιθεμένη
2117 3046 2281 3109 μαρ-

284 3149 316 3198 2
354 3138 592 3220 τυρίαν
628 3131 1003 3198 ἀνόθευτον
1037 3142 1327 3218 περιεῖχε
1363 3140 1479 3216 τῆς
1507 3131 1844 3216 ἀληθείας.
1919 3129 2279 3217 ὁπότεζγὰρ

355 3239 643 3305 ἐκλείποι
677 3261 778 3316 τις
811 3239 931 3304 τὸν
967 3242 1119 3323 βίον
1155 3244 1305 3304 τῶν
1328 3236 1679 3323 βασιλέων,
1725 3238 1966 3315 πάντες
2003 3238 2075 3303 οἰ
2115 3239 2281 3304 κατὰ

496 3399 529 3447 2
568 3390 660 3450 ὅτε
699 3396 749 3450 D
892 3403 929 3451 4
967 3391 1187 3468 ἑτέρου]
1226 3391 1397 3452 ἄλλον
1435 3396 1490 3451 II
1637 3399 1702 3450 18
1740 3397 1993 3466 νομίμων
2032 3394 2082 3448 D
2213 3399 2278 3450 19

353 3476 413 3510 τε
452 3477 559 3516 om.
601 3463 643 3517 O
787 3472 857 3521 25
897 3463 1038 3539 εἶχε]
1077 3465 1274 3537 φέρειν
1312 3469 1380 3539 D,
1419 3465 1583 3538 φέρει
1620 3465 1736 3521 ΑΒ.
