2569 4061
393 257 527 323 488
1061 255 1370 312 DIODORI
1408 255 1640 313 SICULI

397 418 748 486 ἐπιείκειαν
775 417 1259 505 προσεδέξαντο
1288 416 1919 505 τοὺς“Ηρακλείδας·
1947 413 2372 505 κατῴκισαν

398 522 472 590 δὲ
517 524 762 602 αὐτοὺς
818 526 979 609 μετὰ
1022 537 1158 591 τῶν
1203 527 1698 610 συμφυγόντων
1745 525 1839 601 εἰς
1892 525 2367 610 Τρικόρυθον

394 633 615 715 πόλιν,
660 631 807 715 ἥτις
840 630 980 697 ἐστὶ
1024 634 1141 716 μία
1177 641 1293 715 τῆς
1328 629 1816 715 ὀνομαζομένης
1851 633 2352 716 τετραπόλεως.

326 757 359 807 5
396 739 557 822 μετὰ
606 736 685 803 δέ
725 762 877 804 τινα
909 741 1158 826 χρόνον
1204 738 1517 804 ἁπάντων
1562 749 1697 803 τῶν
1724 734 2127 824 “Ηρακλέους
2175 740 2352 801 παί-

400 845 541 912 δων
576 844 1049 931 ἠνδρωμένων,
1094 842 1204 910 καὶ
1242 846 1670 930 φρονήματος
1717 840 2143 928 ἐμφυομένου
2184 854 2349 934 τοῖς
2380 863 2409 904 5
2527 833 2528 840 ἵ

399 956 774 1029 νεανίσκοις
834 953 946 1017 διὰ
988 953 1111 1035 τὴν
1157 948 1276 1036 ἀφ’
1321 948 1726 1037 ἸΙρακλέους
1772 948 2008 1032 δόξαν,
2054 949 2345 1035 ὑφορώ-

401 1082 600 1143 μενος
655 1058 878 1125 αὐτῶν
928 1059 1050 1141 τὴν
1106 1056 1386 1142 αὔξησιν
1432 1057 1833 1144 Εὐρυσθεὺς
1891 1056 2343 1143 ἐστράτευσεν

333 1186 365 1235 6
404 1159 506 1230 ἐπ’
541 1164 784 1240 αὐτοὺς
828 1165 990 1248 μετὰ
1032 1168 1281 1247 πολλῆς
1329 1164 1691 1248 δυνάμεως.
1783 1163 1855 1227 oc
1885 1159 1957 1226 δ’
1985 1159 2342 1248 Ἡρακλεῖ-

403 1270 537 1352 δαι,
583 1270 1024 1353 βοηθούντων
1069 1269 1298 1347 αὐτοῖς
1342 1281 1477 1336 τῶν
1505 1266 1907 1353 Ἀθηναίων,
1953 1270 2339 1353 προστησά-

402 1391 591 1459 μενοι
626 1376 747 1440 τὸν
774 1372 1184 1461 Ἡρακλέους
1220 1376 1635 1462 ἀδελφιδοῦν
1656 1372 1927 1459 Ἰόλαον,
1962 1373 2074 1441 καὶ
2110 1376 2335 1463 τούτῳ
2367 1396 2422 1436 10

402 1504 472 1546 τε
507 1479 618 1546 καὶ
658 1485 869 1567 Θησεῖ
908 1482 1020 1549 καὶ
1042 1481 1255 1573 “magn
1293 1485 1418 1568 τὴν
1455 1485 1856 1567 στρατηγίαν
1890 1484 2332 1568 παραδόντες,

404 1586 719 1671 ἐνίκησαν
782 1588 1139 1675 παρατάξει
1206 1591 1327 1655 τὸν
1383 1588 1767 1678 Εὐρυσθέα.
1856 1589 2022 1653 κατὰ
2077 1584 2151 1652 δὲ
2205 1589 2334 1672 τὴν

406 1695 622 1780 μάχην
659 1700 955 1762 πλεῖστοι
1003 1691 1125 1781 μὲν
1160 1708 1297 1761 τῶν
1341 1690 1481 1781 μετ’
1515 1692 1927 1782 Εὐρυσθέως
1971 1697 2333 1778 κατεκόπη-

409 1817 559 1885 σαν,
606 1801 805 1879 αὐτὸς
842 1799 905 1867 δ’
942 1801 978 1868 ὁ
1017 1801 1438 1889 Εὐρυσθεύς,
1487 1811 1608 1868 τοῦ
1646 1802 1939 1887 ἅρματος
1974 1802 2136 1867 κατὰ
2179 1802 2306 1884 τὴν
2330 1824 2436 1875 302

408 1909 635 1994 φυγὴν
700 1907 1200 1994 συντριβέντος,
1262 1907 1395 1973 ὑπὸ
1446 1906 1689 1973 ‘'TI-lov
1752 1917 1875 1973 τοῦ
1925 1903 2322 1993 ἹΙρακλέους
2356 1930 2414 1971 15

409 2013 739 2103 ἀνῃρέθη·
803 2014 1049 2100 ὁμοίως
1113 2011 1187 2081 δὲ
1244 2011 1356 2081 καὶ
1413 2016 1485 2080 οἰ
1541 2012 1680 2080 υἱοὶ
1742 2024 1864 2081 τοῦ
1920 2008 2330 2101 Εὐρυσθέως

304 2121 387 2187 58
408 2123 651 2198 πάντες
687 2124 851 2187 κατὰ
886 2123 1012 2207 τὴν
1046 2122 1265 2208 μάχην
1304 2121 1750 2205 ἐτελεύτησαν.
1816 2123 1978 2206 μετὰ
2016 2119 2090 2187 δὲ
2125 2129 2330 2186 ταῦτα

411 2228 482 2292 οί
521 2223 644 2313 μὲν
675 2225 1104 2316 ἹΙρακλεῖδαι
1148 2229 1391 2306 πάντες
1436 2231 1805 2318 περιβοήτῳ
1852 2229 2027 2314 μάχῃ
2073 2251 2332 2312 νενικη-

411 2337 597 2413 κότες
649 2336 770 2401 τὸν
816 2334 1211 2422 Εὐρυσθέα,
1257 2333 1371 2401 καὶ
1418 2337 1530 2401 διὰ
1582 2335 1708 2418 τὴν
1753 2335 2114 2420 εὐημερίαν
2169 2352 2331 2421 συμ-

412 2443 643 2528 μάχων
697 2442 1215 2529 εὐπορήσαντες,
1280 2441 1726 2531 ἐστράτευσαν
1783 2440 1891 2507 ἐπὶ
1928 2443 2068 2529 τὴν
2124 2447 2330 2508 Πελο-
2357 2465 2408 2508 2⁰

341 2568 373 2616 2
411 2551 755 2631 πόννησον
794 2547 1037 2614 ’Ὕλλου
1091 2559 1638 2634 στρατηγοῦντος.
1723 2544 1986 2634 Ἀτρεὺς
2041 2545 2117 2615 δὲ
2175 2552 2331 2634 μετὰ

411 2653 535 2736 τὴν
597 2652 1012 2737 Εὐρυσθέως
1081 2657 1397 2739 τελευτὴν
1469 2658 2003 2740 καταλαβόμενος
2074 2656 2197 2740 τὴν
2259 2656 2328 2722 ἐν

413 2760 770 2842 Μυκήναις
804 2761 1175 2843 βασιλείαν,
1221 2759 1335 2826 καὶ
1370 2765 1928 2848 προσλαβόμενος,
1950 2764 2329 2848 συμμάχους

424 2863 745 2948 Τεγεάτας
780 2867 900 2930 καί
927 2889 1113 2943 τινας
1150 2868 1416 2953 ἄλλους,
1459 2852 1793 2954 ἀπήντησε
1828 2880 1968 2947 τοῖς
1996 2867 2328 2955 “Ηρακλεί-

345 2993 378 3044 3
418 2974 583 3052 δαις.
645 2974 811 3038 κατὰ
849 2969 923 3039 δὲ
967 2975 1087 3039 τὸν
1117 2968 1388 3060 Ἰσθμὸν
1428 2987 1564 3041 τῶν
1602 2975 2067 3062 στρατοπέδων
2105 2976 2328 3060 ἀθροι-
2356 2994 2406 3040 25

419 3078 755 3165 σθέντων,
792 3078 1026 3158 ’Ὕλλος
1071 3077 1194 3165 μὲν
1250 3081 1287 3146 ὁ
1325 3078 1731 3166 Ἡρακλέους
1785 3083 1880 3159 εἰς
1923 3085 2328 3167 μονομαχίαν

418 3185 903 3271 προεκαλέσατο
958 3199 1093 3253 τῶν
1137 3191 1473 3273 πολεμίων
1525 3189 1645 3252 τὸν
1690 3186 2138 3272 βουλόμενον,
2185 3188 2328 3272 ὁμο-ψ
2527 3256 2528 3281 1

419 3295 648 3377 λογίας
692 3291 978 3378 θέμενος
1012 3295 1344 3379 τοιαύτας,
1392 3296 1455 3360 εἰ
1486 3290 1608 3379 μὲν
1637 3292 1872 3373 ’Ὕλλος
1916 3298 2181 3380 νικήσαι
2218 3297 2327 3361 τὸν
2421 3308 2430 3313 ’

562 3454 594 3502 2
639 3445 1020 3517 Τρικόρινθον
1057 3450 1124 3518 D,
1171 3451 1566 3520 Τρικόρυνθον
1606 3451 1715 3506 CF
1818 3457 1850 3505 3
1888 3449 2054 3506 πόλιν
2092 3468 2196 3508 om.
2235 3450 2329 3506 ΟΕ

421 3520 486 3567 11
526 3535 586 3569 τε
626 3534 735 3572 om.
771 3518 823 3570 D
938 3525 1004 3573 14
1043 3516 1073 3575 ὁ
1114 3538 1220 3577 om.
1260 3522 1414 3591 vulg.
1524 3527 1592 3575 28
1630 3519 1852 3591 ννκήσει
1888 3523 2123 3578 codices.
