2569 4061
1057 281 1113 335 11
1151 287 1236 337 45.
1277 288 1363 337 46.
1903 243 1912 256 χ
2050 285 2182 351 243

249 449 465 509 λῶσαι
519 440 643 528 μὲν
694 445 818 529 τὴν
873 443 1117 530 ἀρετὴν
1170 452 1289 528 τῆς
1347 447 1619 529 μητρός,
1685 444 2184 533 ὑπερβαλέσθαι

251 546 330 615 δὲ
373 560 519 627 ταῖς
561 552 727 616 κατὰ
770 548 971 636 μέρος
1024 549 1320 636 πράξεσι.
1410 551 1528 627 τὰς
1582 546 1704 634 μὲν
1748 555 1874 638 γὰρ
1928 552 2183 639 παρθέ-

246 680 417 733 νους
471 656 600 722 ἀπὸ
662 665 780 740 τῆς
831 657 1095 740 πρώτης
1157 657 1418 740 ἡλικίας
1476 659 1550 722 ἔν
1604 679 1674 720 τε
1733 670 1876 735 ταῖς
1937 663 2183 748 θήραις

247 762 612 847 γυμνάζειν
663 761 778 828 καὶ
832 760 988 828 καθ’
1042 761 1296 849 ἡμέραν
1353 761 1584 827 ἀσκεῖν
1637 762 1719 826 τὰ
1772 766 1939 846 πρὸς
1990 770 2181 832 πόλε-

189 889 219 929 5
251 892 386 953 μον
441 869 803 954 ἀνήκοντα,
866 868 1244 946 καταδεῖξαι
1311 866 1385 934 δὲ
1436 865 1549 933 καὶ
1602 870 1851 945 θυσίας
1906 877 2182 954 μεγαλο-

249 986 524 1058 πρεπεῖς
555 974 742 1061 ’Ἀρει
785 998 856 1040 τε
899 974 1012 1040 καὶ
1051 972 1383 1060 Ἀρτέμιδι
1425 983 1507 1059 τῇ
1551 973 2182 1061 προσαγορευομένῃ

227 1085 700 1170 ,Ταυροπόλον
764 1081 1262 1164 στρατεύσασαν
1327 1078 1389 1144 δ’
1450 1082 1546 1159 εἰς
1605 1081 1731 1165 τὴν
1792 1078 2004 1168 πέραν
2061 1090 2183 1147 τοῦ
2218 1108 2250 1155 2

261 1188 591 1265 Τανάιδος
635 1196 938 1272 ποταμοῦ
981 1187 1209 1272 χώραν
1253 1191 1788 1272 καταπολεμῆσαι
1840 1188 2059 1254 πάντα
2102 1189 2185 1254 τὰ

249 1295 422 1377 ἔθνη
478 1295 559 1359 τὰ
614 1302 860 1378 συνεχῆ
917 1291 1108 1376 μέχρι
1170 1299 1289 1374 τῆς
1343 1290 1635 1380 Θρᾴκης·
1697 1294 2183 1381 ἀνακάμψασαν

166 1420 224 1460 1⁰
254 1396 332 1464 δὲ
395 1402 557 1485 μετὰ
616 1405 886 1465 πολλῶν
949 1398 1273 1483 λαφύρων
1328 1401 1424 1476 εἰς
1485 1401 1610 1483 τὴν
1665 1403 1918 1467 οἰκείαν
1975 1406 2184 1480 ναοὺς

250 1511 774 1591 μεγαλοπρεπεῖς
860 1504 1350 1569 κατασκευάσαι
1446 1516 1582 1570 τῶν
1681 1508 2182 1594 προειρημένων

248 1618 472 1692 θεῶν,
526 1608 639 1674 καὶ
689 1620 825 1674 τῶν
879 1606 1432 1694 ὑποτεταγμένων
1488 1608 1787 1688 ἐπιεικῶς
1841 1614 2182 1696 ἄρχουσαν

253 1717 592 1799 ἀποδοχῆς
616 1717 972 1800 τυγχάνειν
1005 1725 1122 1799 τῆς
1150 1718 1480 1801 μεγίστης.
1547 1725 1943 1801 στρατεῦσαι
1970 1716 2045 1782 δὲ
2071 1717 2184 1783 καὶ

255 1819 365 1887 ἐπὶ
400 1822 653 1907 θάτερα
689 1821 878 1909 μέρη,
924 1821 1039 1888 καὶ
1070 1823 1331 1907 πολλὴν
1375 1830 1491 1907 τῆς
1522 1821 1745 1900 Ἀσίας
1780 1826 2183 1906 κατακτήσα-

168 1948 224 1990 15
252 1933 441 2012 σθαι,
487 1927 600 1995 καὶ
646 1930 971 1997 διατεῖναι
1022 1939 1103 2015 τῆ
1160 1930 1444 2015 δυνάμει
1498 1927 1690 2016 μέχρι
1744 1938 1863 2014 τῆς
1906 1933 2181 2015 Συρίας.

252 2039 415 2123 μετὰ
443 2034 519 2103 δὲ
545 2039 669 2122 τὴν
694 2040 940 2121 ταύτης
966 2039 1282 2122 τελευτὴν
1311 2036 1414 2105 ἀεὶ
1440 2038 1558 2116 τὰς
1583 2039 2052 2124 προσηκούσας
2087 2045 2179 2126 τῷ
2214 2062 2248 2108 3

251 2144 431 2227 γένει
469 2143 943 2229 διαδεχομένας
986 2145 1110 2227 τὴν
1154 2146 1500 2227 βασιλείαν
1537 2143 1733 2229 ἄρξαι
1777 2140 1901 2228 μὲν
1946 2143 2182 2228 ἐπιφα-

252 2261 406 2333 νῶς,
453 2249 735 2333 αὐξῆσαι
772 2246 848 2314 δὲ
881 2249 957 2313 τὸ
996 2251 1200 2326 ἔθνος
1234 2258 1372 2314 τῶν
1413 2247 1863 2333 Ἀμαζονίδων
1899 2249 2181 2335 δυνάμει

253 2377 322 2421 τε
366 2354 477 2422 καὶ
524 2355 703 2442 δόξῃ.
786 2356 948 2442 μετὰ
995 2353 1070 2421 δὲ
1114 2364 1324 2422 ταῦτα
1368 2359 1645 2432 πολλαῖς
1688 2365 1949 2438 γενεαῖς
1992 2355 2180 2421 ὕστε-

177 2482 231 2522 20
256 2486 402 2547 ρον,
449 2461 972 2547 διαβεβοημένης
1005 2464 1170 2528 κατὰ
1206 2472 1429 2527 πᾶσαν
1464 2463 1588 2545 τὴν
1626 2461 2028 2547 οἰκουμένην
2063 2470 2181 2547 τῆς

254 2566 406 2653 περὶ
450 2568 653 2646 αὐτὰς
698 2568 964 2656 ἀρετῆς,
1011 2565 1344 2655 ”Ηρακλέα
1398 2567 1567 2653 φασὶ
1619 2569 1741 2633 τὸν
1787 2567 1855 2646 ἐξ
1903 2566 2178 2655 Ἀλκμή-

255 2698 375 2758 νης
428 2674 538 2740 καὶ
591 2677 762 2753 Διὸς
815 2670 1033 2741 ἆθλον
1097 2678 1329 2759 λαβεῖν
1381 2672 1540 2759 παρ’
1593 2673 2007 2759 Εὐρυσθέως
2059 2678 2180 2741 τὸν

248 2775 638 2864 Ἱππολύτης
689 2790 807 2864 τῆς
863 2778 1214 2865 Ἀμαζόνος
1279 2783 1597 2866 ζωστῆρα.
1692 2782 1923 2866 διόπερ
1981 2798 2176 2866 στρα-
2214 2805 2244 2852 4

257 2893 483 2952 τεῢσαι
528 2884 650 2972 μὲν
697 2888 932 2969 αὐτόν,
991 2885 1348 2969 παρατάξει
1395 2882 1470 2951 δὲ
1515 2887 1766 2972 μεγάλῃ
1812 2889 2177 2970 νικήσαντα

184 3011 233 3054 25
258 2995 332 3058 τό
382 3015 454 3059 τε
510 2995 960 3080 στρατόπεδον
1017 3002 1153 3058 τῶν
1211 2987 1585 3077 Ἀμαζόνων
1637 2996 2007 3071 κατακόψαι
2062 2989 2177 3055 καὶ

257 3099 377 3182 τὴν
412 3096 810 3184 Ἱππολύτην
854 3100 1017 3184 μετὰ
1067 3107 1190 3165 τοῦ
1245 3101 1576 3184 ζωστῆρος
1630 3102 2057 3185 ζωγρήσαντα
2098 3095 2175 3157 τὸ

258 3206 457 3282 ἔθνος
499 3214 698 3271 τοῦτο
742 3203 979 3282 τελέως
1025 3214 1401 3291 συντρῖψαι.
1494 3205 1724 3289 διόπερ
1783 3204 1943 3277 τοὺς
1993 3221 2175 3283 περι-

260 3320 606 3390 οικοῦντας
631 3312 1014 3398 βαρβάρους
1038 3320 1156 3394 τῆς
1182 3307 1307 3395 μὲν
1335 3309 1690 3386 ἀσθενείας
1724 3308 1947 3373 αὐτῶν
1982 3324 2175 3369 κατα-

399 3546 465 3596 10
502 3538 702 3613 ναούς]
740 3560 800 3596 τε
837 3541 966 3599 add.
1006 3540 1120 3596 CF.
1782 3620 1854 3672 6*

1746 3626 1773 3673 1
