2569 4061
366 191 606 249 XXVIII
1132 192 1549 250 PRAEFATIO

363 359 636 421 Dindorfi
690 360 985 437 Bekkeri,
1031 379 1289 437 quorum
1334 362 1413 421 ad
1465 360 1797 422 doctrinam
1850 380 1926 421 ne
1981 359 2299 420 minimum

366 457 609 535 quidem
678 458 987 534 adspirare
1052 457 1263 534 auden,
1329 456 1434 518 sed
1498 458 1685 519 etiam
1745 477 1961 519 manca
2025 458 2308 519 codicum

364 554 644 632 cognitio.
734 554 910 616 Hanc
974 557 1181 616 autem
1245 571 1471 633 augere
1516 554 1666 614 mihi
1709 574 1831 615 non
1894 555 2093 633 licuit,
2157 555 2308 631 quia

368 651 810 727 exemplaribus
836 652 1057 728 prioris
1085 651 1366 711 editionis
1400 652 1677 712 omnibus
1703 652 1964 713 venditis
2012 669 2049 711 a
2083 651 2306 712 biblio-

363 748 507 824 pola
568 748 670 809 vix
723 749 1070 828 impetravi,
1121 751 1193 808 ut
1249 749 1328 807 ad
1381 749 1540 808 hunc
1587 752 1823 808 tomum
1867 749 2306 810 absolvendum

370 845 634 921 spatium
679 846 1096 924 duodeviginti
1140 846 1437 905 mensium
1485 846 1745 907 daretur.

780 1174 901 1241 DE
953 1174 1370 1242 SERMONE
1416 1175 1888 1242 DIODOREO.

546 1302 848 1365 Diodorus
860 1297 926 1386 ³¹²)
967 1306 1086 1366 etsi
1112 1324 1181 1366 eo
1218 1308 1313 1366 est
1346 1325 1492 1366 usus
1523 1324 1793 1366 sermone
1831 1309 1894 1365 et
1931 1302 2308 1381 dicendige-

368 1417 511 1461 nere
557 1420 675 1477 quo
723 1420 929 1462 omnes
974 1405 1109 1463 tum
1153 1402 1487 1463 utebantur
1533 1404 1637 1482 qui
1672 1422 1793 1464 non
1830 1406 2061 1464 veteres
2100 1421 2301 1462 aemu-

366 1496 564 1557 lantes
629 1518 776 1560 suae
840 1501 1061 1561 aetatis
1126 1501 1618 1561 consuetudinem
1683 1500 2094 1578 relinquerent
2110 1545 2126 1575 ,
2191 1515 2308 1558 nec

367 1595 563 1672 magis
599 1615 782 1673 quam
817 1597 1124 1676 Polybius,
1161 1617 1339 1675 quem
1374 1616 1497 1659 non
1534 1600 1728 1660 solum
1756 1616 1936 1674 saepe
1965 1594 2305 1671 descripsit,
2378 1668 2385 1673 η

369 1691 477 1751 sed
540 1693 725 1753 etiam
800 1694 864 1753 in
926 1696 1136 1755 multis
1202 1696 1524 1773 expressit,
1599 1696 1933 1755 obsoletam
1996 1692 2310 1753 affectavit

369 1788 695 1850 dialectum
739 1793 848 1850 aut
893 1787 1191 1852 vocabula
1236 1792 1503 1866 captavit
1558 1790 1857 1864 archaica,
1922 1790 2140 1866 quippe
2198 1790 2306 1867 qui

371 1885 570 1945 omnia
616 1887 694 1945 ad
738 1886 902 1947 vitae
948 1887 1278 1947 utilitatem
1315 1887 1727 1964 lectorumque
1763 1886 1979 1962 quibus
2016 1884 2310 1962 prodesse

370 1980 645 2042 studeret
689 1983 1176 2045 commoditatem
1211 1984 1486 2062 referret,
1532 1986 1596 2045 in
1644 1984 1757 2045 hac
1793 1987 1998 2044 tamen
2034 1983 2309 2045 oratione

375 2097 486 2139 sua
521 2081 815 2158 quasdam
852 2081 969 2141 sibi
1007 2082 1175 2160 leges
1213 2082 1457 2159 scripsit
1494 2083 1644 2144 satis
1675 2101 1934 2159 severaS,
1971 2101 2121 2160 quas
2156 2103 2306 2142 nun-

371 2195 553 2253 quam
579 2171 849 2261 ipse**),
890 2180 1239 2257 saepissime
1266 2199 1409 2242 vero
1438 2181 1734 2258 migrasse
1762 2180 2045 2240 videntur
2071 2178 2308 2239 librarii

371 2275 589 2349 quibus
636 2276 922 2336 debemus
973 2279 1204 2338 codices
1250 2277 1419 2338 mille
1463 2277 1723 2353 amplius
1772 2277 1943 2335 annis
1987 2280 2128 2353 post
2175 2276 2306 2336 eius

371 2373 634 2430 aetatem
681 2373 951 2449 scriptos.

547 2468 818 2528 Primum
864 2469 1024 2529 enim
1070 2488 1320 2531 erasm
1364 2470 1698 2530 Diodorum
1735 2469 1812 2529 ad
1850 2470 2199 2531 evitandum
2245 2474 2307 2530 et

369 2566 432 2625 in
476 2565 687 2626 multis
733 2566 1027 2627 evitatum
1073 2568 1149 2628 ab
1198 2587 1260 2628 se
1307 2567 1566 2645 hiatum,
1620 2566 1722 2642 qui
1769 2570 1831 2626 et
1881 2562 2046 2645 ήπερ
2080 2568 2307 2627 diceret

369 2649 570 2738 potius
608 2680 792 2739 quam
827 2656 867 2740 ἣ
906 2665 1210 2743 sequente,
1249 2666 1311 2723 et
1346 2659 1548 2723 θέλειν
1584 2652 1787 2739 potius
1826 2666 1890 2723 et
1939 2661 2088 2724 διότι
2123 2684 2306 2742 quam

373 2754 601 2819 ἐθέλειν
649 2763 712 2820 et
757 2757 845 2819 ὅτι
880 2762 1276 2837 praecedente
1323 2759 1516 2821 vocali
1528 2752 1691 2841 ***),
1738 2760 2082 2822 adhibuisse
2119 2782 2305 2840 quum

542 2910 588 2979 *)
630 2910 782 2976 Quae
813 2913 1120 2980 sequuntur
1150 2910 1221 2965 de
1249 2909 1482 2965 Diodori
1510 2910 1734 2966 dicendi
1760 2928 1983 2983 genere,
2020 2912 2209 2982 recepi
2236 2929 2306 2968 ex

374 2990 623 3046 editione
660 2990 914 3046 Dindorfi
952 2990 1375 3058 Teubneriana3
1419 3006 1531 3045 non
1568 3007 1751 3060 pauca
1787 2991 1935 3048 inter
1969 2990 2150 3047 lineas
2188 3009 2307 3048 cor-

369 3071 493 3127 rexi
531 3070 625 3125 vel
661 3069 872 3138 addidi,
911 3070 1026 3126 alia
1062 3069 1450 3125 additamenta
1488 3071 1710 3141 seposui
1745 3072 1805 3126 in
1841 3070 2011 3127 notis.

519 3149 602 3220 **)
641 3150 792 3219 quod
829 3150 1096 3219 equidem
1134 3148 1353 3217 dubito,
1391 3149 1563 3206 immo
1602 3169 1764 3222 nego.

487 3228 603 3300 ***)
640 3229 896 3285 Eandem
925 3229 999 3285 ob
1027 3246 1256 3285 causam
1282 3230 1508 3285 variant
1536 3226 1571 3299 ἡ
1602 3228 1745 3293 θεός
1776 3232 1833 3284 et
1859 3226 1996 3298 θεά,
2034 3230 2306 3286 τοσοῦτον

371 3309 430 3363 et
464 3310 721 3379 τοσοῦτο,
758 3308 1048 3366 δεικνύειν
1087 3312 1146 3365 et
1181 3310 1499 3379 δεικνύναι,
1545 3304 1689 3376 ὑπὲρ
1728 3311 1785 3363 et
1819 3309 1967 3376 περί,
2005 3306 2207 3380 διόπερ
2247 3314 2307 3366 et

374 3383 493 3453 διό,
532 3388 739 3450 οἵτινες
774 3405 877 3457 pro
916 3390 983 3444 οῖ’
1009 3392 1069 3445 et
1104 3392 1318 3458 cetera;
1356 3390 1472 3445 alia
1507 3387 1760 3443 remedia
1794 3387 2014 3444 hiatum
2052 3390 2304 3447 evitandi

373 3480 496 3520 esse
551 3465 925 3523 inversionem
981 3469 1279 3526 verborum
1334 3472 1393 3526 et
1441 3466 1791 3523 additionem
1838 3469 2065 3525 articuli
2114 3470 2307 3527 docuit
