2569 4061
996 297 1078 352 IV
1115 303 1317 355 72.·13.
1995 298 2127 364 513

185 462 271 528 ἐν
341 462 547 546 ταύτῃ
617 456 691 525 δὲ
757 457 879 525 Διὶ
942 469 1208 543 μιγεῖσα
1272 457 1635 526 ἐτέκνωσεν
1698 463 1990 546 Αἰακόν,
2056 460 2130 539 ὃς

184 568 586 653 ἐβασίλευσε
659 575 774 650 τῆς
839 569 1070 651 νήσου.
1174 566 1420 632 τούτου
1486 563 1550 633 δ’
1606 567 1915 651 ἐγένοντο
1989 566 2129 636 υἱοὶ
2167 594 2199 643 6

192 676 474 760 Πηλεὺς
526 671 639 739 καὶ
710 674 1044 758 Τελαμών.
1135 673 1395 740 τούτων
1465 669 1541 737 δὲ
1604 677 1869 757 Πηλεὺς
1923 678 2128 765 δίσκῳ

188 781 467 865 βαλὼν,
512 778 895 846 ἀπέκτεινεν
980 778 1314 858 ἀκουσίως
1403 781 1644 846 Φῶκον
1726 779 2130 868 ὁμοπάτριον

134 905 164 945 5
196 887 527 973 ἀδελφόν,
576 885 643 965 ἐξ
691 888 895 972 ἄλλης
940 882 1017 952 δὲ
1063 888 1313 972 μητρὸς
1358 882 1824 970 γεγενημένον.
1900 888 2013 951 διὰ
2059 884 2132 953 δὲ

190 996 320 1060 τὸν
378 997 600 1078 φόνον
657 995 927 1077 Πηλεὺς
989 991 1120 1058 ὑπὸ
1182 1001 1307 1059 τοῦ
1366 993 1614 1082 πατρὸς
1677 989 2134 1084 φυγαδευθεζς

193 1103 411 1185 ἔφυγε
467 1109 582 1183 τῆς
646 1107 776 1164 νῦν
831 1101 1187 1176 Θετταλίας
1249 1097 1669 1184 καλουμένης
1727 1099 1822 1175 εἰς
1883 1100 2132 1183 Φθίαν,

193 1206 315 1274 καὶ
357 1202 733 1291 καθαρθεὶς
768 1204 898 1271 ὑπὸ
921 1203 1240 1292 ’Ἀκτορος
1275 1214 1399 1271 τοῦ
1436 1203 1760 1289 βασιλέως
1796 1203 2133 1284 διεδέξατο

85 1333 199 1385 317
217 1315 347 1398 τὴν
395 1314 760 1397 βασιλείαν,
811 1312 1093 1390 ἄπαιδος
1139 1314 1337 1389 ὄντος
1379 1321 1503 1382 τοῦ
1530 1312 1865 1400 Ἄκτορος.
1942 1311 2014 1378 ἐκ
2059 1309 2135 1378 δὲ

115 1437 174 1477 10
205 1416 491 1504 Πηλέως
525 1415 639 1485 καὶ
678 1417 955 1496 Θέτιδος
989 1420 1354 1502 γενόμενος
1375 1416 1708 1503 Ἀχιλλεὺς
1745 1419 2135 1506 ἐστράτευσε

200 1521 343 1611 μετ’
373 1520 861 1609 Ἀγαμέμνονος
907 1526 1001 1600 εἰς
1055 1510 1322 1611 Τροίαν.
1412 1527 1727 1608 Τελαμὼν
1773 1523 1846 1594 δὲ
1892 1527 2133 1611 φυγὼν
2173 1549 2204 1599 ⁷

203 1631 273 1711 ἐξ
329 1633 614 1715 Αἰγίνης
675 1633 1086 1714 κατήντησεν
1152 1632 1247 1708 εἰς
1310 1636 1692 1715 Σαλαμῖνα,
1755 1629 1865 1696 καὶ
1922 1635 2136 1717 γήμας

202 1735 525 1823 Κυχρέως
583 1745 705 1803 τοῦ
752 1734 1076 1820 βασιλέως
1130 1746 1266 1801 τῶν
1313 1739 1749 1820 Σαλαμινίων
1794 1734 2137 1821 θυγατέρα

207 1845 521 1929 Γλαύκην
579 1843 962 1928 ἐβασίλευσε
1027 1850 1143 1927 τῆς
1194 1845 1429 1927 νήσου.
1520 1851 1639 1925 τῆς
1694 1838 1768 1906 δὲ
1821 1844 2137 1926 γυναικὸς

127 1967 180 2007 15
210 1950 517 2037 Γλαύκης
555 1949 1037 2033 ἀποθανούσης
1074 1950 1320 2035 ἔγημεν
1363 1947 1430 2027 ἐξ
1463 1941 1768 2035 Ἀθηνῶν
1800 1945 2138 2037 Ἐρίβοιαν

209 2058 333 2139 τὴν
392 2056 756 2141 Ἀλκάθου,
825 2055 892 2134 ἐξ
956 2051 1036 2141 ἧς
1101 2055 1462 2140 ἐγέννησεν
1526 2061 1786 2122 Αἴαντα
1847 2058 1967 2129 τὰν
2031 2055 2140 2123 ἐπὶ

223 2164 472 2248 Τροίαν
520 2164 1029 2248 στρατεύσαντα.

401 2267 677 2332 Τούτων
725 2261 786 2332 δ’
838 2267 998 2350 ἡμῖν
1054 2266 1629 2354 διευκρινημένων
1681 2272 2139 2355 πειρασόμεθα
2161 2272 2244 2337 73

218 2376 516 2439 διελθεῖν
554 2371 708 2459 περὶ
736 2370 1044 2449 Πέλοπος
1079 2371 1190 2438 καὶ
1230 2374 1573 2440 Ταντάλου
1618 2372 1729 2443 καὶ
1771 2375 2138 2459 Οἰνομάου·

143 2500 194 2539 20
221 2481 586 2564 ἀναγκαῖον
636 2476 711 2546 δὲ
755 2489 895 2557 τοῖς
930 2480 1199 2565 χρόνοις
1244 2482 1928 2567 προσαναδραμόντας
1971 2481 2141 2566 ἡμᾶς

219 2585 325 2653 ἀπ’
353 2586 561 2672 ἀρχῆς
597 2586 671 2651 ἐν
708 2587 1099 2669 κεφαλαίοις
1134 2587 1396 2661 ἅπαντα
1434 2589 1748 2669 διελθειῖν.
1811 2589 1977 2654 κατὰ
2012 2590 2140 2675 γὰρ

217 2695 337 2778 τὴν
376 2695 904 2778 Πελοπόννησον
951 2692 1025 2758 ἐν
1070 2695 1260 2758 πόλει
1299 2695 1479 2779 Πίσῃ
1509 2692 1713 2781 ’Ἀρης
1748 2692 2025 2782 Ἁρπίνῃ
2061 2704 2141 2781 τῇ

215 2796 510 2868 Ἀσωποῦ
550 2797 843 2886 θυγατρὶ
878 2797 1092 2884 μιγεὶς
1129 2798 1488 2883 ἐγέννησεν
1532 2803 1888 2887 Οἰνόμαον.
1945 2799 2141 2880 οὗτος
2177 2825 2210 2873 2
2257 2813 2274 2827 “

224 2904 294 2973 δὲ
338 2903 679 2993 θυγατέρα
717 2914 1047 2991 μονογενῆ
1094 2909 1423 2991 γεννήσας
1464 2906 1811 2992 ὠνόμασεν
1837 2906 2140 2979 Ἱπποδά-

148 3030 200 3072 2⁵
226 3038 429 3100 μειαν.
495 3010 1115 3100 χρηστηριαζομένῳ
1164 3011 1228 3077 δ’
1267 3012 1447 3101 αὐτῷ
1493 3013 1646 3100 περὶ
1679 3023 1795 3097 τῆς
1837 3020 2142 3099 τελευτῆς

226 3122 499 3206 ἔχρησεν
564 3119 600 3184 ὁ
667 3119 829 3197 θεὸς
898 3120 1045 3184 τότε
1109 3122 1532 3203 τελευτήσειν
1604 3119 1809 3184 αὐτὸν
1874 3119 2036 3184 ὅταν
2098 3119 2139 3202 ἡ

225 3226 522 3311 θυγάτηρ
554 3222 980 3310 Ἱπποδάμεια
1027 3228 1417 3312 συνοικήσῃ.
1485 3226 1980 3310 εὐλαβούμενον
2018 3220 2143 3291 οὖν

399 3425 431 3472 5
484 3416 544 3484 ἐξ
584 3461 597 3474 .
629 3461 640 3474 .
673 3461 685 3472 .
726 3416 1105 3486 γεγενημένον
1153 3432 1262 3472 om.
1310 3418 1360 3472 D
1509 3414 1607 3473 διὰ
1655 3415 1720 3473 δὲ
1758 3414 1882 3490 τὸν]
1931 3411 2000 3472 ὃν
2045 3415 2144 3473 διὰ

229 3485 319 3544 τὸν
364 3487 414 3541 D
563 3493 629 3541 13
676 3484 972 3557 Κεγχρέως
1010 3488 1162 3558 vulg.
1294 3495 1377 3544 ,22
1425 3489 1591 3558 πείση
1627 3488 1696 3557 D,
1741 3490 1941 3562 πείσσῃ
1978 3490 2022 3545 F
2059 3492 2147 3560 (ut

231 3559 390 3628 infra.)
465 3554 668 3630 ἄργίνη
708 3559 757 3612 D
869 3563 937 3612 25
975 3559 1073 3629 τῆς
1111 3575 1218 3615 om.
1257 3560 1324 3615 D.

328 3657 583 3699 Dtononus
610 3657 650 3698 Ι.
1756 3654 1824 3704 33
