2569 4061
412 298 543 366 368
1070 295 1383 354 DIODORI
1420 295 1655 352 SICULI

399 467 607 546 θῆναι
622 508 643 544 ,
717 461 814 537 είς
877 459 1167 543 φυσικάς
1227 482 1416 537 τινας
1479 460 1691 535 αἰτίας
1753 457 2114 543 μετάγουσι
2176 461 2350 537 τοὺς

332 591 362 641 7
400 567 754 644 τοιούτους
783 568 1044 650 λόγους.
1103 567 1271 643 Διὸς
1299 561 1422 649 μὲν
1447 566 1577 651 γὰρ
1604 561 1716 631 καὶ
1743 567 2103 650 Δήμητρος
2131 563 2349 630 αὐτὸν

400 671 721 755 λέγεσθαι
768 671 881 737 διὰ
926 674 1002 738 τὸ
1049 671 1174 755 τὴν
1210 672 1506 756 ἄμπελον
1544 672 1618 736 ἔκ
1650 693 1722 737 τε
1758 677 1881 754 γῆς
1915 667 2027 735 καὶ
2063 671 2347 757 ὄμβρων

400 779 881 863 λαμβάνουσαν
932 779 1057 862 τὴν
1103 777 1385 863 αὔξησιν
1429 786 1886 865 καρποφορεῖν
1931 777 2051 842 τὸν
2097 775 2171 842 έκ
2214 785 2342 842 τοῦ

401 887 690 972 βότρυος
737 886 1281 969 ἀποθλιβόμενον
1328 878 1544 950 οἶνον·
1590 886 1666 950 τὸ
1706 880 1769 949 δ’
1804 884 1935 949 ὑπὸ
1971 893 2107 948 τῶν
2142 906 2343 967 γηγε-
2374 903 2404 943 5

402 1002 543 1057 νῶν
591 990 750 1058 νέον
797 994 959 1057 ὄντα
1006 991 1510 1075 διασπασθῆναι
1556 990 1811 1074 δηλοῦν
1854 990 1980 1073 τὴν
2024 988 2157 1056 ὑπὸ
2201 999 2341 1055 τῶν

402 1108 723 1183 γεωργῶν
787 1097 1205 1181 συγκομιδὴν
1265 1107 1402 1162 τῶν
1463 1107 1766 1183 καρπῶν,
1833 1097 1975 1178 [διὰ
2037 1096 2115 1161 τὸ
2180 1097 2341 1174 τοὺς

404 1203 817 1288 ἀνθρώπους
868 1204 993 1287 τὴν
1047 1211 1176 1287 γῆν
1232 1206 1603 1291 Δήμητραν
1656 1206 1953 1288 νομίζειν
1965 1205 2006 1284 ·]
2072 1204 2198 1287 τὴν
2264 1199 2340 1269 δὲ

402 1306 783 1391 καθέψησιν
817 1318 953 1373 τῶν
998 1313 1218 1393 μελῶν
1262 1316 1853 1395 μεμυθοποιῆσθαι
1901 1309 2016 1374 διὰ
2058 1311 2135 1374 τὸ
2180 1311 2340 1388 τοὺς

402 1416 753 1492 πλείστους
798 1413 985 1493 ἕψειν
1028 1417 1149 1481 τὸν
1195 1411 1388 1482 οἶνον
1432 1414 1543 1482 καὶ
1586 1418 1948 1501 μίσγοντας
1983 1414 2338 1482 εὐωδεστέ-
2368 1434 2424 1474 10

404 1544 534 1608 ραν
588 1521 798 1588 αὐτοῦ
851 1521 963 1589 καὶ
1017 1525 1327 1608 βελτίονα
1380 1524 1503 1607 τὴν
1549 1523 1760 1608 φύσιν
1803 1523 2337 1602 κατασκευάζειν·

408 1629 484 1692 τὸ
533 1624 607 1694 δὲ
652 1630 733 1695 τὰ
776 1629 908 1696 ὑπὸ
953 1640 1089 1696 τῶν
1132 1639 1438 1714 γηγενῶν
1483 1627 1911 1714 λυμανθέντα
1946 1639 2084 1695 τῶν
2119 1633 2339 1714 μελῶν

410 1733 837 1821 ἁρμοσθέντα
894 1735 1096 1801 πάλιν
1151 1732 1260 1803 ἐπὶ
1312 1736 1436 1819 τὴν
1489 1732 2073 1822 προγεγενημένην
2126 1737 2337 1819 φύσιν

410 1841 1000 1908 ἀποκαθίστασθαι
1054 1843 1546 1927 παρεμφαίνειν
1591 1842 1693 1907 ὅτι
1747 1842 1951 1908 πάλιν
1993 1840 2036 1924 ἡ
2080 1847 2163 1923 γῆ
2209 1841 2337 1923 τὴν

404 1954 859 2034 τρυγηθεῖσαν
905 1949 1201 2034 ἄμπελον
1245 1945 1360 2014 καὶ
1403 1954 1775 2034 τμηθεῖσαν
1819 1958 1965 2026 ταῖς
2006 1941 2142 2012 κατ’
2186 1946 2336 2023 ἔτος
2365 1964 2420 2005 15

410 2056 615 2137 ὥραις
674 2058 768 2133 είς
826 2057 949 2140 τὴν
1007 2055 1530 2142 προϋπάρξασαν
1589 2055 1663 2123 έν
1723 2065 1816 2144 τῷ
1879 2061 2337 2142 καρποφορεῖν

410 2160 628 2245 ἀκμὴν
688 2162 1193 2248 ἀποκαθίστησι.
1283 2164 1589 2229 καθόλου
1645 2165 1774 2246 γὰρ
1834 2163 1966 2228 ὑπὸ
2022 2172 2160 2228 τῶν
2223 2161 2337 2247 ἀρ-

410 2270 620 2353 χαίων
664 2279 961 2353 ποιητῶν
994 2266 1106 2335 καὶ
1143 2270 1612 2357 μυθογράφων
1646 2270 1771 2353 τὴν
1806 2270 2174 2354 Δήμητραν
2208 2275 2337 2352 γῆν

337 2395 371 2445 8
408 2374 654 2462 μητέρα
690 2376 1329 2462 προσαγορεύεσθαι.
1405 2376 1736 2461 σύμφωνα
1764 2371 1840 2441 δὲ
1864 2374 2129 2452 τούτοις
2164 2369 2336 2440 εἶναι

414 2483 496 2546 τά
548 2504 619 2547 τε
666 2484 1043 2567 δηλούμενα
1090 2482 1202 2547 διὰ
1246 2491 1384 2547 τῶν
1422 2478 1753 2569 Ὀρφικῶν
1796 2482 2184 2566 ποιημάτων
2226 2478 2337 2546 καὶ
2361 2497 2414 2537 20

417 2588 497 2651 τὰ
556 2591 1090 2673 παρεισαγόμενα
1148 2589 1315 2653 κατὰ
1372 2588 1489 2665 τὰς
1545 2588 1835 2673 τελετάς,
1894 2585 2046 2675 περὶ
2101 2583 2199 2654 ὧν
2254 2587 2335 2653 οὗ

341 2714 373 2762 9
409 2689 606 2776 θέμις
639 2701 781 2769 τοῖς
816 2692 1133 2777 ἀμυήτοις
1169 2692 1463 2780 ἱστορεῖν
1496 2695 1577 2759 τὰ
1611 2695 1777 2761 κατὰ
1811 2690 2028 2779 μέρος.
2094 2692 2335 2777 ὅμοίως

412 2794 486 2863 δὲ
540 2795 652 2863 καὶ
702 2799 826 2882 τὴν
881 2796 955 2863 ἐκ
998 2794 1299 2883 Σεμέλης
1351 2796 1614 2882 γένεσιν
1659 2800 1754 2876 είς
1799 2799 2088 2883 φυσικὰς
2132 2796 2335 2884 ἀρχὰς

412 2904 804 2988 ἀνάγουσιν,
842 2904 1373 2990 ἀποφαινόμενοι
1402 2906 1690 2989 Θυώνην
1715 2903 1848 2970 ὑπὸ
1875 2914 2011 2969 τῶν
2041 2903 2332 2989 ἀρχαίων

407 3014 531 3098 τὴν
567 3020 695 3096 γῆν
732 3012 1146 3097 ὠνομάσθαι,
1183 3010 1294 3077 καὶ
1330 3017 1681 3078 τεθεῖσθαι
1707 3012 1832 3095 τὴν
1858 3011 2315 3097 προσηγορίαν
2333 3029 2432 3082 232

413 3117 576 3201 [καὶ]
625 3115 931 3204 Σεμέλην
976 3114 1098 3203 μὲν
1144 3117 1272 3184 ἀπὸ
1320 3127 1443 3185 τοῦ
1489 3118 1738 3202 σεμνὴν
1784 3112 1958 3183 εἶναι
2003 3124 2120 3201 τῆς
2162 3121 2329 3183 θεοῦ
2354 3134 2405 3175 2⁶

409 3361 478 3395 ιο
481 3269 1053 3429 „c35¹v⁰²32²1⁷.⁰}’z‘232{112
1133 3273 1535 3468 ⁸13⁸32053⁷²J3D7
1539 3269 1852 3431 ονῗέέβξῖ
1869 3273 1975 3398 ‘if
2052 3280 2119 3402 1⁷1
2142 3269 2327 3398 ῗὲτῖ.

1450 3432 1509 3470 m

410 3409 716 3476 σκευάζοντ
686 3433 788 3476 τας
823 3413 876 3469 ΙΙ
986 3419 1052 3468 12
1091 3410 1157 3468 τὸ
1194 3413 1259 3470 δὲ
1298 3435 1368 3469 τα
1511 3412 1760 3482 ‹im-132&
1789 3409 1852 3469 δ’
1881 3414 2014 3470 libri
2067 3409 2072 3415 ’
2125 3420 2192 3469 14
2226 3410 2326 3469 πά-

408 3481 496 3531 λιν
541 3477 630 3534 ὅτι
674 3484 855 3552 vulg.;
901 3480 1037 3538 πάλι
1040 3503 1074 3537 ν
1123 3484 1228 3539 del.
1267 3484 1436 3539 Dind.
1581 3455 1653 3539 25’
1696 3483 1801 3556 τὴν
1845 3484 1966 3556 πρ.]
2004 3487 2063 3540 δι
2043 3482 2201 3555 ιττὴν
2235 3504 2325 3556 πρ.

407 3544 604 3599 Wurm
712 3558 782 3605 26
819 3553 915 3606 καὶ
954 3553 1063 3607 del.
1100 3554 1256 3608 Eich.
