2569 4061
379 208 419 270 6
1079 204 1385 261 DIODORI
1424 203 1657 261 SICULI

374 374 561 453 νίαν,
618 371 698 433 τά
755 366 828 434 δὲ
875 366 1281 453 μεμιγμένην
1338 371 1511 452 ἔχειν
1566 377 1656 454 τῷ
1719 368 2131 452 συμφέροντι
2178 370 2301 451 τὴν

374 476 655 559 βλάβην,
703 478 848 541 ἔνια
895 472 968 541 δὲ
1014 481 1466 553 κατεψεῦσθαι
1512 482 1628 556 τῆς
1675 473 2024 557 ἀληθείας,
2086 477 2300 558 μόνην

377 577 452 645 δὲ
496 582 619 665 τὴν
667 582 996 668 ἱστορίαν,
1055 582 1605 665 συμφωνούντων
1661 579 1734 644 έν
1790 581 1956 666 αὐτῇ
2012 591 2147 645 τῶν
2192 583 2301 645 λό-

373 711 515 769 γων
560 698 700 765 τοῖς
745 692 995 775 ἔργοις,
1056 690 1314 753 ἅπαντα
1368 688 1573 753 τᾶλλα
1619 690 1905 772 χρήσιμα
1950 696 2029 773 τῇ
2075 699 2299 774 γραφῇ

303 802 335 852 8
374 794 892 881 περιειληφέναι.
986 795 1278 881 ὁρᾶσθαι
1324 794 1452 879 γὰρ
1501 793 1712 876 αὐτὴν
1757 792 2302 879 προτρεπομένην
2329 814 2354 852 5

375 897 481 964 ἐπὶ
520 903 980 985 δικαιοσύνην,
1027 910 1534 987 κατηγοροῦσαν
1571 911 1705 965 τῶν
1752 901 2053 984 φαύλων,
2102 898 2301 981 ἐγκω-

373 1008 741 1090 μιάζουσαν
786 1010 944 1083 τοὺς
982 1006 1305 1090 ἀγαθούς,
1351 1009 1426 1072 τὸ
1475 1007 1766 1073 σύνολον
1810 1006 2153 1092 ἐμπειρίαν
2192 1030 2301 1090 με-

372 1116 607 1197 γίστην
652 1123 1133 1199 περιποιοῦσαν
1177 1126 1318 1191 τοῖς
1365 1114 1862 1199 ἐντυγχάνουσι.

311 1227 352 1290 3
551 1221 683 1284 Διὸ
747 1218 858 1284 καὶ
916 1227 1337 1307 θεωροῦντες
1395 1220 1582 1305 ἡμεῖς
1647 1223 1905 1297 δικαίας
1971 1220 2302 1305 ἀποδοχῆς

372 1321 825 1410 τυγχάνοντας
861 1331 1018 1404 τοὺς
1054 1328 1304 1413 ταύτην
1341 1324 2057 1414 πραγματευσαμένους
2094 1331 2300 1414 προή-
2331 1347 2381 1385 10

372 1439 634 1517 χθημεν
682 1431 787 1499 ἐπὶ
831 1435 951 1499 τὸν
997 1434 1233 1519 ὅμοιον
1279 1444 1394 1519 τῆς
1439 1432 1827 1510 ὑποθέσεως
1875 1437 2087 1516 ζῆλον.
2164 1432 2301 1498 ἐπι-

374 1542 734 1624 στήσαντες
766 1537 839 1606 δὲ
867 1543 985 1606 τὸν
1021 1549 1191 1606 νοῦν
1227 1550 1367 1617 τοῖς
1404 1542 1531 1626 πρὸ
1570 1539 1759 1624 ἡμῶν
1797 1549 2301 1626 συγγραφεῦσιν

373 1646 830 1733 ἀπεδεξάμεθα
885 1644 1008 1731 μὲν
1068 1648 1157 1723 ὡς
1221 1649 1323 1711 ἔνι
1387 1648 1669 1729 μάλιστα
1731 1648 1855 1728 τὴν
1908 1649 2302 1732 προαίρεσιν

371 1752 615 1836 αὐτῶν,
665 1755 746 1818 οὐ
794 1754 925 1837 μὴν
971 1752 1396 1837 ἐξειργάσθαι
1450 1753 1615 1835 πρὸς
1670 1753 1743 1815 τὸ
1793 1750 2141 1836 συμφέρον
2186 1750 2298 1817 καὶ

371 1861 445 1922 τὸ
513 1860 804 1923 δυνατὸν
868 1860 982 1933 τὰς
1054 1857 1502 1942 πραγματείας
1566 1856 1789 1921 αὐτῶν
1863 1857 2297 1942 ὑπελάβομεν.
2330 1877 2380 1916 15

302 1974 334 2023 2
372 1962 676 2050 κειμένης
721 1966 846 2051 γὰρ
894 1974 1033 2041 τοῖς
1090 1963 1625 2049 ἀναγινώσκουσι
1679 1974 1795 2049 τῆς
1856 1964 2178 2050 ὠφελείας
2226 1964 2299 2029 ἐν

370 2081 462 2160 τῷ
518 2075 828 2150 πλείστας
881 2070 991 2137 καὶ
1047 2073 1525 2149 ποικιλωτάτας
1578 2072 1994 2159 περιστάσεις
2051 2074 2301 2158 λαμβά-

370 2202 545 2262 νειν,
606 2181 676 2244 oc
725 2185 1020 2245 πλεῖστοι
1076 2177 1199 2265 μὲν
1256 2191 1385 2257 ἑνὸς
1439 2182 1688 2257 ἔθνους
1741 2179 1782 2262 ἢ
1842 2189 1994 2264 μιᾶς
2049 2182 2302 2256 πόλεως

372 2286 745 2362 αὐτοτελεῖς
781 2284 1111 2370 πολέμους
1158 2284 1565 2371 ἀνέγραψαν,
1613 2287 1829 2368 ὀλίγοι
1877 2284 1938 2349 δ’
1991 2286 2117 2351 ἀπὸ
2166 2299 2300 2351 τῶν

373 2391 667 2475 ἀρχαίων
713 2395 977 2475 χρόνων
1022 2390 1379 2476 ἀρξάμενοι
1424 2392 1539 2466 τὰς
1583 2393 1813 2467 κοινὰς
1849 2392 2116 2476 πράξεις
2155 2393 2299 2456 ἐπε-
2329 2410 2380 2448 20

369 2500 688 2582 χείρησαν
737 2496 1152 2582 ἀναγράφειν
1206 2494 1399 2581 μέχρι
1454 2506 1589 2561 τῶν
1645 2495 1801 2561 καθ’
1855 2496 2101 2574 αὑτοὺς
2160 2522 2301 2562 και-

372 2613 535 2688 ρῶν,
581 2601 693 2667 καὶ
729 2603 986 2667 τούτων
1025 2603 1095 2667 οί
1135 2598 1258 2686 μὲν
1295 2605 1452 2679 τοὺς
1499 2604 1785 2679 οἰκείους
1830 2605 2116 2688 χρόνους
2154 2601 2302 2667 ἑκά-

373 2728 554 2787 στοις
584 2710 665 2775 οὐ
693 2708 1117 2796 παρέζευξαν,
1149 2710 1219 2775 oc
1244 2706 1318 2774 δὲ
1347 2711 1461 2786 τὰς
1488 2721 1622 2774 τῶν
1642 2710 2003 2795 βαρβάρων
2032 2709 2301 2795 πράξεις

369 2816 815 2904 ὑπερέβησαν,
864 2819 957 2882 ἔτι
1007 2814 1066 2881 δ’
1123 2818 1194 2882 οί
1234 2813 1357 2902 μὲν
1402 2819 1517 2893 τὰς
1562 2818 1843 2893 παλαιὰς
1885 2820 2301 2900 μυθολογίας

373 2926 655 3008 διά.τὴν
694 2923 1086 3010 δυσχέρειαν
1126 2933 1242 3007 τῆς
1288 2926 1732 3010 πραγματείας
1778 2923 2296 3007 ἀπεδοκίμασαν,
2327 2943 2377 2981 25

373 3033 446 3097 οἰ
487 3028 560 3097 δὲ
608 3032 729 3115 τὴν
775 3031 1144 3096 ὑπόστασιν
1189 3039 1305 3114 τῆς
1353 3029 1662 3114 ἐπιβολῆς
1710 3030 1792 3095 οὐ
1840 3028 2297 3114 συνετέλεσαν,

301 3165 334 3213 3
374 3138 944 3224 μεσολαβηθέντες
980 3140 1100 3204 τὸν
1135 3140 1289 3222 βίον
1325 3137 1455 3202 ὑπὸ
1493 3145 1609 3220 τῆς
1644 3134 2090 3222 πεπρωμένης.
2165 3148 2301 3203 τῶν

375 3241 449 3308 δὲ
493 3247 614 3328 τὴν
653 3244 974 3329 ἐπιβολὴν
1011 3244 1252 3330 ταύτης
1293 3253 1410 3328 τῆς
1454 3246 1899 3330 πραγματείας
1944 3244 2299 3329 πεποιημέ-

519 3405 587 3452 14
641 3402 764 3472 καὶ]
822 3389 968 3457 κατά
1027 3403 1347 3475 Ξτορὶιαηῃε
1532 3408 1596 3457 16
1651 3408 1769 3465 τοῖς
1823 3388 2171 3473 Wesseling,
2231 3398 2299 3457 ἐν

374 3472 489 3527 τοῖς
528 3467 664 3537 DF²‚
705 3468 798 3525 ἐπὶ
834 3481 952 3537 τοῖς
990 3473 1106 3529 CF¹
1255 3480 1321 3529 18
1362 3469 1491 3537 ἕνός
1528 3473 1655 3529 add.
1699 3474 1924 3529 Porson.
