2569 4061
369 283 500 347 206
1035 278 1347 335 DIODORI
1384 277 1619 334 SICULI

369 449 629 531 μνήμης
693 444 896 523 ἄξιον.
1003 446 1172 528 μόνη
1239 445 1368 528 γὰρ
1431 440 1735 526 τέτευχεν
1800 441 2192 526 ἀναγραφῆς
2255 442 2305 525 ἡ

369 557 752 635 πεμφθεῖσα
819 554 1152 635 συμμαχία
1214 561 1353 627 τοῖς
1420 547 1684 635 Τρωσὶν
1744 546 1857 614 ὑπ’
1906 545 2306 631 Ἀσσυρίων,

298 682 330 730 2
368 651 447 738 ἧς
493 654 874 741 ἐστρατήγει
919 655 1220 741 Μέμνων
1266 655 1303 720 ὁ
1360 660 1692 721 Τιθωνοῦ.
1777 655 2123 739 Τευτάμου
2168 656 2303 740 γὰρ

369 764 841 844 βασιλεύοντος
877 772 991 848 τῆς
1023 758 1261 845 Ἀσίας,
1301 762 1373 840 ὃς
1410 758 1496 845 ἧν
1535 763 1831 838 εἰκοστὸς
1868 761 1996 826 ἀπὸ
2027 761 2303 826 Νινύου

367 878 488 934 τοῦ
571 871 1052 956 Σεμιράμιδος,
1138 868 1306 954 φασὶ
1377 873 1534 946 τοὺς
1608 863 1746 952 μετ’
1812 866 2304 951 Ἀγαμέμνονος
2335 887 2368 927 5

353 972 680 1060 Ἕλληνας
743 975 851 1042 ἐπὶ
924 979 1172 1062 Τροίαν
1237 984 1663 1058 στρατεῦσαι,
1737 976 1861 1059 τὴν
1933 973 2304 1057 ἡγεμονίαν

370 1081 659 1166 ἐχόντων
712 1090 830 1165 τῆς
867 1079 1088 1159 Ἀσίας
1141 1093 1277 1147 τῶν
1317 1080 1686 1168 Ἀσσυρίων
1743 1084 1853 1164 ἔτη
1902 1085 2106 1146 πλείω
2162 1090 2303 1145 τῶν

368 1191 616 1273 χιλίων.
689 1185 800 1252 καὶ
844 1189 964 1252 τὸν
1009 1183 1132 1272 μὲν
1179 1190 1490 1274 Πρίαμον
1532 1190 1997 1274 βαρυνόμενον
2040 1194 2132 1274 τῷ
2179 1209 2300 1251 πο-

369 1290 544 1380 λέμῳ
608 1291 719 1357 καὶ
775 1294 1214 1376 βασιλεύοντα
1276 1304 1393 1377 τῆς
1465 1291 1807 1383 Τρωάδος,
1873 1294 2174 1376 ὑπήκοον
2230 1286 2293 1356 δ’

370 1400 531 1463 ὄντα
566 1407 657 1485 τῷ
696 1402 962 1482 βασιλεῖ
990 1410 1127 1466 τῶν
1156 1398 1548 1487 Ἀσσυρίων,
1594 1399 1848 1485 πέμψαι
1885 1401 2052 1486 πρὸς
2089 1399 2297 1464 αὐτὸν
2331 1422 2388 1460 ιο

284 1595 291 1603 .
369 1508 775 1590 πρεσβευτὰς
800 1505 950 1593 περὶ
983 1510 1327 1591 βοηθείας·
1364 1509 1484 1572 τὸν
1523 1503 1597 1573 δὲ
1633 1509 1975 1591 Τεύταμον
2013 1509 2298 1590 μυρίους

369 1608 490 1695 μὲν
520 1615 879 1697 Αἰθίοπας,
919 1616 1163 1692 ἄλλους
1200 1612 1274 1679 δὲ
1311 1615 1674 1691 τοσούτους
1701 1614 2132 1689 Σουσιανοὺς
2169 1614 2297 1676 σὺν

369 1718 615 1805 ἅρμασι
663 1722 1028 1799 διακοσίοις
1064 1720 1538 1803 ἐξαποστεῖλαι,
1586 1722 1956 1806 στρατηγὸν
1995 1719 2296 1784 ἐπικατα-

297 1852 328 1899 3
370 1829 699 1909 στήσαντα
772 1826 1101 1911 Μέμνονα
1172 1829 1292 1892 τὸν
1374 1830 1705 1892 Τιθωνοῦ.
1797 1824 1909 1892 καὶ
1982 1825 2099 1901 τὸν
2170 1821 2296 1907 μὲν

376 1936 710 2016 Τιθωνόν,
755 1928 898 1999 κατ’
942 1933 1237 2010 ἐκείνους
1281 1934 1440 2009 τοὺς
1474 1936 1763 2023 χρόνους
1807 1929 1923 2017 τῆς
1961 1932 2294 2015 Περσίδος
2324 1954 2380 1995 15

368 2040 528 2105 ὄντα
558 2044 949 2127 στρατηγόν,
978 2040 1357 2126 εὐδοκιμεῖν
1393 2043 1570 2127 παρὰ
1597 2048 1686 2130 τῷ
1707 2045 1991 2125 βασιλεῖ
2013 2038 2294 2125 μάλιστα

365 2157 500 2212 τῶν
554 2146 1070 2233 καθεσταμένων
1117 2149 1453 2236 ἐπάρχων,
1501 2150 1619 2214 τὸν
1678 2146 1751 2214 δὲ
1798 2146 2125 2232 Μέμνονα
2169 2147 2294 2228 τὴν

366 2252 632 2336 ἡλικίαν
678 2255 1047 2340 ἀκμάζοντα
1095 2255 1444 2343 διαφέρειν
1489 2255 1765 2343 ἀνδρεία
1810 2278 1880 2320 τε
1924 2251 2035 2319 καὶ
2081 2260 2293 2337 ψυχῆς

368 2363 790 2448 λαμπρότητι.
894 2364 1328 2447 οἰκοδομῆσαι
1384 2359 1447 2427 δ’
1500 2362 1706 2428 αὐτὸν
1763 2360 1869 2427 ἐπὶ
1921 2370 2036 2444 τῆς
2090 2361 2293 2444 ἄκρας

366 2466 447 2529 τὰ
500 2465 574 2531 ἐν
620 2470 915 2545 Σούσοις
959 2471 1261 2551 βασίλεια
1316 2470 1398 2533 τὰ
1454 2469 1884 2551 διαμείναντα
1939 2465 2131 2550 μέχρι
2176 2470 2292 2547 τῆς
2319 2488 2372 2528 20

369 2574 654 2654 Περσῶν
717 2572 1102 2657 ἡγεμονίας,
1157 2570 1490 2656 κληθέντα
1546 2567 1608 2635 δ’
1662 2568 1772 2636 ἀπ’
1827 2570 2086 2635 ἐκείνου
2148 2574 2291 2635 Με-

366 2679 666 2760 μνόνεια·
723 2678 1205 2743 κατασκευάσαι
1264 2674 1339 2742 δὲ
1384 2676 1494 2741 καὶ
1542 2678 1653 2740 διὰ
1708 2685 1823 2760 τῆς
1867 2675 2085 2760 χώρας
2131 2679 2292 2740 λεω-

367 2786 584 2869 φόρον
640 2784 801 2849 ὁδὸν
856 2784 979 2867 τὴν
1032 2781 1223 2870 μέχρι
1274 2794 1410 2848 τῶν
1464 2792 1593 2848 νῦν
1649 2786 1912 2869 χρόνων
1973 2781 2288 2867 ὀνομαζο-

295 2914 330 2961 4
367 2889 575 2975 μένην
629 2894 1075 2976 Μεμνόνειαν.
1169 2891 1664 2976 ἀμφισβητοῦσι
1721 2887 1795 2957 δὲ
1848 2888 1960 2955 καὶ
2014 2891 2086 2955 οἱ
2137 2887 2287 2974 περὶ
2351 2923 2358 2927 ·

365 3000 488 3083 τὴν
534 3004 882 3083 Αἴγυπτον
927 3000 1291 3081 Αὐθίοπες,
1346 2995 1650 3085 λέγοντες
1695 2997 1768 3063 ἐν
1828 2997 2105 3074 ἐκείνοις
2149 3005 2287 3073 τοῖς
2312 3018 2362 3058 25

364 3109 593 3190 τόποις
647 3103 994 3191 γεγονέναι
1049 3107 1168 3171 τὸν
1224 3106 1440 3192 ἄνδρα
1492 3114 1765 3189 τοῦτον,
1821 3104 1930 3171 καὶ
1986 3106 2285 3188 βασίλεια

364 3215 612 3278 παλαιὰ
659 3213 1112 3297 δεικνύουσιν,
1174 3212 1214 3276 ἃ
1261 3211 1452 3299 μέχρι
1498 3222 1618 3278 τοῦ
1663 3222 1792 3279 νῦν
1840 3212 2290 3296 ὀνομάζεσθαί

510 3411 543 3457 4
574 3408 760 3460 Νίνου
781 3407 829 3459 D
907 3413 936 3461 7
976 3426 1088 3461 των
1101 3401 1261 3477 Hom]
1282 3407 1393 3460 τῶν
1423 3423 1533 3461 om.
1554 3406 1602 3459 D
1679 3411 1745 3461 13
1775 3402 2204 3475 καταστήσαντα
2232 3403 2283 3456 Π

366 3473 433 3521 16
472 3468 611 3527 ὄντα
651 3495 727 3530 στ.
766 3496 811 3531 τ.
853 3480 1130 3546 Περσίδος
1167 3480 1319 3546 vulg.
1466 3484 1533 3531 23
1572 3473 1675 3547 τὴν
1714 3495 1822 3535 om.
1863 3478 1910 3530 D
2057 3482 2127 3530 24
2164 3479 2281 3529 Με-

364 3535 630 3599 μνόνειον
666 3547 818 3613 vulg.
