2569 4061
1046 310 1127 364 ΠΙ
1163 315 1250 366 37.
1291 317 1374 366 38.
2053 314 2179 380 321

256 479 673 558 Πτολεμαῖος
726 482 867 549 τοῖς
921 469 1044 557 μὲν
1096 483 1415 556 κυνηγοῖς
1468 475 1585 550 τὰς
1639 475 1821 555 ἀξίας
1877 473 2184 561 ἀπένειμε

257 580 530 667 δωρεάς,
576 580 696 644 τὸν
734 573 797 643 δ’
839 581 1000 661 ὄφιν
1036 581 1269 665 ἔτρεφε
1307 580 1863 664 τετιθασευμένον
1898 581 2011 649 καὶ
2045 592 2186 662 τοῖς

256 688 353 763 εἰς
415 687 539 769 τὴν
604 689 949 769 βασιλείαν
1012 686 1518 771 παραβάλλουσι
1589 684 1803 765 ξένοις
1874 688 2184 773 μέγιστον

255 793 711 877 παρεχόμενον
738 789 851 856 καὶ
877 792 1418 877 παραδοξότατον
1443 788 1681 876 θέαμα.
1738 793 1968 879 διόπερ
2005 801 2183 879 τηλι-
2220 836 2252 884 9

204 916 232 956 5
258 897 506 962 κούτου
539 895 889 981 ,μεγέθους
944 889 1162 980 ὄφεως
1216 898 1312 973 εἰς
1366 898 1525 974 ὄψιν
1577 898 1814 981 κοινὴν
1867 921 2185 985 κατηντη-

254 1007 448 1080 κότος
494 1003 619 1069 οὐκ
655 1001 843 1081 ἀξιον
881 1002 1182 1067 ἀπιστεῖν
1217 1013 1358 1078 τοῖς
1392 1005 1725 1081 Αὐθίοψιν
1762 1001 1922 1069 οὐδὲ
1959 1012 2185 1089 μῦθον
2286 1083 2295 1088 ,

253 1109 758 1194 ὑπολαμβάνειν
803 1111 878 1174 τὸ
923 1108 1399 1194 θρυλούμενον
1433 1106 1545 1175 ὑπ’
1582 1111 1822 1176 αὐτῶν.
1899 1111 2183 1196 ἀποφαί-

247 1239 490 1281 νονται
542 1217 671 1302 γὰρ
727 1215 1018 1302 ὁρᾶσθαι
1070 1217 1235 1280 κατά
1289 1217 1414 1300 τὴν
1458 1218 1683 1304 χώραν
1727 1219 1950 1285 αὐτῶν
1996 1221 2186 1304 ὄφεις

251 1323 686 1406 τηλικούτους
720 1324 796 1387 τὸ
835 1320 1119 1406 μέγεθος
1155 1322 1323 1388 ὥστε
1368 1324 1456 1408 μὴ
1504 1327 1714 1408 μόνον
1758 1328 1923 1409 βοῦς
1966 1349 2036 1391 τε
2072 1325 2185 1393 καὶ

173 1448 227 1488 10
252 1428 542 1513 ταύρους
600 1426 711 1493 καὶ
768 1437 904 1493 τῶν
963 1429 1184 1492 ἄλλων
1245 1425 1429 1516 ζῴων
1485 1432 1567 1494 τὰ
1624 1437 1982 1515 τηλικαῦτα
2043 1443 2184 1510 τοῖς

256 1537 485 1615 ὄγκοις
522 1533 925 1616 ἀναλίσκειν,
965 1533 1131 1598 ἀλλά
1165 1532 1278 1599 καὶ
1313 1545 1455 1611 τοῖς
1491 1534 1806 1620 ἐλέφασιν
1843 1541 1938 1616 εἰς
1975 1539 2183 1622 ἀλκὴν

257 1642 735 1722 συνίστασθαι,
803 1638 915 1706 καὶ
984 1641 1096 1705 διὰ
1162 1637 1287 1725 μὲν
1349 1649 1465 1725 τῆς
1537 1645 1809 1729 σπείρας
1872 1643 2185 1728 ἐμπλεκο-

255 1742 501 1829 μένους
562 1755 702 1822 τοῖς
767 1744 1067 1812 σκέλεσιν
1131 1745 1507 1831 ἐμποδίζειν
1569 1747 1692 1830 τὴν
1754 1749 1920 1813 κατὰ
1974 1749 2185 1832 φύσιν

252 1854 551 1935 κίνησιν,
628 1853 747 1917 τὸν
812 1846 875 1917 δ’
926 1851 1173 1937 αὐχένα
1236 1854 1759 1939 μετεωρίσαντας
1828 1851 1995 1940 ὑπὲρ
2060 1857 2184 1939 τὴν

171 1976 227 2018 15
255 1959 670 2046 προβοσκίδα
724 1959 848 2042 τὴν
902 1959 1201 2043 κεφαλὴν
1246 1957 1559 2024 ἐναντίαν
1603 1969 1821 2025 ποιεῖν
1865 1970 2006 2038 τοῖς
2049 1972 2184 2027 τῶν

254 2064 638 2149 ἐλεφάντων
665 2068 935 2151 ὄμμασι,
974 2067 1085 2131 διά
1123 2063 1198 2132 δὲ
1232 2076 1356 2132 τοῦ
1392 2075 1717 2153 πυρωποῦ
1752 2077 1887 2134 τῶν
1923 2067 2183 2152 ὀφθαλ-

254 2181 401 2254 μῶν
443 2171 745 2258 ἀστραπῇ
781 2175 1242 2258 παραπλησίας
1275 2174 1394 2249 τὰς
1430 2175 1858 2257 λαμπηδόνας
1894 2176 2185 2260 προβάλ-

252 2283 495 2356 λοντας
541 2278 978 2363 ἀποτυφλοῦν
1022 2280 1146 2362 τὴν
1193 2280 1453 2365 ὅρασιν,
1499 2277 1611 2344 καὶ
1657 2282 2041 2363 σφήλαντας
2075 2280 2186 2347 ἐπὶ

256 2385 379 2465 τὴν
422 2392 551 2467 γῆν
598 2395 1051 2471 σαρκοφαγεῖν
1095 2387 1176 2449 τὰ
1218 2384 1629 2471 χειρωθέντα
1673 2395 1808 2451 τῶν
1856 2383 2056 2475 ζῴων.

173 2508 230 2549 20
433 2494 992 2575 Διευκρινηκότες
1013 2489 1075 2556 δ’
1101 2492 1481 2578 ἀρκούντως
1506 2494 1587 2556 τὰ
1613 2491 1765 2578 περὶ
1791 2493 1914 2576 τὴν
1943 2496 2181 2559 Almo-

254 2597 419 2660 πίαν
454 2595 565 2661 καὶ
609 2598 1165 2684 Τρωγλοδυτικὴν
1200 2595 1312 2664 καὶ
1346 2599 1470 2682 τὴν
1505 2599 1774 2676 ταύταις
1811 2601 2182 2667 συνάπτον·
2201 2577 2286 2644 38

254 2718 381 2768 σαν
427 2701 617 2789 μέχρι
659 2712 777 2787 τῆς
814 2706 926 2769 διά
961 2712 1182 2789 καῦμα
1219 2704 1557 2788 ἀοικήτου,
1602 2706 1769 2791 πρὸς
1805 2702 1880 2771 δὲ
1914 2708 2184 2785 ταύταις

243 2806 405 2895 περὶ
441 2817 558 2893 τῆς
593 2813 919 2896 παραλίας
953 2818 1069 2894 τῆς
1105 2812 1286 2897 παρὰ
1320 2812 1444 2894 τὴν
1474 2809 1812 2898 Ἐρυθρὰν
1841 2813 2183 2879 θάλατταν

245 2913 362 2979 καὶ
427 2917 503 2980 τὸ
561 2913 988 2982 Ἀτλαντικὸν
1052 2914 1337 3000 πέλαγος
1399 2918 1474 2982 τὸ
1539 2919 1704 3005 πρὸς
1768 2921 2183 3006 μεσημβρίαν

173 3039 225 3080 25
252 3019 664 3106 κεκλιμένον,
710 3020 863 3109 περὶ
907 3031 1029 3087 τοῦ
1064 3022 1661 3108 καταλελειμμένου
1699 3022 1962 3110 μέρους,
2009 3021 2180 3104 λέγω

253 3124 327 3192 δὲ
384 3137 507 3194 τοῦ
557 3125 870 3214 Ἀραβίου
923 3130 1177 3194 κόλπου
1187 3176 1207 3211 ,
1262 3132 1681 3214 ποιησόμεθα
1725 3129 1848 3211 τὴν
1893 3127 2179 3212 ἀναγρα-

243 3236 422 3317 φήν,
486 3236 568 3299 τὰ
633 3231 755 3319 μὲν
819 3234 893 3300 ἐκ
954 3246 1089 3302 τῶν
1154 3235 1227 3300 ἐν
1294 3229 1752 3321 Ἀλεξανδρεία
1817 3235 2179 3315 βασιλικῶν

397 3432 464 3481 14
501 3423 911 3511 &abpoReist
948 3422 1062 3482 ὑπὸ
1101 3427 1324 3516 epdioes
1483 3432 1548 3482 17
1587 3424 1990 3512 παραπλησίως
2025 3423 2176 3478 codi-

248 3512 564 3638 ‹2338235301‘33⁷5
598 3498 764 3625 Ιέγιὲᾶ.
928 3501 1382 3571 προσβαλλοντας
1417 3498 1470 3552 II
1633 3500 1702 3549 23
1739 3493 1923 3565 παρα]
1960 3493 2092 3564 περὶ
2127 3494 2181 3548 II
2257 3537 2267 3546 .

358 3667 399 3708 D
402 3676 613 3710 ooooooo
640 3668 681 3709 1.
1792 3659 1850 3705 21
