2569 4061
370 197 458 264 56
1039 198 1348 256 DIODORI
1385 199 1621 257 SICULI

300 384 332 431 2
371 364 636 430 κοσίων.
727 362 768 444 ἡ
826 358 900 427 δὲ
955 369 1156 445 νῆσος
1212 361 1378 444 αὕτη
1434 368 1711 440 πολλαῖς
1767 362 2040 450 διώρυξι
2084 386 2301 450 χειρο·

370 470 668 550 ποιήτοις
723 469 1092 552 διείληπται
1145 466 1257 533 καὶ
1292 468 1538 554 ,χώραν
1591 467 1881 554 περιέχει
1938 472 2301 555 καλλίστην

368 583 485 657 τῆς
529 575 897 658 Αἰγύπτου.
961 578 1473 661 ποταμόχωστος
1516 578 1644 663 γὰρ
1670 559 1865 643 ςοῦσα
1906 575 2019 646 καὶ
2061 579 2300 664 κατάρ-

372 704 571 765 ρυτος
624 686 916 760 πολλοὺς
970 681 1082 748 καὶ
1135 683 1606 760 παντοδαποὺς
1661 682 1924 770 ἐκφέρει
1982 686 2298 770 καρπούς,

370 796 492 853 τοῦ
529 784 650 872 μὲν
685 798 989 873 ποταμοῦ
1026 790 1137 858 διὰ
1173 790 1297 872 τὴν
1332 786 1476 854 κατ’
1512 791 1658 867 ἔτος
1695 789 2022 874 ἀνάβασιν
2050 792 2300 877 νεαρὰν
2326 807 2357 847 5

374 896 524 962 ἰλὺν
578 893 680 961 ἀεὶ
743 894 1210 979 καταχέοντος,
1274 907 1411 961 τῶν
1475 890 1538 960 δ’
1600 896 1981 983 ἀνθρώπων
2053 897 2301 984 ῥαδίως

371 1001 635 1067 ἅπασαν
671 1000 1099 1088 ἀρδευόντων
1137 1002 1250 1070 διά
1284 1024 1470 1079 τινος
1506 1010 1823 1087 μηχανῆς,
1858 1003 1946 1087 ἢν
1983 1002 2299 1088 ἐπενόησε

371 1104 494 1191 μὲν
532 1105 932 1192 Ἀρχιμήδης
986 1106 1023 1172 ὁ
1077 1110 1533 1192 Συρακόσιος,
1599 1108 1986 1192 ὀνομάζεται
2041 1106 2115 1175 δὲ
2170 1110 2298 1176 ἀπὸ

371 1221 494 1278 τοῦ
539 1216 867 1298 σχήματος
911 1215 1196 1300 κοχλίας.
1259 1225 1544 1300 πραεῖαν
1591 1212 1664 1280 δὲ
1708 1224 1831 1280 τοῦ
1876 1218 2130 1281 Νείλου
2177 1217 2300 1299 τὴν

373 1318 573 1404 ῥύσιν
616 1317 1048 1404 ποιουμένου,
1094 1318 1207 1386 καὶ
1251 1329 1380 1404 γῆν
1416 1321 1673 1405 πολλὴν
1716 1319 1829 1387 καὶ
1863 1322 2299 1410 παντοδαπὴν
2326 1339 2382 1378 10

370 1425 891 1511 καταφέροντος,
957 1428 1055 1492 ἔτι
1120 1423 1195 1492 δὲ
1257 1428 1423 1493 κατὰ
1485 1431 1644 1505 τοὺς
1714 1430 1984 1505 κοίλους
2053 1430 2300 1506 τόπους

372 1533 828 1616 λιμνάζοντος,
885 1532 1000 1618 ἕλη
1066 1537 1320 1616 γίνεται
1373 1535 1711 1620 πάμφορα.
1813 1535 1986 1620 ῥίζαι
2039 1536 2166 1620 γὰρ
2224 1534 2300 1602 ἐν

372 1639 599 1717 αὐτοῖς
645 1640 937 1724 φύονται
990 1639 1415 1707 παντοδαπαὶ
1458 1650 1539 1726 τῇ
1592 1642 1820 1724 γεύσει
1862 1640 1973 1708 καὶ
2026 1653 2301 1725 καρπῶν

370 1742 482 1810 καὶ
515 1751 784 1811 καυλῶν
823 1746 1196 1824 ἰδιάζουσαι
1223 1747 1483 1831 φύσεις,
1509 1747 1725 1812 πολλὰ
1762 1749 2300 1830 συμβαλλόμεναι

369 1861 510 1927 τοῖς
547 1850 823 1937 ἀπόροις
858 1862 993 1916 τῶν
1030 1850 1414 1937 ἀνθρώπων
1450 1849 1562 1916 καὶ
1597 1861 1738 1938 τοῖς
1774 1849 2092 1916 ἀσθενέσι
2132 1854 2300 1938 πρὸς
2329 1867 2383 1907 15

373 1956 788 2043 αὐτάρκειαν.
855 1956 937 2022 οὐ
981 1957 1110 2044 γὰρ
1156 1960 1370 2044 μόνον
1413 1958 1669 2045 τροφὰς
1711 1955 2111 2042 παρέχονται
2154 1980 2300 2024 ποι-

371 2067 559 2142 κίλας
596 2062 706 2133 καὶ
750 2073 912 2130 πᾶσι
955 2075 1097 2143 τοῖς
1135 2064 1477 2150 δεομένοις
1522 2063 1787 2151 ἑτοίμας
1818 2063 1930 2131 καὶ
1977 2066 2299 2149 δαψιλεῖς,

373 2170 540 2239 ἀλλὰ
583 2169 696 2237 καὶ
732 2183 868 2241 τῶν
914 2173 1136 2239 ἄλλων
1172 2183 1308 2239 τῶν
1345 2176 1441 2250 εἰς
1486 2174 1560 2239 τὸ
1610 2177 1727 2257 ζῆν
1762 2171 2140 2256 ἀναγκαίων
2178 2173 2303 2239 οὐκ

374 2276 566 2359 ὀλίγα
630 2276 917 2364 φέρουσι
981 2282 1402 2363 βοηθήματα·
1470 2282 1678 2357 λωτός
1739 2303 1811 2346 τε
1872 2280 2000 2366 γὰρ
2061 2279 2300 2364 φύεται

371 2383 602 2465 πολύς,
649 2382 716 2462 ἐξ
762 2379 844 2450 οὗ
880 2385 1482 2461 κατασκευάζουσιν
1520 2385 1765 2469 ἄρτους
1801 2386 1872 2449 οί
1910 2383 2051 2451 κατ’
2096 2392 2300 2469 Αἴγυ-
2327 2401 2381 2440 20

371 2508 538 2552 πτον
578 2487 995 2572 δυναμένους
1032 2487 1408 2574 ἐκπληροῦν
1439 2489 1564 2571 τὴν
1601 2490 1897 2573 φυσικὴν
1922 2499 2046 2556 τοῦ
2081 2493 2300 2575 σώμα-

371 2616 484 2670 τος
528 2593 816 2677 ἔνδειαν,
860 2596 938 2660 τό
982 2616 1053 2659 τε
1097 2594 1420 2680 κιβώριον
1471 2593 1953 2673 δαψιλέστατον
1997 2596 2300 2681 ὑπάρχον

373 2697 565 2786 φέρει
609 2700 729 2765 τὸν
781 2700 1199 2784 καλούμενον
1243 2702 1621 2784 Αἰγύπτιον
1669 2701 1945 2786 κύαμον.
2037 2703 2178 2766 ἔστι
2224 2698 2300 2767 δὲ

372 2804 484 2871 καὶ
531 2806 834 2894 δένδρων
878 2807 1037 2892 γένη
1075 2809 1375 2892 πλείονα,
1421 2806 1534 2875 καὶ
1568 2808 1826 2874 τούτων
1871 2808 1947 2874 αἰ
1976 2804 2101 2893 μὲν
2148 2808 2308 2875 ὀνο-ψΙ

372 2915 729 2998 μαζόμεναι
799 2925 1110 3000 περσαῖαι
1181 2915 1440 3000 καρπὸν
1513 2915 1847 3000 διάφορον
1919 2915 2146 2999 ἔχουσι
2217 2923 2296 3000 τῇ
2326 2931 2381 2972 25

372 3020 751 3104 γλυκύτητι,
789 3018 1300 3107 μετενεχθέντος
1336 3020 1406 3100 ἐξ
1444 3021 1811 3099 Αἰθιοπίας
1843 3018 1974 3085 ὑπὸ
2012 3025 2303 3105 Περσῶν

371 3137 496 3194 τοῦ
558 3136 778 3212 φυτοῦ
840 3122 996 3195 καθ’
1058 3127 1138 3194 ὃν
1200 3127 1438 3213 καιρὸν
1510 3127 1879 3211 Καμβύσης
1939 3126 2300 3213 ἐκράτησεν

302 3252 335 3301 8
375 3232 650 3301 ἐκείνων
694 3244 830 3300 τῶν
873 3237 1124 3301 τόπων·
1171 3245 1309 3300 τῶν
1354 3229 1429 3299 δὲ
1466 3235 1852 3318 συκαμίνων
1897 3233 1973 3299 αἰ
2012 3228 2135 3318 μὲν
2178 3235 2303 3303 τὸν

518 3396 583 3443 17
640 3391 738 3445 καὶ
784 3394 937 3463 (ante
974 3391 1134 3461 πᾶσι)
1180 3407 1290 3446 om.
1331 3389 1372 3446 Ο
1518 3397 1589 3447 24
1638 3388 1775 3461 γένη
1822 3392 2058 3446 πλείονα
2107 3408 2214 3446 om.
2255 3391 2296 3445 C

373 3456 473 3513 καὶ
507 3460 580 3528 τ.]
619 3460 717 3514 καὶ
754 3461 956 3530 φύσεις
989 3465 1217 3527 πλείους
1252 3463 1349 3518 καὶ
1380 3482 1427 3519 τ.
1468 3463 1576 3520 OF
1714 3469 1783 3520 25
1819 3463 2047 3534 περσίαι
2086 3460 2203 3521 OF.
