2569 4061
0 18 2515 116 —

17 118 24 122 '
2480 115 2485 122 Ι

2224 141 2230 148 .

833 363 868 368 ·-
905 337 942 391 -Ι-
977 342 1060 391 94.
1103 340 1186 390 95.
1495 295 1511 340 ³
1899 336 2025 401 159

0 524 103 573 106
123 504 240 578 τὰς
304 500 659 584 πολεμικὰς
712 498 980 586 πράξεις
1045 496 1566 581 ἐπιφανεστάτας
1627 500 2028 585 κατεργάσα·

106 614 273 672 σθαι
317 617 452 672 τῶν
506 601 647 672 κατ’
688 611 1067 688 Αἴγυπτον,
1125 604 1292 669 ἀλλὰ
1346 602 1457 668 καὶ
1510 604 1655 691 περὶ
1712 608 1786 671 τὸ
1843 607 2026 692 μάχι-

51 782 56 786 ,
106 737 236 798 μον
291 715 491 790 ἔθνος
543 715 959 797 νομοθεσίαν
1015 713 1512 794 συστήσασθαι,
1575 709 1685 776 καὶ
1738 714 1819 776 τὰ
1876 714 2027 779 ἀκό-

108 823 327 884 λουθα
364 821 443 884 τὰ
470 817 622 905 περὶ
656 819 782 901 τὴν
811 820 1161 904 στρατείαν
1189 817 1542 900 σύμπαντα
1573 817 2027 901 διακοσμῆσαι.

51 910 82 985 5’
105 923 422 1011 τέταρτον
455 923 528 991 δὲ
566 922 945 1010 νομοθέτην
982 921 1147 1008 φασὶ
1188 920 1510 1005 γενέσθαι
1545 925 1878 1007 Βόκχοριν
1913 924 2030 988 τὸν
2067 945 2098 993 5

105 1030 408 1115 βασιλέα,
483 1035 703 1114 σοφόν
765 1053 916 1095 τινα
979 1027 1090 1094 καὶ
1154 1031 1531 1115 πανουργίᾳ
1607 1026 2030 1113 διαφέροντα.

47 1155 50 1160 ·
107 1146 347 1203 τοῦτον
395 1132 520 1202 οὗν
568 1135 870 1214 διατάξαι
915 1137 997 1199 τὰ
1041 1133 1192 1221 περὶ
1232 1138 1390 1211 τοὺς
1434 1138 1728 1218 βασιλεῖς
1774 1134 2032 1199 ἅπαντα

105 1242 218 1308 καὶ
254 1245 335 1307 τὰ
371 1241 523 1328 περὶ
558 1253 693 1307 τῶν
731 1243 1165 1326 συμβολαίων
1204 1240 1663 1327 ἐξακριβῶσαι”
1711 1239 2033 1324 γενέσθαι

108 1343 170 1414 δ’
223 1351 431 1415 αὐτὸν
474 1348 586 1414 καὶ
630 1346 782 1435 περὶ
840 1350 959 1425 τὰς
1013 1350 1259 1431 κρίσεις
1316 1348 1488 1414 οὕτω
1535 1350 1818 1414 συνετὸν
1865 1349 2031 1413 ὥστε
2114 1393 2123 1414 x

27 1482 80 1520 10
106 1457 321 1520 πολλὰ
366 1465 500 1519 τῶν
553 1453 666 1519 ὑπ’
722 1454 931 1519 αὐτοῦ
979 1452 1538 1534 διαγνωσθέντων
1586 1457 1697 1520 διὰ
1750 1456 1874 1538 τὴν
1920 1476 2032 1521 πε-

107 1563 456 1646 ριττότητα
493 1560 1034 1643 μνημονεύεσθαι
1070 1557 1432 1644 μέχρικτῶν
1468 1556 1622 1625 καθ’
1666 1561 1836 1645 ἡμᾶς
1878 1564 2031 1646 χρό-

13 1649 18 1653 ’
109 1689 268 1731 νων.
362 1662 632 1746 λέγουσι
698 1662 759 1729 δ’
822 1665 1027 1729 αὐτὸν
1090 1663 1377 1749 ὑπάρξαι
1440 1674 1531 1753 τῷ
1596 1662 1718 1748 μὲν
1782 1668 2034 1749 σώματι

110 1776 448 1848 παντελῶς
502 1771 789 1855 ἀσθενῆ,
848 1781 938 1860 τῷ
996 1768 1070 1836 δὲ
1125 1774 1347 1860 τρόπῳ
1403 1772 1674 1836 πάντων
1720 1776 2036 1858 φιλοχρη-

108 1871 512 1963 ματώτατον.
605 1880 765 1963 μετὰ
835 1874 909 1943 δὲ
981 1887 1224 1943 τοῦτον
1288 1883 1692 1964 προσελθεῖν
1765 1877 2034 1959 λέγουσι
2053 1877 2144 1942 95

28 2009 81 2050 15
107 1995 248 2063 τοῖς
301 1988 532 2070 νόμοις
578 1984 864 2070 ’Ἄμασιν
907 1986 1028 2051 τὸν
1071 1984 1378 2069 βασιλέα,
1440 1984 1520 2051 ὃν
1569 1984 1909 2071 ἱστοροῦσι
1954 1985 2035 2049 τὰ

111 2090 261 2173 περὶ
307 2096 464 2170 τοὺς
507 2094 845 2179 νομάρχας
891 2091 1191 2171 διατάξαι
1232 2090 1344 2157 καὶ
1390 2094 1470 2156 τὰ
1514 2090 1665 2178 περὶ
1711 2093 1835 2175 τὴν
1873 2092 2036 2176 σύμ-

112 2215 332 2263 πασαν
386 2195 776 2284 οἰκονομίαν
828 2208 945 2282 τῆς
998 2200 1365 2280 Αἰγύπτου.
1458 2195 1905 2283 παραδέδοται
1961 2194 2035 2263 δὲ

114 2308 388 2384 συνετός
432 2329 500 2371 τε
545 2303 895 2388 γεγονέναι
940 2303 1097 2370 καθ’
1141 2304 1523 2390 ὑπερβολὴν
1567 2302 1678 2369 καὶ
1721 2306 1841 2369 τὸν
1885 2307 2034 2390 τρό-
2150 2388 2151 2391 ¹

114 2431 243 2476 πον
290 2411 575 2496 ἐπιεικὴς
619 2410 731 2477 καὶ
778 2414 1058 2489 δίκαιος·
1106 2407 1202 2477 ὧν
1239 2409 1432 2477 ἕνεκα
1476 2409 1587 2476 καὶ
1631 2412 2033 2493 τοὺςΑίγυ-

37 2539 90 2578 20
116 2519 347 2594 πτίους
409 2519 585 2608 αὐτῷ
650 2517 1172 2604 περιτεθεικέναι
1238 2518 1363 2600 τὴν
1428 2517 1638 2603 ἀρχὴν
1703 2518 1826 2584 οὐκ
1889 2519 2032 2582 ὄντι

117 2621 354 2704 γένους
387 2627 754 2707 βασιλικοῦ.
817 2623 985 2709 φασὶ
1023 2621 1098 2689 δὲ
1134 2621 1244 2688 καὶ
1279 2626 1438 2700 τοὺς
1469 2620 1790 2707 Ἠλείους,
1829 2641 2032 2690 σπου-
2070 2646 2105 2693 2

117 2729 431 2807 δάζοντας
484 2729 636 2817 περὶ
690 2732 809 2796 τὸν
866 2725 1262 2815 Ὀλυμπικὸν
1319 2730 1573 2814 ἀγῶνα,
1629 2733 2035 2818 πρεσβευτὰς

116 2834 497 2899 ἀποστεῖλαι
558 2837 723 2920 πρὸς
787 2835 994 2899 αὐτὸν
1058 2834 1511 2922 ἐρωτήσοντας
1581 2846 1720 2913 πῶς
1782 2835 1866 2901 ἂν
1929 2835 2034 2919 γε’-

114 2964 299 3006 νοιτο
340 2943 775 3019 δικαιότατος·
822 2944 941 3006 τὸν
981 2937 1041 3005 δ’
1088 2944 1318 3025 εἰπεῖν,
1356 2941 1473 3007 ἐὰν
1510 2940 1739 3027 μηδεὶς
1777 2942 2035 3017 Ἠλεῖος

35 3067 87 3107 25
115 3048 525 3133 ἀγωνίζηται.
617 3049 1094 3134 Πολυκράτους
1158 3044 1232 3112 δὲ
1306 3057 1426 3112 τοῦ
1488 3051 1767 3132 Σαμίων
1832 3047 2034 3111 δυνά·
2072 3064 2112 3113 3

116 3171 279 3220 στου
326 3154 844 3238 συντεθειμένου
889 3157 1054 3241 πρὸς
1101 3155 1307 3220 αὐτὸν
1350 3157 1603 3238 φιλίαν,
1648 3152 1758 3219 καὶ
1803 3154 2036 3235 βιαίως

258 3387 293 3434 4
331 3379 399 3437 τὰ
439 3400 547 3439 om.
590 3382 636 3435 D
783 3381 970 3437 πάντα
1011 3382 1159 3452 vulg.
1310 3387 1340 3434 5
1379 3380 1517 3449 φασὶ
1557 3377 1833 3448 γενέσθαι
1870 3391 2034 3461 νομο-

112 3449 293 3520 θέτην
330 3454 483 3525 vulg.
633 3461 663 3508 7
701 3452 891 3508 πάντα
929 3453 983 3507 II
1129 3459 1194 3507 13
1232 3448 1463 3505 πάντων
1501 3468 1610 3505 om.
1649 3450 1696 3501 D
1816 3450 1910 3532 '14
1947 3447 2034 3497 λε-

113 3541 276 3592 γετοιι
311 3524 462 3595 vulg.
612 3529 677 3580 15
715 3532 832 3588 τοῖς
867 3522 1087 3594 νόμοις]
1128 3529 1242 3584 τοῖς
1278 3524 1441 3582 θεοῖς
1477 3520 1576 3574 καὶ
1611 3523 1727 3578 τοῖς
1762 3532 1961 3584 νομοις
1987 3513 2041 3568 D

112 3591 211 3664 τὰ]
249 3591 318 3648 τά
355 3614 414 3651 τε
453 3596 605 3667 vulg.
752 3602 821 3651 22
854 3592 1231 3664 Ὀλυμπίακον
1271 3591 1330 3645 0.
