<?xml version="1.0" encoding="UTF-8"?>
<!DOCTYPE html PUBLIC "-//W3C//DTD XHTML 1.0 Transitional//EN"
    "http://www.w3.org/TR/xhtml1/DTD/xhtml1-transitional.dtd">
<html xmlns="http://www.w3.org/1999/xhtml" xml:lang="en" lang="en">
 <head>
  <title>
</title>
<meta http-equiv="Content-Type" content="text/html;charset=utf-8" />
  <meta name='ocr-system' content='tesseract 3.04.00' />
  <meta name='ocr-capabilities' content='ocr_page ocr_carea ocr_par ocr_line ocrx_word'/>
</head>
<body>
  <div class='ocr_page' id='page_1' title='image "./diodoribiblioth02dindgoog/diodoribiblioth02dindgoog_0601.png"; bbox 0 0 2569 4061; ppageno 0'>
   <div class='ocr_carea' id='block_1_1' title="bbox 1080 345 2164 412">
    <p class='ocr_par' dir='ltr' id='par_1_1' title="bbox 1080 345 2164 412">
     <span class='ocr_line' id='line_1_1' title="bbox 1080 345 2164 412; baseline 0.01 -13"><span class='ocrx_word' id='word_1_1' title='bbox 1080 345 1158 399; x_wconf 82' lang='lat' dir='ltr'><em>IV</em></span> <span class='ocrx_word' id='word_1_2' title='bbox 1199 352 1282 402; x_wconf 85' lang='lat'><em>65.</em></span> <span class='ocrx_word' id='word_1_3' title='bbox 2036 348 2164 412; x_wconf 82' lang='lat'><em>501</em></span> 
     </span>
    </p>
   </div>
   <div class='ocr_carea' id='block_1_2' title="bbox 14 505 2245 3250">
    <p class='ocr_par' dir='ltr' id='par_1_2' title="bbox 14 505 2173 1127">
     <span class='ocr_line' id='line_1_2' title="bbox 234 505 2169 595; baseline 0.001 -22"><span class='ocrx_word' id='word_1_4' title='bbox 234 505 575 591; x_wconf 78' lang='grc' dir='ltr'><strong><em>βαλέσθαι</em></strong></span> <span class='ocrx_word' id='word_1_5' title='bbox 628 511 894 573; x_wconf 85' lang='grc' dir='ltr'><em>πείθειν</em></span> <span class='ocrx_word' id='word_1_6' title='bbox 942 507 1362 593; x_wconf 90' lang='grc' dir='ltr'><em>Ἀμφιάραον</em></span> <span class='ocrx_word' id='word_1_7' title='bbox 1416 509 1535 573; x_wconf 90' lang='grc' dir='ltr'><em>τὸν</em></span> <span class='ocrx_word' id='word_1_8' title='bbox 1589 511 1827 593; x_wconf 90' lang='grc' dir='ltr'><em>μάντιν</em></span> <span class='ocrx_word' id='word_1_9' title='bbox 1886 526 2169 595; x_wconf 91' lang='grc' dir='ltr'><em>συστρα-</em></span> 
     </span>
     <span class='ocr_line' id='line_1_3' title="bbox 14 611 2171 700; baseline 0.001 -21"><span class='ocrx_word' id='word_1_10' title='bbox 14 633 22 668; x_wconf 51' lang='grc' dir='ltr'><em>ν</em></span> <span class='ocrx_word' id='word_1_11' title='bbox 235 616 464 680; x_wconf 90' lang='grc' dir='ltr'><em>τεύειν</em></span> <span class='ocrx_word' id='word_1_12' title='bbox 493 614 719 692; x_wconf 86' lang='grc' dir='ltr'><em>αὐτοῖς</em></span> <span class='ocrx_word' id='word_1_13' title='bbox 746 612 854 680; x_wconf 81' lang='grc' dir='ltr'><em>ἐπὶ</em></span> <span class='ocrx_word' id='word_1_14' title='bbox 880 616 997 691; x_wconf 81' lang='grc' dir='ltr'><em>τὰς</em></span> <span class='ocrx_word' id='word_1_15' title='bbox 1027 617 1280 698; x_wconf 84' lang='grc' dir='ltr'><em>Θήβας·</em></span> <span class='ocrx_word' id='word_1_16' title='bbox 1327 622 1449 679; x_wconf 89' lang='grc' dir='ltr'><em>τοῦ</em></span> <span class='ocrx_word' id='word_1_17' title='bbox 1488 611 1562 679; x_wconf 73' lang='grc' dir='ltr'><em>δὲ</em></span> <span class='ocrx_word' id='word_1_18' title='bbox 1589 618 2171 700; x_wconf 76' lang='grc' dir='ltr'><em>προγινώσκοντος</em></span> 
     </span>
     <span class='ocr_line' id='line_1_4' title="bbox 14 719 2170 806; baseline 0 -16"><span class='ocrx_word' id='word_1_19' title='bbox 14 741 47 790; x_wconf 68' lang='lat'><em>⁵.</em></span> <span class='ocrx_word' id='word_1_20' title='bbox 238 722 335 798; x_wconf 79' lang='grc' dir='ltr'><em>ὡς</em></span> <span class='ocrx_word' id='word_1_21' title='bbox 382 720 721 786; x_wconf 89' lang='grc' dir='ltr'><em>ἀπολεῖται</em></span> <span class='ocrx_word' id='word_1_22' title='bbox 779 722 1270 806; x_wconf 78' lang='grc' dir='ltr'><strong><em>συστρατεύσας</em></strong></span> <span class='ocrx_word' id='word_1_23' title='bbox 1327 720 1553 797; x_wconf 85' lang='grc' dir='ltr'><em>αὐτοῖς</em></span> <span class='ocrx_word' id='word_1_24' title='bbox 1564 769 1583 803; x_wconf 93' lang='grc'><em>,</em></span> <span class='ocrx_word' id='word_1_25' title='bbox 1639 719 1750 786; x_wconf 87' lang='grc' dir='ltr'><em>καὶ</em></span> <span class='ocrx_word' id='word_1_26' title='bbox 1807 723 1919 787; x_wconf 78' lang='grc' dir='ltr'><em>διὰ</em></span> <span class='ocrx_word' id='word_1_27' title='bbox 1972 733 2170 789; x_wconf 88' lang='grc' dir='ltr'><em>τοῦτο</em></span> 
     </span>
     <span class='ocr_line' id='line_1_5' title="bbox 240 825 2173 914; baseline 0.001 -21"><span class='ocrx_word' id='word_1_28' title='bbox 240 828 335 913; x_wconf 89' lang='grc' dir='ltr'><em>μὴ</em></span> <span class='ocrx_word' id='word_1_29' title='bbox 393 836 932 914; x_wconf 76' lang='grc' dir='ltr'><em>συγχωροῦντος,</em></span> <span class='ocrx_word' id='word_1_30' title='bbox 990 828 1417 910; x_wconf 81' lang='grc' dir='ltr'><em>Πολυνείκην</em></span> <span class='ocrx_word' id='word_1_31' title='bbox 1477 825 1644 911; x_wconf 86' lang='grc' dir='ltr'><em>φασὶ</em></span> <span class='ocrx_word' id='word_1_32' title='bbox 1698 829 1818 893; x_wconf 89' lang='grc' dir='ltr'><em>τὸν</em></span> <span class='ocrx_word' id='word_1_33' title='bbox 1872 839 2173 914; x_wconf 77' lang='grc' dir='ltr'><em>χρυσοῦν</em></span> 
     </span>
     <span class='ocr_line' id='line_1_6' title="bbox 179 931 2173 1021; baseline 0 -20"><span class='ocrx_word' id='word_1_34' title='bbox 179 953 207 992; x_wconf 88' lang='lat'>5</span> <span class='ocrx_word' id='word_1_35' title='bbox 242 935 477 1020; x_wconf 79' lang='grc' dir='ltr'><em>ὅρμον,</em></span> <span class='ocrx_word' id='word_1_36' title='bbox 536 935 616 1000; x_wconf 89' lang='grc' dir='ltr'><em>ὃν</em></span> <span class='ocrx_word' id='word_1_37' title='bbox 666 932 1072 1020; x_wconf 82' lang='grc' dir='ltr'><em>Ἀφροδίτην</em></span> <span class='ocrx_word' id='word_1_38' title='bbox 1126 939 1634 1017; x_wconf 78' lang='grc' dir='ltr'><em>μυθολογοῦσιν</em></span> <span class='ocrx_word' id='word_1_39' title='bbox 1681 931 2001 1021; x_wconf 78' lang='grc' dir='ltr'><em>Ἀρμονίᾳ</em></span> <span class='ocrx_word' id='word_1_40' title='bbox 2048 936 2173 1001; x_wconf 89' lang='grc' dir='ltr'><em>δω-</em></span> 
     </span>
     <span class='ocr_line' id='line_1_7' title="bbox 242 1039 2173 1127; baseline 0 -20"><span class='ocrx_word' id='word_1_41' title='bbox 242 1044 616 1127; x_wconf 85' lang='grc' dir='ltr'><em>ρήσασθαι,</em></span> <span class='ocrx_word' id='word_1_42' title='bbox 664 1042 902 1106; x_wconf 90' lang='grc' dir='ltr'><em>δοῦναι</em></span> <span class='ocrx_word' id='word_1_43' title='bbox 948 1048 1028 1125; x_wconf 77' lang='grc' dir='ltr'><em>τῇ</em></span> <span class='ocrx_word' id='word_1_44' title='bbox 1074 1039 1343 1123; x_wconf 86' lang='grc' dir='ltr'><em>γυναικὶ</em></span> <span class='ocrx_word' id='word_1_45' title='bbox 1387 1050 1468 1127; x_wconf 77' lang='grc' dir='ltr'><em>τῇ</em></span> <span class='ocrx_word' id='word_1_46' title='bbox 1509 1039 1948 1127; x_wconf 74' lang='grc' dir='ltr'><em>Ἀμφιαράου,</em></span> <span class='ocrx_word' id='word_1_47' title='bbox 1996 1041 2173 1118; x_wconf 83' lang='grc' dir='ltr'><em>ὅπως</em></span> 
     </span>
    </p>

    <p class='ocr_par' dir='ltr' id='par_1_3' title="bbox 235 1146 2244 1447">
     <span class='ocr_line' id='line_1_8' title="bbox 237 1146 2244 1233; baseline 0 -22"><span class='ocrx_word' id='word_1_48' title='bbox 237 1149 365 1213; x_wconf 91' lang='grc' dir='ltr'><em>τὸν</em></span> <span class='ocrx_word' id='word_1_49' title='bbox 411 1149 627 1230; x_wconf 76' lang='grc' dir='ltr'><em>ἄνδρα</em></span> <span class='ocrx_word' id='word_1_50' title='bbox 671 1149 867 1232; x_wconf 80' lang='grc' dir='ltr'><em>πείσῃ</em></span> <span class='ocrx_word' id='word_1_51' title='bbox 916 1155 1355 1231; x_wconf 79' lang='grc' dir='ltr'><em>συμμαχῆσαι.</em></span> <span class='ocrx_word' id='word_1_52' title='bbox 1440 1146 1607 1214; x_wconf 74' lang='grc' dir='ltr'><em>’καθ’</em></span> <span class='ocrx_word' id='word_1_53' title='bbox 1661 1148 1741 1214; x_wconf 88' lang='grc' dir='ltr'><em>ὃν</em></span> <span class='ocrx_word' id='word_1_54' title='bbox 1791 1149 1874 1232; x_wconf 83' lang='grc' dir='ltr'><em>δὴ</em></span> <span class='ocrx_word' id='word_1_55' title='bbox 1921 1150 2171 1233; x_wconf 90' lang='grc' dir='ltr'><em>χρόνον</em></span> <span class='ocrx_word' id='word_1_56' title='bbox 2211 1170 2244 1219; x_wconf 79' lang='grc'><strong>6</strong></span> 
     </span>
     <span class='ocr_line' id='line_1_9' title="bbox 235 1248 2174 1341; baseline 0.002 -24"><span class='ocrx_word' id='word_1_57' title='bbox 235 1248 657 1339; x_wconf 74' lang='grc' dir='ltr'><em>Ἀμφιαράου</em></span> <span class='ocrx_word' id='word_1_58' title='bbox 711 1253 876 1338; x_wconf 86' lang='grc' dir='ltr'><em>πρὸς</em></span> <span class='ocrx_word' id='word_1_59' title='bbox 922 1251 1301 1339; x_wconf 76' lang='grc' dir='ltr'><em>’Ἀδραστον</em></span> <span class='ocrx_word' id='word_1_60' title='bbox 1348 1256 1812 1334; x_wconf 81' lang='grc' dir='ltr'><em>στασιάζοντος</em></span> <span class='ocrx_word' id='word_1_61' title='bbox 1856 1253 2014 1341; x_wconf 88' lang='grc' dir='ltr'><em>περὶ</em></span> <span class='ocrx_word' id='word_1_62' title='bbox 2058 1263 2174 1339; x_wconf 78' lang='grc' dir='ltr'><em>τῆς</em></span> 
     </span>
     <span class='ocr_line' id='line_1_10' title="bbox 242 1358 2167 1447; baseline 0.001 -22"><span class='ocrx_word' id='word_1_63' title='bbox 242 1362 611 1445; x_wconf 81' lang='grc' dir='ltr'><em>βασιλείας,</em></span> <span class='ocrx_word' id='word_1_64' title='bbox 665 1358 1022 1443; x_wconf 85' lang='grc' dir='ltr'><em>ὁμολογίας</em></span> <span class='ocrx_word' id='word_1_65' title='bbox 1075 1358 1329 1425; x_wconf 78' lang='grc' dir='ltr'><em>θέσθαι</em></span> <span class='ocrx_word' id='word_1_66' title='bbox 1382 1363 1549 1447; x_wconf 89' lang='grc' dir='ltr'><em>πρὸς</em></span> <span class='ocrx_word' id='word_1_67' title='bbox 1596 1361 1953 1447; x_wconf 82' lang='grc' dir='ltr'><em>ἀλλήλους,</em></span> <span class='ocrx_word' id='word_1_68' title='bbox 2008 1359 2167 1429; x_wconf 83' lang='grc' dir='ltr'><em>καθ’</em></span> 
     </span>
    </p>

    <p class='ocr_par' dir='ltr' id='par_1_4' title="bbox 159 1463 2177 1976">
     <span class='ocr_line' id='line_1_11' title="bbox 159 1463 2175 1554; baseline 0.005 -31"><span class='ocrx_word' id='word_1_69' title='bbox 159 1487 214 1524; x_wconf 90' lang='lat'><em>10</em></span> <span class='ocrx_word' id='word_1_70' title='bbox 246 1464 326 1542; x_wconf 79' lang='grc' dir='ltr'><em>ἃς</em></span> <span class='ocrx_word' id='word_1_71' title='bbox 391 1463 750 1549; x_wconf 82' lang='grc' dir='ltr'><em>ἐπέτρεπον</em></span> <span class='ocrx_word' id='word_1_72' title='bbox 810 1476 1037 1551; x_wconf 86' lang='grc' dir='ltr'><em>κρῖναι</em></span> <span class='ocrx_word' id='word_1_73' title='bbox 1100 1464 1252 1552; x_wconf 88' lang='grc' dir='ltr'><em>περὶ</em></span> <span class='ocrx_word' id='word_1_74' title='bbox 1315 1477 1452 1531; x_wconf 81' lang='grc' dir='ltr'><em>τῶν</em></span> <span class='ocrx_word' id='word_1_75' title='bbox 1524 1467 2175 1554; x_wconf 78' lang='grc' dir='ltr'><em>ἀμφισβητουμένων</em></span> 
     </span>
     <span class='ocr_line' id='line_1_12' title="bbox 236 1566 2174 1659; baseline 0.003 -24"><span class='ocrx_word' id='word_1_76' title='bbox 236 1568 642 1656; x_wconf 60' lang='grc' dir='ltr'><em>Ἐριφύλην,</em></span> <span class='ocrx_word' id='word_1_77' title='bbox 688 1582 972 1653; x_wconf 82' lang='grc' dir='ltr'><em>γυναῖκα</em></span> <span class='ocrx_word' id='word_1_78' title='bbox 1032 1568 1155 1655; x_wconf 74' lang='grc' dir='ltr'><em>μὲν</em></span> <span class='ocrx_word' id='word_1_79' title='bbox 1216 1566 1430 1637; x_wconf 81' lang='grc' dir='ltr'><em>οὖσαν</em></span> <span class='ocrx_word' id='word_1_80' title='bbox 1480 1567 1922 1659; x_wconf 88' lang='grc' dir='ltr'><em>Ἀμφιαράου,</em></span> <span class='ocrx_word' id='word_1_81' title='bbox 1984 1574 2174 1640; x_wconf 87' lang='grc' dir='ltr'><em>ἀδελ-</em></span> 
     </span>
     <span class='ocr_line' id='line_1_13' title="bbox 245 1674 2176 1766; baseline 0.001 -23"><span class='ocrx_word' id='word_1_82' title='bbox 245 1678 387 1761; x_wconf 79' lang='grc' dir='ltr'><em>φὴν</em></span> <span class='ocrx_word' id='word_1_83' title='bbox 449 1675 508 1741; x_wconf 88' lang='grc' dir='ltr'><em>δ’</em></span> <span class='ocrx_word' id='word_1_84' title='bbox 558 1674 940 1762; x_wconf 82' lang='grc' dir='ltr'><em>Ἀδράστου.</em></span> <span class='ocrx_word' id='word_1_85' title='bbox 1033 1687 1149 1762; x_wconf 77' lang='grc' dir='ltr'><em>τῆς</em></span> <span class='ocrx_word' id='word_1_86' title='bbox 1211 1675 1286 1743; x_wconf 73' lang='grc' dir='ltr'><em>δὲ</em></span> <span class='ocrx_word' id='word_1_87' title='bbox 1346 1680 1421 1743; x_wconf 90' lang='grc' dir='ltr'><em>τὸ</em></span> <span class='ocrx_word' id='word_1_88' title='bbox 1482 1682 1727 1764; x_wconf 88' lang='grc' dir='ltr'><em>νίκημα</em></span> <span class='ocrx_word' id='word_1_89' title='bbox 1787 1684 2176 1766; x_wconf 90' lang='grc' dir='ltr'><em>περιθείσης</em></span> 
     </span>
     <span class='ocr_line' id='line_1_14' title="bbox 236 1779 2177 1872; baseline 0.002 -25"><span class='ocrx_word' id='word_1_90' title='bbox 236 1779 577 1872; x_wconf 76' lang='grc' dir='ltr'><em>Ἀδράστῳ</em></span> <span class='ocrx_word' id='word_1_91' title='bbox 634 1780 747 1848; x_wconf 88' lang='grc' dir='ltr'><em>καὶ</em></span> <span class='ocrx_word' id='word_1_92' title='bbox 802 1781 954 1868; x_wconf 85' lang='grc' dir='ltr'><em>περὶ</em></span> <span class='ocrx_word' id='word_1_93' title='bbox 1008 1792 1125 1867; x_wconf 81' lang='grc' dir='ltr'><em>τῆς</em></span> <span class='ocrx_word' id='word_1_94' title='bbox 1178 1781 1288 1848; x_wconf 82' lang='grc' dir='ltr'><em>ἐπὶ</em></span> <span class='ocrx_word' id='word_1_95' title='bbox 1345 1787 1568 1868; x_wconf 81' lang='grc' dir='ltr'><em>Θήβας</em></span> <span class='ocrx_word' id='word_1_96' title='bbox 1625 1787 1970 1869; x_wconf 86' lang='grc' dir='ltr'><em>στρατείας</em></span> <span class='ocrx_word' id='word_1_97' title='bbox 2015 1784 2177 1850; x_wconf 88' lang='grc' dir='ltr'><em>ἀπο-</em></span> 
     </span>
     <span class='ocr_line' id='line_1_15' title="bbox 245 1886 2176 1976; baseline 0.002 -23"><span class='ocrx_word' id='word_1_98' title='bbox 245 1888 635 1974; x_wconf 88' lang='grc' dir='ltr'><em>φηναμένης</em></span> <span class='ocrx_word' id='word_1_99' title='bbox 674 1890 818 1954; x_wconf 92' lang='grc' dir='ltr'><em>δεῖν</em></span> <span class='ocrx_word' id='word_1_100' title='bbox 857 1890 1262 1974; x_wconf 84' lang='grc' dir='ltr'><em>στρατεύειν,</em></span> <span class='ocrx_word' id='word_1_101' title='bbox 1311 1889 1347 1954; x_wconf 89' lang='grc' dir='ltr'>ὁ</span> <span class='ocrx_word' id='word_1_102' title='bbox 1385 1886 1507 1973; x_wconf 71' lang='grc' dir='ltr'><em>μὲν</em></span> <span class='ocrx_word' id='word_1_103' title='bbox 1538 1886 1943 1976; x_wconf 87' lang='grc' dir='ltr'><em>Ἀμφιάραος</em></span> <span class='ocrx_word' id='word_1_104' title='bbox 1980 1891 2176 1971; x_wconf 79' lang='grc' dir='ltr'><em>δόξας</em></span> 
     </span>
    </p>

    <p class='ocr_par' dir='ltr' id='par_1_5' title="bbox 168 1994 2245 2508">
     <span class='ocr_line' id='line_1_16' title="bbox 168 1994 2177 2083; baseline 0.001 -22"><span class='ocrx_word' id='word_1_105' title='bbox 168 2012 219 2054; x_wconf 82' lang='grc'><em>15</em></span> <span class='ocrx_word' id='word_1_106' title='bbox 246 1996 377 2062; x_wconf 87' lang='grc' dir='ltr'><em>ὑπὸ</em></span> <span class='ocrx_word' id='word_1_107' title='bbox 431 2004 548 2080; x_wconf 78' lang='grc' dir='ltr'><em>τῆς</em></span> <span class='ocrx_word' id='word_1_108' title='bbox 601 1998 919 2080; x_wconf 88' lang='grc' dir='ltr'><em>γυναικὸς</em></span> <span class='ocrx_word' id='word_1_109' title='bbox 973 1996 1435 2082; x_wconf 87' lang='grc' dir='ltr'><em>προδεδόσθαι</em></span> <span class='ocrx_word' id='word_1_110' title='bbox 1492 1999 2009 2083; x_wconf 87' lang='grc' dir='ltr'><em>συστρατεύσειν</em></span> <span class='ocrx_word' id='word_1_111' title='bbox 2054 1994 2177 2083; x_wconf 71' lang='grc' dir='ltr'><em>μὲν</em></span> 
     </span>
     <span class='ocr_line' id='line_1_17' title="bbox 251 2097 2173 2192; baseline 0.002 -27"><span class='ocrx_word' id='word_1_112' title='bbox 251 2102 701 2186; x_wconf 80' lang='grc' dir='ltr'><em>ὡμολόγησεν,</em></span> <span class='ocrx_word' id='word_1_113' title='bbox 750 2102 1021 2179; x_wconf 78' lang='grc' dir='ltr'><em>ἐντολὰς</em></span> <span class='ocrx_word' id='word_1_114' title='bbox 1060 2100 1134 2167; x_wconf 75' lang='grc' dir='ltr'><em>δὲ</em></span> <span class='ocrx_word' id='word_1_115' title='bbox 1180 2105 1429 2169; x_wconf 81' lang='grc' dir='ltr'><em>ἔδωκεν</em></span> <span class='ocrx_word' id='word_1_116' title='bbox 1468 2097 1864 2188; x_wconf 80' lang='grc' dir='ltr'><em>Ἀλκμαίωνι</em></span> <span class='ocrx_word' id='word_1_117' title='bbox 1907 2113 1999 2191; x_wconf 73' lang='grc' dir='ltr'><em>τῷ</em></span> <span class='ocrx_word' id='word_1_118' title='bbox 2046 2105 2173 2192; x_wconf 72' lang='grc' dir='ltr'><em>υἱῷ</em></span> 
     </span>
     <span class='ocr_line' id='line_1_18' title="bbox 252 2207 2177 2296; baseline 0.003 -24"><span class='ocrx_word' id='word_1_119' title='bbox 252 2208 413 2290; x_wconf 76' lang='grc' dir='ltr'><em>μετὰ</em></span> <span class='ocrx_word' id='word_1_120' title='bbox 466 2209 588 2291; x_wconf 79' lang='grc' dir='ltr'><em>τὴν</em></span> <span class='ocrx_word' id='word_1_121' title='bbox 645 2207 887 2274; x_wconf 83' lang='grc' dir='ltr'><em>ἑαυτοῦ</em></span> <span class='ocrx_word' id='word_1_122' title='bbox 940 2210 1256 2292; x_wconf 86' lang='grc' dir='ltr'><em>τελευτὴν</em></span> <span class='ocrx_word' id='word_1_123' title='bbox 1313 2208 1575 2275; x_wconf 76' lang='grc' dir='ltr'><em>ἀνελεῖν</em></span> <span class='ocrx_word' id='word_1_124' title='bbox 1629 2211 1752 2293; x_wconf 79' lang='grc' dir='ltr'><em>τὴν</em></span> <span class='ocrx_word' id='word_1_125' title='bbox 1792 2208 2177 2296; x_wconf 86' lang='grc' dir='ltr'><em>Ἐριφύλην.</em></span> 
     </span>
     <span class='ocr_line' id='line_1_19' title="bbox 254 2302 2245 2403; baseline 0.003 -26"><span class='ocrx_word' id='word_1_126' title='bbox 254 2307 450 2390; x_wconf 84' lang='grc' dir='ltr'><em>οὗτος</em></span> <span class='ocrx_word' id='word_1_127' title='bbox 485 2311 608 2397; x_wconf 76' lang='grc' dir='ltr'><em>μὲν</em></span> <span class='ocrx_word' id='word_1_128' title='bbox 645 2311 769 2382; x_wconf 84' lang='grc' dir='ltr'><em>οὗν</em></span> <span class='ocrx_word' id='word_1_129' title='bbox 807 2315 1091 2402; x_wconf 76' lang='grc' dir='ltr'><em>ὕστερον</em></span> <span class='ocrx_word' id='word_1_130' title='bbox 1128 2317 1294 2381; x_wconf 81' lang='grc' dir='ltr'><em>κατὰ</em></span> <span class='ocrx_word' id='word_1_131' title='bbox 1329 2317 1445 2393; x_wconf 82' lang='grc' dir='ltr'><em>τὰς</em></span> <span class='ocrx_word' id='word_1_132' title='bbox 1480 2325 1602 2382; x_wconf 91' lang='grc' dir='ltr'><em>τοῦ</em></span> <span class='ocrx_word' id='word_1_133' title='bbox 1628 2302 1876 2403; x_wconf 84' lang='grc' dir='ltr'><em>πατρὸς</em></span> <span class='ocrx_word' id='word_1_134' title='bbox 1904 2317 2176 2395; x_wconf 82' lang='grc' dir='ltr'><em>ἐντολὰς</em></span> <span class='ocrx_word' id='word_1_135' title='bbox 2215 2340 2245 2389; x_wconf 81' lang='grc'><em>’1</em></span> 
     </span>
     <span class='ocr_line' id='line_1_20' title="bbox 255 2417 2177 2508; baseline 0.003 -26"><span class='ocrx_word' id='word_1_136' title='bbox 255 2417 471 2484; x_wconf 89' lang='grc' dir='ltr'><em>ἀνεῖλε</em></span> <span class='ocrx_word' id='word_1_137' title='bbox 540 2421 663 2503; x_wconf 84' lang='grc' dir='ltr'><em>τὴν</em></span> <span class='ocrx_word' id='word_1_138' title='bbox 725 2420 1002 2508; x_wconf 81' lang='grc' dir='ltr'><em>μητέρα,</em></span> <span class='ocrx_word' id='word_1_139' title='bbox 1063 2421 1175 2487; x_wconf 86' lang='grc' dir='ltr'><em>καὶ</em></span> <span class='ocrx_word' id='word_1_140' title='bbox 1240 2423 1352 2488; x_wconf 88' lang='grc' dir='ltr'><em>διά</em></span> <span class='ocrx_word' id='word_1_141' title='bbox 1414 2424 1538 2506; x_wconf 84' lang='grc' dir='ltr'><em>τὴν</em></span> <span class='ocrx_word' id='word_1_142' title='bbox 1568 2426 1574 2431; x_wconf 79' lang='grc'><strong>’</strong></span> <span class='ocrx_word' id='word_1_143' title='bbox 1604 2425 1992 2506; x_wconf 86' lang='grc' dir='ltr'><em>συνείδησιν</em></span> <span class='ocrx_word' id='word_1_144' title='bbox 2055 2433 2177 2489; x_wconf 90' lang='grc' dir='ltr'><em>τοῦ</em></span> 
     </span>
    </p>

    <p class='ocr_par' dir='ltr' id='par_1_6' title="bbox 177 2525 2177 2616">
     <span class='ocr_line' id='line_1_21' title="bbox 177 2525 2177 2616; baseline 0.006 -31"><span class='ocrx_word' id='word_1_145' title='bbox 177 2543 228 2583; x_wconf 83' lang='lat'><em>20</em></span> <span class='ocrx_word' id='word_1_146' title='bbox 254 2525 507 2609; x_wconf 87' lang='grc' dir='ltr'><em>μύσους</em></span> <span class='ocrx_word' id='word_1_147' title='bbox 553 2528 646 2603; x_wconf 87' lang='grc' dir='ltr'><em>εἰς</em></span> <span class='ocrx_word' id='word_1_148' title='bbox 691 2531 936 2612; x_wconf 92' lang='grc' dir='ltr'><em>μανίαν</em></span> <span class='ocrx_word' id='word_1_149' title='bbox 973 2527 1309 2614; x_wconf 89' lang='grc' dir='ltr'><em>περιέστη·</em></span> <span class='ocrx_word' id='word_1_150' title='bbox 1358 2529 1429 2594; x_wconf 80' lang='grc' dir='ltr'><em>οἱ</em></span> <span class='ocrx_word' id='word_1_151' title='bbox 1471 2526 1544 2594; x_wconf 72' lang='grc' dir='ltr'><em>δὲ</em></span> <span class='ocrx_word' id='word_1_152' title='bbox 1589 2528 1742 2616; x_wconf 87' lang='grc' dir='ltr'><em>περὶ</em></span> <span class='ocrx_word' id='word_1_153' title='bbox 1788 2532 1906 2596; x_wconf 87' lang='grc' dir='ltr'><em>τὸν</em></span> <span class='ocrx_word' id='word_1_154' title='bbox 1935 2529 2177 2616; x_wconf 75' lang='grc' dir='ltr'><em>’Ἀδρα-</em></span> 
     </span>
    </p>

    <p class='ocr_par' dir='ltr' id='par_1_7' title="bbox 136 2622 2179 3040">
     <span class='ocr_line' id='line_1_22' title="bbox 136 2622 2177 2722; baseline 0.003 -26"><span class='ocrx_word' id='word_1_155' title='bbox 136 2622 140 2626; x_wconf 49' lang='grc'><strong>’</strong></span> <span class='ocrx_word' id='word_1_156' title='bbox 257 2648 416 2697; x_wconf 89' lang='grc' dir='ltr'><em>στον</em></span> <span class='ocrx_word' id='word_1_157' title='bbox 489 2631 600 2697; x_wconf 87' lang='grc' dir='ltr'><em>καὶ</em></span> <span class='ocrx_word' id='word_1_158' title='bbox 666 2637 1090 2719; x_wconf 90' lang='grc' dir='ltr'><em>Πολυνείκην</em></span> <span class='ocrx_word' id='word_1_159' title='bbox 1162 2634 1273 2701; x_wconf 85' lang='grc' dir='ltr'><em>καὶ</em></span> <span class='ocrx_word' id='word_1_160' title='bbox 1348 2634 1565 2701; x_wconf 91' lang='grc' dir='ltr'><em>Τυδέα</em></span> <span class='ocrx_word' id='word_1_161' title='bbox 1640 2640 2177 2722; x_wconf 88' lang='grc' dir='ltr'><em>προσλαβόμενοι</em></span> 
     </span>
     <span class='ocr_line' id='line_1_23' title="bbox 253 2737 2179 2828; baseline 0.003 -25"><span class='ocrx_word' id='word_1_162' title='bbox 253 2737 563 2825; x_wconf 87' lang='grc' dir='ltr'><em>τέτταρας</em></span> <span class='ocrx_word' id='word_1_163' title='bbox 606 2739 957 2825; x_wconf 84' lang='grc' dir='ltr'><em>ἡγεμόνας,</em></span> <span class='ocrx_word' id='word_1_164' title='bbox 995 2739 1411 2828; x_wconf 88' lang='grc' dir='ltr'><em>Ἀμφιάραόν</em></span> <span class='ocrx_word' id='word_1_165' title='bbox 1456 2765 1526 2807; x_wconf 89' lang='grc' dir='ltr'><em>τε</em></span> <span class='ocrx_word' id='word_1_166' title='bbox 1562 2741 1674 2808; x_wconf 84' lang='grc' dir='ltr'><em>καὶ</em></span> <span class='ocrx_word' id='word_1_167' title='bbox 1712 2742 2032 2810; x_wconf 89' lang='grc' dir='ltr'><em>Καπανέα</em></span> <span class='ocrx_word' id='word_1_168' title='bbox 2067 2742 2179 2809; x_wconf 88' lang='grc' dir='ltr'><em>καὶ</em></span> 
     </span>
     <span class='ocr_line' id='line_1_24' title="bbox 246 2842 2179 2933; baseline 0.003 -23"><span class='ocrx_word' id='word_1_169' title='bbox 246 2842 740 2930; x_wconf 85' lang='grc' dir='ltr'><em>Ἱππομέδοντα,</em></span> <span class='ocrx_word' id='word_1_170' title='bbox 786 2850 884 2913; x_wconf 80' lang='grc' dir='ltr'><em>ἔτι</em></span> <span class='ocrx_word' id='word_1_171' title='bbox 932 2844 1006 2913; x_wconf 71' lang='grc' dir='ltr'><em>δὲ</em></span> <span class='ocrx_word' id='word_1_172' title='bbox 1055 2852 1582 2933; x_wconf 87' lang='grc' dir='ltr'><em>Παρθενοπαῖον</em></span> <span class='ocrx_word' id='word_1_173' title='bbox 1627 2851 1746 2915; x_wconf 90' lang='grc' dir='ltr'><em>τὸν</em></span> <span class='ocrx_word' id='word_1_174' title='bbox 1784 2846 2179 2933; x_wconf 88' lang='grc' dir='ltr'><em>Ἀταλάντης</em></span> 
     </span>
     <span class='ocr_line' id='line_1_25' title="bbox 255 2951 2178 3040; baseline 0.002 -23"><span class='ocrx_word' id='word_1_175' title='bbox 255 2960 366 3035; x_wconf 86' lang='grc' dir='ltr'><em>τῆς</em></span> <span class='ocrx_word' id='word_1_176' title='bbox 411 2951 773 3036; x_wconf 85' lang='grc' dir='ltr'><em>Σχοινέως,</em></span> <span class='ocrx_word' id='word_1_177' title='bbox 813 2953 1258 3040; x_wconf 81' lang='grc' dir='ltr'><em>ἐστράτευσαν</em></span> <span class='ocrx_word' id='word_1_178' title='bbox 1306 2953 1413 3020; x_wconf 83' lang='grc' dir='ltr'><em>ἐπὶ</em></span> <span class='ocrx_word' id='word_1_179' title='bbox 1456 2956 1573 3032; x_wconf 87' lang='grc' dir='ltr'><em>τάς</em></span> <span class='ocrx_word' id='word_1_180' title='bbox 1621 2958 1864 3038; x_wconf 81' lang='grc' dir='ltr'><em>Θήβας,</em></span> <span class='ocrx_word' id='word_1_181' title='bbox 1918 2958 2178 3038; x_wconf 84' lang='grc' dir='ltr'><em>ἔχοντες</em></span> 
     </span>
    </p>

    <p class='ocr_par' dir='ltr' id='par_1_8' title="bbox 181 3056 2245 3250">
     <span class='ocr_line' id='line_1_26' title="bbox 181 3056 2245 3145; baseline 0.001 -22"><span class='ocrx_word' id='word_1_182' title='bbox 181 3074 230 3115; x_wconf 78' lang='lat'><em>25</em></span> <span class='ocrx_word' id='word_1_183' title='bbox 257 3059 541 3144; x_wconf 89' lang='grc' dir='ltr'><em>δύναμιν</em></span> <span class='ocrx_word' id='word_1_184' title='bbox 596 3058 964 3142; x_wconf 79' lang='grc' dir='ltr'><em>ἀξιόλογον.</em></span> <span class='ocrx_word' id='word_1_185' title='bbox 1059 3061 1219 3145; x_wconf 81' lang='grc' dir='ltr'><em>μετὰ</em></span> <span class='ocrx_word' id='word_1_186' title='bbox 1277 3057 1351 3126; x_wconf 72' lang='grc' dir='ltr'><em>δὲ</em></span> <span class='ocrx_word' id='word_1_187' title='bbox 1404 3070 1610 3126; x_wconf 90' lang='grc' dir='ltr'><em>ταῦτα</em></span> <span class='ocrx_word' id='word_1_188' title='bbox 1660 3056 1997 3143; x_wconf 78' lang='grc' dir='ltr'><em>Ἐτεοκλῆς</em></span> <span class='ocrx_word' id='word_1_189' title='bbox 2052 3056 2174 3144; x_wconf 71' lang='grc' dir='ltr'><em>μὲν</em></span> <span class='ocrx_word' id='word_1_190' title='bbox 2212 3083 2245 3132; x_wconf 83' lang='grc'>8</span> 
     </span>
     <span class='ocr_line' id='line_1_27' title="bbox 255 3162 2176 3250; baseline 0 -20"><span class='ocrx_word' id='word_1_191' title='bbox 255 3163 361 3230; x_wconf 85' lang='grc' dir='ltr'><em>καὶ</em></span> <span class='ocrx_word' id='word_1_192' title='bbox 425 3168 843 3250; x_wconf 82' lang='grc' dir='ltr'><em>Πολυνείκης</em></span> <span class='ocrx_word' id='word_1_193' title='bbox 916 3165 1246 3249; x_wconf 87' lang='grc' dir='ltr'><em>ἀλλήλους</em></span> <span class='ocrx_word' id='word_1_194' title='bbox 1314 3166 1614 3250; x_wconf 90' lang='grc' dir='ltr'><em>ἀνεῖλον,</em></span> <span class='ocrx_word' id='word_1_195' title='bbox 1680 3168 2036 3243; x_wconf 87' lang='grc' dir='ltr'><em>Καπανεὺς</em></span> <span class='ocrx_word' id='word_1_196' title='bbox 2102 3162 2176 3230; x_wconf 72' lang='grc' dir='ltr'><em>δὲ</em></span> 
     </span>
    </p>
   </div>
   <div class='ocr_carea' id='block_1_3' title="bbox 252 3388 2176 3678">
    <p class='ocr_par' dir='ltr' id='par_1_9' title="bbox 252 3388 2176 3678">
     <span class='ocr_line' id='line_1_28' title="bbox 428 3388 2175 3464; baseline 0 -17"><span class='ocrx_word' id='word_1_197' title='bbox 428 3399 461 3447; x_wconf 86' lang='grc'><strong>3</strong></span> <span class='ocrx_word' id='word_1_198' title='bbox 518 3389 617 3464; x_wconf 77' lang='grc' dir='ltr'><em>ὥς]</em></span> <span class='ocrx_word' id='word_1_199' title='bbox 666 3389 764 3448; x_wconf 86' lang='grc' dir='ltr'><em>διά</em></span> <span class='ocrx_word' id='word_1_200' title='bbox 821 3395 921 3464; x_wconf 85' lang='grc' dir='ltr'><em>τῆς</em></span> <span class='ocrx_word' id='word_1_201' title='bbox 975 3395 1246 3464; x_wconf 78' lang='grc' dir='ltr'><em>μαντικῆς</em></span> <span class='ocrx_word' id='word_1_202' title='bbox 1302 3391 1376 3457; x_wconf 77' lang='grc' dir='ltr'><em>ὡς</em></span> <span class='ocrx_word' id='word_1_203' title='bbox 1430 3395 1581 3464; x_wconf 80' lang='lat' dir='ltr'><strong>vulg.</strong></span> <span class='ocrx_word' id='word_1_204' title='bbox 1731 3388 1829 3448; x_wconf 86' lang='grc' dir='ltr'><em>διά</em></span> <span class='ocrx_word' id='word_1_205' title='bbox 1876 3390 2078 3448; x_wconf 83' lang='grc' dir='ltr'><em>τούτου</em></span> <span class='ocrx_word' id='word_1_206' title='bbox 2125 3394 2175 3447; x_wconf 94' lang='lat' dir='ltr'><strong>D</strong></span> 
     </span>
     <span class='ocr_line' id='line_1_29' title="bbox 257 3459 2176 3537; baseline 0.001 -19"><span class='ocrx_word' id='word_1_207' title='bbox 257 3469 286 3518; x_wconf 83' lang='lat'>5</span> <span class='ocrx_word' id='word_1_208' title='bbox 329 3459 684 3536; x_wconf 74' lang='grc' dir='ltr'><em>Ἀφροδίτην]</em></span> <span class='ocrx_word' id='word_1_209' title='bbox 716 3460 961 3534; x_wconf 81' lang='grc' dir='ltr'><em>Ἀθηνᾶν</em></span> <span class='ocrx_word' id='word_1_210' title='bbox 998 3465 1052 3520; x_wconf 93' lang='lat' dir='ltr'><em>II</em></span> <span class='ocrx_word' id='word_1_211' title='bbox 1170 3473 1201 3520; x_wconf 88' lang='lat'>6</span> <span class='ocrx_word' id='word_1_212' title='bbox 1247 3466 1339 3537; x_wconf 85' lang='grc' dir='ltr'><em>τῇ]</em></span> <span class='ocrx_word' id='word_1_213' title='bbox 1379 3466 1479 3520; x_wconf 76' lang='grc' dir='ltr'><em>τοῦ</em></span> <span class='ocrx_word' id='word_1_214' title='bbox 1520 3464 1591 3535; x_wconf 85' lang='grc' dir='ltr'><em>Ο,</em></span> <span class='ocrx_word' id='word_1_215' title='bbox 1637 3482 1744 3522; x_wconf 89' lang='lat' dir='ltr'><em>om.</em></span> <span class='ocrx_word' id='word_1_216' title='bbox 1782 3465 1826 3519; x_wconf 82' lang='lat' dir='ltr'><strong>F</strong></span> <span class='ocrx_word' id='word_1_217' title='bbox 1946 3471 1976 3519; x_wconf 90' lang='grc'><strong>9</strong></span> <span class='ocrx_word' id='word_1_218' title='bbox 2018 3467 2176 3536; x_wconf 78' lang='grc' dir='ltr'><em>βασι-</em></span> 
     </span>
     <span class='ocr_line' id='line_1_30' title="bbox 257 3532 2175 3623; baseline 0.001 -35"><span class='ocrx_word' id='word_1_219' title='bbox 257 3535 430 3623; x_wconf 72' lang='grc' dir='ltr'><em>λείας]</em></span> <span class='ocrx_word' id='word_1_220' title='bbox 470 3537 766 3603; x_wconf 81' lang='grc' dir='ltr'><em>στρατείας</em></span> <span class='ocrx_word' id='word_1_221' title='bbox 802 3534 981 3593; x_wconf 73' lang='lat' dir='ltr'>Cobet</span> <span class='ocrx_word' id='word_1_222' title='bbox 1093 3541 1158 3591; x_wconf 83' lang='lat'><em>15</em></span> <span class='ocrx_word' id='word_1_223' title='bbox 1197 3536 1606 3605; x_wconf 78' lang='grc' dir='ltr'><em>συστρατεῦσαι</em></span> <span class='ocrx_word' id='word_1_224' title='bbox 1644 3536 1865 3592; x_wconf 75' lang='lat' dir='ltr'>codices</span> <span class='ocrx_word' id='word_1_225' title='bbox 1969 3542 2031 3590; x_wconf 81' lang='lat'><em>17</em></span> <span class='ocrx_word' id='word_1_226' title='bbox 2072 3532 2175 3606; x_wconf 88' lang='grc' dir='ltr'><em>τὴν</em></span> 
     </span>
     <span class='ocr_line' id='line_1_31' title="bbox 252 3599 1896 3678; baseline 0.003 -20"><span class='ocrx_word' id='word_1_227' title='bbox 252 3599 354 3673; x_wconf 87' lang='grc' dir='ltr'><em>Ἐρ.</em></span> <span class='ocrx_word' id='word_1_228' title='bbox 394 3609 621 3661; x_wconf 84' lang='grc' dir='ltr'><em>ανελεῖν</em></span> <span class='ocrx_word' id='word_1_229' title='bbox 657 3608 810 3678; x_wconf 82' lang='lat' dir='ltr'><strong>vulg.</strong></span> <span class='ocrx_word' id='word_1_230' title='bbox 958 3613 1026 3662; x_wconf 82' lang='lat'><em>22</em></span> <span class='ocrx_word' id='word_1_231' title='bbox 1065 3627 1125 3663; x_wconf 86' lang='grc' dir='ltr'><em>τε</em></span> <span class='ocrx_word' id='word_1_232' title='bbox 1164 3606 1264 3662; x_wconf 81' lang='grc' dir='ltr'><em>καὶ</em></span> <span class='ocrx_word' id='word_1_233' title='bbox 1300 3606 1368 3676; x_wconf 88' lang='lat' dir='ltr'><em>D,</em></span> <span class='ocrx_word' id='word_1_234' title='bbox 1405 3606 1504 3662; x_wconf 81' lang='grc' dir='ltr'><em>καὶ</em></span> <span class='ocrx_word' id='word_1_235' title='bbox 1542 3607 1601 3678; x_wconf 82' lang='lat' dir='ltr'><em>O,</em></span> <span class='ocrx_word' id='word_1_236' title='bbox 1641 3624 1748 3663; x_wconf 90' lang='lat' dir='ltr'><em>om.</em></span> <span class='ocrx_word' id='word_1_237' title='bbox 1789 3609 1896 3663; x_wconf 75' lang='lat' dir='ltr'><strong>cet.</strong></span> 
     </span>
    </p>
   </div>
  </div>
 </body>
</html>
