2569 4061
1104 232 1184 287 ΠΙ
1219 239 1270 287 4.
1302 240 1351 287 5.
2066 237 2205 302 273

271 398 447 462 πολὺ
492 406 629 461 τῶν
674 396 852 480 παρὰ
896 404 1035 472 τοῖς
1080 396 1309 476 ἄλλοις
1352 395 1721 483 διαφέρειν,
1765 398 1877 464 καὶ
1922 401 2203 484 μάλιστα

273 504 354 568 τὰ
419 500 572 590 περὶ
631 503 754 585 τὴν
819 502 1079 588 αἵρεσιν
1138 513 1272 567 τῶν
1335 502 1680 587 βασιλέων.
1773 507 1843 571 οἰ
1896 502 2017 591 μὲν
2074 508 2206 593 γὰρ

280 612 478 694 ἱερεῖς
523 608 590 689 ἐξ
636 608 858 675 αὑτῶν
903 611 1063 686 τοὺς
1108 609 1423 696 ἀρίστους
1465 613 1968 698 προκρίνουσιν,
2015 612 2088 679 ἐκ
2132 609 2208 678 δὲ

278 727 415 781 τῶν
467 714 1043 801 καταλεχθέντων,
1091 715 1171 781 ὃν
1225 714 1311 781 ἂν
1363 716 1399 782 ὁ
1453 718 1615 795 θεὸς
1667 720 1987 804 κωμάζων
2042 720 2209 785 κατά

221 840 248 881 5
280 846 431 889 τινα
505 823 878 905 συνήθειαν
950 824 1475 908 περιφερόμενος
1548 823 1748 909 λάβῃ,
1820 832 2063 890 τοῦτον
2134 827 2209 891 τὸ

281 934 540 1012 πλῆθος
597 929 880 1015 αἱρεῖται
934 927 1243 1012 βασιλέα·
1299 929 1510 1007 εὐθὺς
1557 926 1631 995 δὲ
1683 927 1795 996 καὶ
1849 941 2219 1015 προσκυνεῖ

281 1033 393 1102 καὶ
438 1044 595 1123 τιμᾷ
642 1036 948 1121 καθάπερ
993 1039 1186 1119 θεόν,
1232 1036 1322 1112 ὡς
1358 1035 1487 1101 ὑπὸ
1534 1044 1652 1120 τῆς
1696 1047 1818 1103 τοῦ
1856 1039 2210 1122 δαιμονίου

282 1145 604 1228 προνοίας
667 1139 1234 1228 ἐγκεχειρισμένης
1297 1142 1475 1232 αὐτῷ
1539 1153 1655 1229 τῆς
1718 1143 1935 1232 ἀρχῆς.
2038 1143 2074 1209 ὁ
2142 1139 2201 1208 δ’
2252 1167 2284 1215 2

285 1248 580 1334 αἱρεθεὶς
635 1250 856 1335 διαίτῃ
901 1272 971 1314 τε
1014 1257 1261 1334 ,χρῆται
1306 1259 1386 1335 τῇ
1441 1249 1802 1337 τεταγμένῃ
1848 1252 2013 1316 κατὰ
2058 1252 2215 1327 τοὺς

202 1374 258 1414 10
286 1358 538 1440 νόμους
589 1354 702 1421 καὶ
754 1357 961 1421 τᾶλλα
1015 1356 1286 1442 πράττει
1339 1356 1506 1421 κατὰ
1558 1359 1634 1422 τὸ
1688 1358 1970 1443 πάτριον
2033 1359 2216 1440 ἔθος,

288 1459 429 1527 οὔτ’
494 1461 881 1547 εὐεργεσίαν
955 1463 1109 1528 οὔτε
1170 1466 1498 1549 τιμωρίαν
1569 1463 1922 1549 ἀπονέμων
1989 1462 2219 1530 οὐδενὶ

290 1568 470 1651 παρὰ
515 1568 590 1632 τὸ
641 1567 1048 1652 δεδογμένον
1095 1567 1161 1647 ἐξ
1208 1568 1413 1654 ἀρχῆς
1457 1567 1613 1655 παρ’
1651 1570 1877 1647 αὐτοῖς
1911 1573 2216 1655 νόμιμον·

294 1674 454 1748 ἔθος
529 1666 588 1737 δ’
654 1672 878 1750 αὐτοῖς
941 1674 1080 1740 ἐστι
1142 1674 1398 1761 μηδένα
1461 1685 1598 1741 τῶν
1668 1674 2219 1760 ὑποτεταγμένων

294 1778 566 1869 θανάτῳ
639 1782 1091 1867 περιβάλλειν,
1165 1780 1321 1867 μηδ’
1384 1781 1471 1847 ἂν
1533 1778 2044 1858 καταδικασθεὶς
2113 1778 2222 1846 ἐπὶ

212 1902 264 1944 15
291 1888 568 1977 θανάτῳ
605 1910 708 1966 τις
743 1896 926 1974 φανῇ
963 1892 1282 1975 τιμωρίας
1318 1889 1519 1973 ἄξιος,
1567 1888 1735 1954 ἀλλὰ
1770 1885 2051 1972 πέμπειν
2085 1898 2222 1952 τῶν

291 1994 642 2081 ὑπηρετῶν
695 2017 847 2062 τινα
903 2005 1181 2081 σημεῖον
1236 1998 1474 2082 ἔχοντα
1526 1996 1830 2062 θανάτου
1884 1996 2049 2083 πρὸς
2102 1993 2223 2060 τὸν

292 2105 910 2189 παρανενομηκότα·
969 2097 1165 2180 οὗτος
1220 2102 1283 2169 δ’
1339 2104 1506 2170 ἰδὼν
1558 2105 1635 2169 τὸ
1693 2103 2067 2187 σύσσημον,
2112 2099 2226 2166 καὶ

293 2218 691 2295 παραχρῆμα
729 2211 825 2286 εἰς
858 2210 983 2293 τὴν
1022 2211 1204 2275 ἰδίαν
1242 2212 1463 2276 οἰκίαν
1499 2208 1837 2293 ἀπελθών,
1877 2206 2115 2275 ἑαυτὸν
2153 2207 2227 2272 ἐκ

295 2324 417 2381 τοῦ
466 2319 580 2399 ζῆν
626 2319 996 2401 μεθίστησι.
1071 2317 1352 2401 φεύγειν
1399 2316 1461 2383 δ’
1508 2315 1579 2382 ἐκ
1626 2325 1741 2399 τῆς
1787 2316 1963 2391 ἰδίας
2007 2314 2226 2399 χώρας

217 2438 273 2478 20
301 2424 397 2497 εἰς
423 2422 546 2505 τὴν
583 2422 836 2509 ὅμορον
863 2421 976 2488 καὶ
1011 2432 1092 2509 τῇ
1121 2424 1513 2508 μεταστάσει
1546 2431 1662 2506 τῆς
1688 2421 2006 2507 πατρίδος
2041 2421 2227 2486 λύειν

301 2527 425 2609 τὴν
450 2531 795 2615 τιμωρίαν,
831 2530 1137 2616 καθάπερ
1174 2531 1354 2616 παρὰ
1388 2527 1878 2613 τοῖςἝλλησιν,
1917 2527 2227 2613 οὐδαμῶς

301 2636 813 2721 συγκεχώρηται.
881 2636 986 2702 διὸ
1025 2638 1143 2702 καί
1173 2638 1348 2721 φασί
1375 2659 1547 2720 τινα,
1583 2643 1706 2700 τοῦ
1741 2638 2228 2723 θανατηφόρου
2265 2656 2296 2703 3

302 2745 581 2825 σημείου
641 2743 807 2828 πρὸς
862 2742 1068 2808 αὐτὸν
1133 2741 1618 2819 ἀποσταλέντος
1671 2741 1800 2807 ὑπὸ
1855 2751 1977 2807 τοῦ
2042 2745 2229 2826 βασι-

302 2845 499 2931 λέως,
555 2846 991 2932 ἐπιβαλέσθαι
1045 2845 1168 2933 μὲν
1222 2849 1298 2914 ἐκ
1350 2857 1467 2933 τῆς
1510 2849 1876 2924 Αἰθιοπίας
1929 2847 2228 2933 φεύγειν,

222 2969 274 3011 25
305 2952 715 3038 αἰσθομένης
762 2951 835 3019 δὲ
879 2964 998 3040 τῆς
1041 2956 1290 3041 μητρὸς
1333 2952 1443 3020 καὶ
1488 2963 1568 3039 τῇ
1614 2953 1782 3039 ζώνῃ
1828 2954 1948 3019 τὸν
1992 2954 2231 3038 τράχη-

305 3065 428 3124 λον
466 3058 675 3125 αύτοῢ
713 3061 1149 3146 σφιγγούσης,
1187 3062 1394 3146 ταύτῃ
1433 3056 1600 3145 μηδὲ
1635 3054 1790 3126 καθ’
1825 3058 1943 3124 ἕνα
1978 3060 2230 3143 τρόπον

305 3169 628 3250 τολμῆσαι
681 3178 1155 3251 προσενεγκεῖν
1207 3169 1326 3244 τὰς
1378 3177 1629 3253 χεῖρας,
1678 3166 1884 3231 αὐτὸν
1929 3160 1992 3227 δ’
2038 3162 2234 3247 ἀγχό-

308 3293 514 3354 μενον
565 3281 967 3358 καρτερῆσαι
1013 3273 1202 3360 μέχρι
1255 3283 1372 3357 τῆς
1415 3278 1751 3356 τελευτῆς,
1803 3270 1914 3335 ἵνα
1960 3269 2047 3354 μὴ
2094 3277 2234 3345 τοῖς

453 3434 484 3484 2
536 3427 606 3484 τὰ
646 3447 754 3487 om.
791 3429 944 3499 vulg.
1088 3435 1121 3484 5
1178 3427 1629 3500 περιφερόμενος
1666 3427 1775 3482 del.
1812 3425 2019 3482 Reiske
2170 3427 2235 3478 15

308 3497 521 3570 πέμπει
557 3499 649 3556 OD
802 3507 866 3556 19
907 3496 963 3555 δ’
1007 3496 1097 3573 ἐκ]
1139 3499 1202 3556 δὲ
1241 3501 1374 3556 libri
1493 3505 1562 3554 23
1602 3498 1833 3567 σημείου
1873 3497 1982 3552 del.
2019 3494 2234 3549 Eichst.

418 3599 458 3639 D
461 3608 672 3640 ooooooo
700 3601 737 3641 Ι.
1848 3591 1915 3640 18
