2569 4061
1033 298 1111 353 IV
1149 304 1234 356 45.
1273 305 1360 354 46.
2064 303 2197 368 467

268 464 488 525 τελεῖν
532 462 659 546 γὰρ
705 464 863 537 τοὺς
906 460 1393 538 καταπλέοντας
1447 472 1581 526 τῶν
1637 460 1844 541 ξένων
1904 463 2204 551 ἐξαιρου-

271 564 484 649 μένην
540 565 611 631 ἐκ
667 577 802 632 τῶν
856 568 1226 650 κινδύνων,
1281 564 1394 632 καὶ
1448 564 1607 632 ποτὲ
1660 565 1783 652 μὲν
1844 572 2025 657 παρὰ
2077 580 2203 637 τοῦ

270 673 521 758 πατρὸς
575 674 910 739 αἰτεῖσθαι
966 674 1189 758 δεήσει
1241 671 1352 739 καὶ
1406 674 1625 758 χάριτι
1680 675 1804 757 τὴν
1860 688 1996 741 τῶν
2050 683 2200 763 μελ-

271 783 532 845 λόντων
596 780 1018 846 ἀπόλλυσθαι
1084 783 1449 866 σωτηρίαν,
1513 776 1673 846 ποτε
1729 779 1790 845 δ’
1855 782 2065 866 αὐτὴν
2130 784 2202 851 ἐκ

210 908 239 949 5
269 894 388 969 τῆς
441 891 744 972 φυλακῆς
797 886 1111 971 ἀφιεῖσαν
1173 891 1618 970 προνοεῖσθαι
1678 894 1794 969 τῆς
1846 897 1981 952 τῶν
2046 889 2200 954 ἀτυ-

267 994 574 1076 χούντων
641 994 1031 1077 ἀσφαλείας·
1103 994 1221 1057 τὸν
1275 993 1403 1077 γὰρ
1459 993 1720 1075 Αἰήτην
1774 994 1855 1057 τὰ
1909 990 2031 1078 μεν
2088 996 2200 1061 διὰ
2233 1032 2254 1054 .

267 1100 393 1183 τὴν
443 1101 624 1164 ἰδίαν
671 1100 1005 1182 ὠμότητα,
1059 1099 1140 1162 τὰ
1187 1095 1249 1162 δ’
1301 1097 1431 1162 ὑπὸ
1487 1107 1603 1183 τῆς
1656 1100 1972 1181 γυναικὸς
2010 1097 2198 1166 Ἑκά-

267 1228 387 1290 της
449 1204 845 1287 πεισθέντα,
909 1202 1407 1289 προσδέξασθαι
1459 1205 1535 1270 τὸ
1599 1214 1717 1289 τῆς
1780 1205 2199 1294 ξενοκτονίας

268 1315 574 1397 νόμιμον.
693 1310 1258 1396 ἀντιπραττούσης
1342 1308 1415 1375 δὲ
1497 1320 1615 1396 τῆς
1695 1313 2001 1396 Μηδείας
2088 1313 2191 1380 ἀεὶ
2228 1329 2263 1378 2

182 1443 239 1482 10
269 1423 526 1502 μᾶλλον
570 1426 650 1503 τῇ
695 1415 1077 1504 προαιρέσει
1123 1426 1258 1481 τῶν
1304 1415 1592 1499 γονέων,
1640 1417 1805 1502 φασὶ
1865 1421 1983 1485 τὸν
2029 1422 2196 1503 Αἰή-

268 1548 393 1608 την
438 1524 945 1589 ὑποπτεύσαντα
989 1522 1112 1606 τὴν
1160 1524 1228 1587 ἐκ
1273 1531 1390 1607 τῆς
1436 1524 1777 1608 θυγατρὸς
1832 1523 2195 1609 ἐπιβουλὴν

270 1633 364 1707 εἰς
410 1627 775 1710 ἐλευθέραν
835 1629 1044 1712 αὐτὴν
1099 1625 1484 1693 ἀποθέσθαι
1541 1630 1877 1712 φυλακήν·
1942 1631 2064 1712 τὴν
2121 1628 2195 1697 δὲ

268 1738 582 1820 Μήδειαν
611 1738 982 1821 διαδρᾶσαν
1008 1743 1420 1818 καταφυγεῖν
1448 1739 1545 1811 εἴς
1570 1758 1634 1798 τι
1666 1732 1937 1819 τέμενος
1955 1733 2194 1803 Ἡλίου

266 1847 575 1927 κείμενον
619 1845 797 1930 παρὰ
842 1842 1201 1907 θάλατταν.
1273 1835 1430 1906 καθ’
1483 1840 1563 1905 ὃν
1611 1841 1694 1924 δὴ
1741 1844 1989 1926 χρόνον
2036 1846 2193 1920 τοὺς
2230 1861 2263 1909 3

188 1970 239 2011 15
260 1947 707 2036 Ἀργοναύτας
753 1949 880 2015 ἀπὸ
925 1956 1042 2033 τῆς
1094 1952 1425 2035 Ταυρικῆς
1468 1943 1911 2032 κομισθέντας
1954 1950 2193 2026 νυκτὸς

269 2063 713 2123 καταπλεῦσαι
757 2065 874 2141 τῆς
922 2057 1252 2140 Κολχίδος
1295 2057 1392 2130 εἰς
1437 2055 1512 2119 τὸ
1558 2051 2045 2140 προειρημένον
2091 2055 2191 2121 τέ-

270 2186 483 2246 μενος.
575 2167 745 2229 ἔνθα
801 2163 884 2246 δὴ
944 2165 1415 2248 περιτυχόντας
1467 2168 1548 2245 τῇ
1603 2162 1875 2247 Μηδείᾳ
1928 2166 2190 2229 πλανω-

270 2267 432 2353 μένῃ
479 2271 656 2355 παρὰ
699 2271 819 2335 τὸν
866 2270 1187 2353 αἰγιαλόν,
1232 2265 1343 2333 καὶ
1389 2268 1732 2351 μαθόντας
1776 2264 1930 2350 παρ’
1986 2268 2190 2353 αὐτῆς

267 2376 342 2439 τὸ
388 2384 505 2459 τῆς
549 2377 966 2454 ξενοκτονίας
1009 2378 1332 2460 νόμιμον,
1387 2369 1845 2450 ἀποδέξασθαι
1899 2369 2021 2457 μὲν
2067 2375 2190 2458 τὴν

193 2500 245 2540 20
269 2479 634 2565 ἡμερότητα
679 2492 794 2566 τῆς
836 2480 1208 2568 παρθένου,
1261 2480 1691 2563 δηλώσαντας
1738 2475 1799 2542 δ’
1854 2478 2019 2564 αὐτῇ
2066 2481 2189 2564 τὴν

268 2585 523 2653 ἑαυτῶν
585 2587 900 2672 ἐπιβολὴν
961 2585 1163 2654 πάλιν
1226 2582 1383 2673 παρ’
1443 2584 1697 2668 ἐκείνης
1762 2591 2007 2669 μαθεῖν
2071 2590 2189 2654 τὸν

264 2694 646 2780 ὑπάρχοντα
692 2695 859 2781 αὐτῇ
905 2697 1229 2763 κίνδυνον
1277 2693 1406 2760 ἀπὸ
1450 2700 1571 2758 τοῦ
1613 2691 1860 2775 πατρὸς
1907 2693 2019 2757 διὰ
2063 2695 2187 2776 τὴν

265 2803 427 2886 πρὸς
473 2805 629 2878 τοὺς
685 2801 918 2881 ξένους
972 2801 1362 2885 εὐσέβειαν.-
1428 2806 1662 2865 κοινοῦ
1719 2792 1793 2862 δὲ
1847 2807 1968 2863 τοῦ
2026 2816 2187 2884 συμ-
2224 2815 2260 2864 4

266 2904 589 2992 φέροντος
641 2907 1004 2992 φανέντος,
1060 2909 1183 2991 τὴν
1248 2902 1371 2991 μὲν
1426 2904 1739 2986 Μήδειαν
1803 2899 2188 2986 ἐπαγγείλα-

193 3029 241 3070 25
268 3017 429 3076 σθαι
476 3016 911 3097 συνεργήσειν
958 3013 1185 3090 αὐτοῖς
1220 3010 1412 3097 μέχρι
1459 3008 1544 3074 ἂν
1584 3002 2024 3072 συντελέσωσι
2067 3010 2186 3073 τὸν

267 3119 699 3201 προκείμενον
745 3114 995 3202 ἆθλον,
1040 3123 1158 3185 τὸν
1206 3112 1267 3182 δ’
1314 3114 1577 3182 Ἰάσονα
1624 3111 1734 3176 διὰ
1784 3119 1919 3174 τῶν
1966 3111 2186 3196 ὅρκων

172 3224 500 3294 29οδοῦναι
538 3228 789 3304 πίστεις
825 3228 928 3293 ὅτι
964 3229 1176 3311 γήμας
1214 3225 1427 3308 αὐτὴν
1456 3222 1583 3301 ἔξει
1613 3217 1899 3302 σύμβιον
1927 3216 2184 3283 ἅπαντα

398 3425 429 3473 6
471 3414 810 3491 ἀσφαλείας]
852 3421 1126 3488 σωτηρίας
1162 3418 1210 3472 D
1320 3414 1451 3488 γὰρ]
1484 3410 1586 3484 μὲν
1615 3406 1724 3480 γὰρ
1754 3407 1907 3476 ῩΠῙΒ·
2017 3414 2049 3462 8
2086 3409 2180 3485 τὸ]

261 3488 380 3544 τότε
420 3489 470 3543 D
657 3497 723 3546 10
773 3491 981 3560 μᾶλλον
1029 3491 1093 3562 τῇ
1134 3487 1463 3559 προαιρέσει
1499 3502 1608 3541 om.
1650 3483 1695 3535 D
1882 3483 1948 3561 {8
1997 3486 2179 3561 παρὰ]

261 3559 383 3629 περὶ
420 3559 475 3613 11
620 3567 687 3615 22
728 3557 843 3617 ἀπὸ
883 3564 1091 3630 WeSS.,
1137 3556 1250 3615 ὑπὸ
1292 3558 1412 3615 cod.
1558 3559 1627 3610 25
1665 3553 1967 3607 συντελωσι
2008 3550 2071 3605 D.

1751 3647 1862 3700 30*
