2569 4061
384 322 521 386 404
1072 317 1384 374 monom
1420 316 1657 372 smum
2547 85 2562 481 i

384 506 581 550 πειαν
632 479 744 547 καὶ
798 483 1218 573 μαλακότητα
1269 488 1394 545 τοῦ
1449 480 1751 563 σώματος
1809 481 1985 563 ἔχειν
2043 478 2321 563 γυναικὶ
2557 488 2569 623 ι

384 595 798 673 παρεμφερῆ,
843 589 920 652 τὸ
967 584 1027 653 δ’
1075 587 1467 673 ἀρρενωπὸν
1510 583 1621 650 καὶ
1668 586 2029 671 δραστικὸν
2066 585 2321 671 ἀνδρὸς

386 698 561 779 ἔχειν
609 694 717 775 [τὰ
765 691 841 759 δὲ
887 695 1140 779 φυσικὰ
1175 695 1376 778 μόρια
1415 698 1917 774 συγγεννᾶσθαι
1951 693 2166 781 τούτω
2202 691 2322 757 καὶ
2557 642 2569 887 ⁴

384 803 706 884 γυναικὸς
770 800 881 867 καὶ
943 799 1247 886 ἄνδρός]·
1312 801 1480 863 ἔνιοι
1546 794 1620 863 δὲ
1678 800 1760 864 τὰ
1818 808 2092 865 τοιαῦτα
2151 797 2317 882 γένη

386 918 534 985 ταῖς
592 909 881 994 φύσεσιν
941 907 1433 992 ἀποφαίνονται
1489 903 1729 991 τέρατα
1793 905 2140 992 ὑπάρχειν,
2203 903 2321 970 καὶ
2349 923 2377 964 5
2565 930 2569 1000 ι

388 1015 776 1099 γεννώμενα
840 1016 1136 1090 σπανίως
1198 1013 1700 1098 προσημαντικὰ
1770 1015 2085 1095 γίνεσθαι
2157 1010 2320 1078 ποτὲ

390 1117 514 1206 μὲν
576 1131 800 1186 κακῶν
862 1114 1021 1184 ποτὲ
1087 1115 1148 1182 δ’
1213 1118 1510 1200 ἀγαθῶν.
1602 1117 1715 1183 καὶ
1778 1116 1931 1204 περὶ
1995 1115 2119 1203 μὲν
2181 1130 2319 1184 τῶν

389 1226 718 1292 τοιούτων
763 1225 909 1301 ἅλις
955 1224 1114 1309 ἡμῖν
1161 1222 1376 1307 ἐχέτω.

323 1336 360 1398 7
571 1328 747 1415 Περὶ
793 1327 867 1395 δὲ
911 1340 1047 1396 τῶν
1094 1334 1420 1413 Μουσῶν,
1478 1330 1831 1417 ἐπειδήπερ
1887 1329 2321 1416 ἐμνήσθημεν

391 1435 467 1501 έν
528 1446 674 1512 ταῖς
734 1442 857 1501 τοῦ
920 1437 1273 1501 Διονύσου
1336 1435 1686 1521 πράξεσιν,
1752 1439 2003 1503 οἰκεῖον
2066 1436 2153 1502 ἂν
2216 1444 2319 1521 εἴη
2354 1455 2405 1494 1⁰

393 1543 693 1609 διελθεῖν
760 1542 833 1609 έν
895 1545 1303 1627 κεφαλαίοις.
1393 1543 1636 1619 ταύτας
1698 1544 1826 1630 γὰρ
1893 1545 1965 1609 οἰ
2022 1549 2321 1610 πλεῖστοι

391 1658 528 1715 τῶν
566 1650 1038 1736 μυθογράφων
1083 1649 1196 1716 καὶ
1243 1650 1526 1734 μάλιστα
1565 1649 2117 1735 δεδοκιμασμένοι
2154 1649 2321 1737 φασὶ

393 1755 773 1842 θυγατέρας
828 1752 1002 1823 εἶναι
1046 1758 1218 1834 Διὸς
1271 1754 1385 1822 καὶ
1428 1758 1916 1841 Μνημοσύνης·
1976 1757 2193 1841 ὀλίγοι
2249 1754 2322 1822 δὲ

395 1873 531 1928 τῶν
585 1874 907 1946 ποιητῶν,
962 1862 1034 1928 ἐν
1090 1856 1191 1940 οἷς
1248 1862 1387 1928 ε’στι
1432 1860 1543 1927 καὶ
1594 1859 1901 1948 Ἀλκμάν,
1945 1863 2325 1948 θυγατέρας

327 1991 359 2041 2
399 1968 893 2055 ἀποφαίνονται
959 1969 1275 2053 Οὐρανοῦ
1338 1965 1448 2033 καὶ
1511 1971 1663 2053 Γῆς.
1766 1970 2012 2055 ὁμοίως
2074 1966 2146 2035 δὲ
2206 1967 2326 2035 καὶ
2360 1987 2412 2029 15

397 2078 562 2140 κατὰ
607 2078 727 2142 τὸν
773 2076 1068 2163 ἀριθμὸν
1116 2077 1610 2160 διαφωνοῦσιν·
1667 2078 1739 2141 οἰ
1786 2074 1911 2161 μὲν
1966 2078 2092 2163 γὰρ
2146 2086 2329 2162 τρεῖς

398 2181 737 2266 λέγουσιν,
783 2182 857 2247 οἰ
897 2176 959 2247 δ’
1003 2181 1218 2265 ἐννέα,
1264 2179 1376 2246 καὶ
1423 2181 1824 2268 κεκράτηκεν
1864 2182 1900 2248 ὁ
1946 2194 2083 2248 τῶν
2129 2180 2329 2248 ἐννέα

400 2286 688 2373 ἀριθμὸς
714 2287 846 2353 ὑπὸ
873 2299 1009 2354 τῶν
1049 2288 1591 2374 ἐπιφανεστάτων
1628 2288 1900 2374 ἀνδρῶν
1936 2290 2330 2373 βεβαιούμε-

399 2418 550 2477 νος,
617 2392 787 2477 λέγω
854 2390 928 2459 δὲ
981 2392 1275 2480 Ὁμήρου
1337 2417 1409 2460 τε
1466 2392 1579 2460 καὶ
1633 2392 1960 2460 Ἡσιόδου
2018 2393 2130 2460 καὶ
2191 2407 2329 2462 τῶν

403 2502 626 2567 ἄλλων
670 2511 807 2567 τῶν
850 2502 1197 2568 τοιούτων.
1272 2499 1563 2587 Ὅμηρος
1608 2498 1731 2586 μὲν
1776 2503 1905 2588 γὰρ
1952 2500 2129 2584 λέγει
2360 2520 2415 2561 20

494 2628 771 2688 Μοῦσαι
817 2622 878 2688 δ’
933 2622 1127 2689 ἐννέα
1173 2634 1380 2690 πᾶσαι
1427 2626 1858 2711 ἀμειβόμεναι
1903 2625 2017 2692 ὀπὶ
2060 2632 2255 2713 καλῇ·

415 2746 710 2821 Ησίοδος
775 2742 848 2824 δὲ
911 2745 1022 2811 καὶ
1084 2749 1165 2811 τὰ
1230 2748 1521 2833 ὀνόματα
1595 2751 1817 2816 αὐτῶν
1887 2752 2333 2836 ἀποφαίνεται

405 2850 633 2945 λέγωνι

496 2997 715 3061 Κλειώ
760 2992 817 3059 τ’
871 2993 1177 3081 Εὐτέρπη
1224 3020 1294 3062 τε
1345 2998 1591 3063 Θάλειά
1634 3021 1705 3063 τε
1750 2999 2157 3084 Μελπομένη
2203 3023 2274 3065 τε

504 3103 877 3188 Τερψιχόρη
923 3099 980 3167 τ’
1029 3100 1275 3186 Ἐρατώ
1322 3126 1392 3168 τε
1440 3104 1797 3188 Πολύμνιά
1833 3098 1892 3168 τ’
1931 3104 2230 3189 Οὐρανίη
2259 3125 2455 3176 τε253

497 3212 843 3291 Καλλιόπη
882 3203 982 3293 θ’,
1030 3210 1071 3292 ἥ
1111 3225 1339 3294 σφεων
1384 3211 1885 3299 προφερεστάτη
1934 3209 2116 3277 ἐστὶν
2161 3209 2332 3276 ἄπα·
2364 3231 2425 3270 26

1550 3314 1740 3381 σέων.

551 3506 583 3553 2
625 3499 776 3568 ἔχειν
814 3499 1025 3572 ἀνδρός
1060 3504 1214 3575 vulg.
1363 3510 1395 3558 3
1443 3503 1510 3559 τὰ
1559 3503 1626 3560 δὲ
1656 3537 1725 3547 -
1753 3513 1789 3561 4
1826 3506 1928 3563 καὶ
1963 3503 2178 3578 ἀνδρός
2212 3507 2339 3578 BD,

410 3582 517 3617 om.
557 3570 666 3624 oet.
815 3579 846 3625 9
884 3576 998 3627 τῶν
1035 3593 1143 3632 om.
1184 3576 1246 3629 D.
1504 3626 1510 3630 .
1573 3619 1576 3622 >
