2569 4061
351 170 436 238 72
1024 166 1332 226 monem
1370 168 1605 227 smum

276 356 310 406 2
349 332 562 418 ὑγρὸν
617 329 1093 416 ἀναφέρεσθαι.
1187 334 1294 398 διὸ
1353 330 1464 397 καὶ
1520 334 1638 399 τὸν
1683 335 1938 398 Νεῖλον
1984 332 2272 416 εὐλόγως

346 440 513 504 κατὰ
568 435 691 522 μὲν
744 437 863 502 τὸν
907 448 1199 522 χειμῶνα
1244 439 1487 522 μικρὸν
1539 434 1713 504 εἶναι
1767 437 1879 506 καὶ
1928 437 2272 505 συστέλλε-

347 551 536 628 σθαι,
585 544 697 609 διὰ
741 545 816 611 τὸ
862 545 986 628 τὴν
1022 540 1145 629 μὲν
1190 546 1356 610 κατὰ
1403 553 1530 629 γῆν
1575 546 1954 632 θερμασίαν
1988 548 2064 611 τὸ
2101 549 2272 613 πολὺ

346 659 462 735 τῆς
507 650 717 738 ὑγρᾶς
763 651 995 728 οὐσίας
1040 650 1448 735 ἀναλίσκειν,
1496 653 1789 738 ὄμβρους
1826 649 1898 718 δὲ
1943 653 2108 718 κατὰ
2151 653 2272 736 τὴν

346 762 696 842 Αἴγυπτον
750 761 839 844 μὴ
895 761 1234 841 γίνεσθαι·
1297 759 1461 824 κατὰ
1522 755 1597 825 δὲ
1649 760 1726 825 τὸ
1790 758 1994 845 θέρος
2047 758 2273 844 μηκέτι
2299 775 2327 817 5

346 873 463 949 τῆς
507 867 673 933 κατὰ
709 872 838 949 γῆν
876 864 1362 944 ἀπαναλώσεως
1407 863 1762 951 γινομένης
1807 865 1881 932 ἐν
1925 876 2065 943 τοῖς
2109 866 2274 931 κατὰ

345 973 562 1056 βάθος
614 974 845 1049 τόποις
905 976 1334 1055 πληροῦσθαι
1388 972 1511 1056 τὴν
1573 972 1738 1037 κατὰ
1797 972 2007 1055 φύσιν
2064 972 2274 1037 αὐτοῦ

275 1101 309 1149 3
349 1078 547 1164 ῥύσιν
602 1077 1111 1162 ἀνεμποδίστως.
1206 1077 1445 1164 ῥητέον
1500 1075 1574 1144 δὲ
1628 1076 1741 1145 καὶ
1803 1079 1971 1164 πρὸς
2033 1087 2274 1146 τοῦτον

346 1185 447 1249 ὅτι
502 1181 741 1249 πολλοὶ
794 1181 1079 1268 ποταμοὶ
1135 1195 1270 1250 τῶν
1324 1185 1488 1252 κατὰ
1542 1186 1666 1268 τὴν
1710 1186 1977 1268 Λιβύην
2032 1185 2274 1270 ὁμοίως

344 1286 468 1374 μὲν
531 1293 824 1375 κείμενοι
888 1300 1029 1369 τοῖς
1081 1293 1394 1375 στόμασι,
1459 1294 1962 1377 παραπλησίους
2026 1287 2101 1356 δὲ
2157 1292 2274 1371 τάς
2301 1307 2353 1350 10

350 1395 577 1482 ῥύσεις
621 1396 1043 1480 ποιούμενοι,
1089 1396 1213 1479 τὴν
1259 1395 1589 1480 ἀνάβασιν
1634 1396 1758 1462 οὐκ
1803 1398 2071 1481 ἔχουσιν
2117 1394 2277 1460 ἀνά-

347 1506 554 1586 λογον
608 1512 698 1593 τῷ
748 1504 1001 1592 Νείλῳ·
1061 1502 1458 1570 τούναντίον
1511 1504 1639 1589 γὰρ
1695 1501 1769 1568 ἐν
1825 1499 1947 1588 μὲν
1999 1509 2090 1591 τῷ
2143 1525 2274 1587 χει-

347 1620 522 1694 μῶνι
598 1610 1080 1695 πληρούμενοι,
1152 1611 1318 1676 κατὰ
1394 1605 1466 1675 δὲ
1541 1611 1616 1676 τὸ
1687 1608 1892 1695 θέρος
1961 1612 2277 1693 λήγοντες

350 1715 696 1802 ἐλέγχουσι
741 1718 817 1782 τὸ
863 1718 1112 1794 ψεῦδος
1157 1725 1279 1781 τοῦ
1323 1714 1742 1803 πειρωμένου
1786 1727 1926 1792 τοῖς
1960 1722 2279 1794 πιθανοῖς

275 1844 311 1892 4
346 1823 845 1907 καταμάχεσθαι
912 1822 1036 1905 τὴν
1092 1822 1436 1905 ἀλήθειαν.
1528 1825 1797 1907 ἔγγιστα
1858 1817 1931 1886 δὲ
1983 1830 2063 1906 τῇ
2118 1821 2275 1906 ἀλη-
2303 1840 2355 1879 15

346 1932 504 2016 θείᾳ
548 1930 1052 2014 προσελήλυθεν
1101 1926 1593 2016 Ἀγαθαρχίδης
1639 1929 1675 1997 ὁ
1721 1929 2017 2006 Κνίδιος.
2109 1927 2275 2014 φησὶ

345 2037 473 2123 γὰρ
511 2033 653 2103 κατ’
697 2035 1008 2103 ἐνιαυτὸν
1044 2035 1119 2102 ἐν
1156 2047 1297 2116 τοῖς
1333 2039 1497 2104 κατὰ
1532 2039 1656 2122 τὴν
1683 2038 2056 2103 Αἰθιοπίαν
2093 2038 2277 2122 ὄρεσι

346 2145 658 2225 γίνεσθαι
724 2154 1022 2229 συνεχεῖς
1087 2145 1381 2230 ὄμβρους
1454 2143 1581 2210 ἀπὸ
1654 2150 1952 2232 θερινῶν
2013 2155 2278 2230 τροπῶν
2370 2186 2375 2189 -

274 2270 309 2318 5
347 2248 539 2335 μέχρι
584 2258 701 2334 τῆς
745 2259 1202 2335 μετοπωρινῆς
1247 2253 1619 2336 ἰσημερίας·
1664 2251 1959 2334 εὐλόγως
1997 2245 2122 2317 οὖν
2157 2252 2277 2317 τὸν

346 2358 601 2420 Νεῖλον
648 2354 721 2421 ἐν
768 2352 892 2440 μὲν
936 2365 1028 2444 τῷ
1074 2367 1348 2440 χειμῶνι
1391 2355 1896 2440 συστέλλεσθαι,
1942 2358 2067 2442 τὴν
2110 2358 2275 2424 κατὰ
2302 2377 2357 2416 20

347 2461 558 2545 φύσιν
614 2463 849 2546 ἔχοντα
873 2462 1095 2548 ’ῥύσιν
1151 2459 1279 2526 ἀπὸ
1342 2463 1567 2547 μόνων
1612 2473 1747 2550 τῶν
1793 2473 2057 2547 πηγῶν,
2086 2465 2279 2529 κατὰ

348 2562 424 2633 δὲ
468 2567 542 2632 τὸ
589 2565 794 2652 θέρος
841 2569 953 2633 διά
997 2570 1155 2644 τοὺς
1200 2566 1634 2653 ἐκχεομένους
1689 2569 1983 2654 ὄμβρους
2028 2569 2283 2653 λαμβά-

277 2696 311 2744 6
347 2697 492 2739 νειν
555 2675 679 2759 τὴν
743 2675 1041 2758 αὔξησιν.
1125 2676 1189 2741 εἰ
1241 2672 1315 2741 δὲ
1379 2676 1495 2753 τὰς
1559 2676 1771 2752 αἰτίας
1831 2673 2062 2760 μηδεὶς
2118 2674 2278 2745 ἀπο-

349 2781 590 2846 δοῦναι
638 2780 918 2846 δύναται
964 2779 1155 2867 μέχρι
1199 2791 1323 2847 τοῦ
1366 2790 1497 2848 νῦν
1533 2790 1650 2865 τῆς
1685 2792 1819 2849 τῶν
1855 2780 2126 2849 ὑδάτων
2169 2805 2277 2867 γε-

345 2883 620 2971 νέσεως,
687 2886 770 2953 οὐ
833 2890 1195 2975 προσήκειν
1252 2887 1644 2954 ἀθετεῖσθαι
1697 2888 1821 2971 τὴν
1880 2889 2062 2954 ἰδίαν
2117 2887 2276 2952 ἀπό·
2305 2904 2360 2945 25

347 3010 588 3078 φασιν·
645 2995 859 3060 πολλὰ
905 2996 1031 3080 γὰρ
1076 2995 1201 3079 τὴν
1247 2995 1459 3080 φύσιν
1505 2992 1822 3072 ἐναντίως
1866 2992 2132 3079 φέρειν,
2180 2987 2277 3059 ὧν

344 3101 463 3180 τας
516 3102 729 3180 αἰτίας
785 3101 909 3167 οὐκ
963 3100 1237 3185 ἐφικτὸν
1297 3099 1685 3185 ἀνθρώποις
1749 3100 2038 3188 ἀκριβῶς
2101 3096 2279 3177 ἐξευ-

117 3272 144 3283 N
237 3227 311 3286 ,⁷
353 3219 515 3294 ρεῖν.
589 3219 950 3296 μαρτυρεῖν
989 3205 1064 3275 δὲ
1108 3219 1248 3286 τοῖς
1294 3205 1413 3292 ὑφ’
1459 3205 1700 3274 ἑαυτοῦ
1746 3205 2132 3293 λεγομένοις
2167 3205 2280 3273 καὶ

504 3441 569 3487 11
609 3431 831 3504 ἆεῦσεις
868 3437 1024 3509 vulg.
1169 3442 1236 3494 25
1275 3436 1550 3509 προσήκει
1587 3436 1826 3507 codices,
1865 3454 2005 3495 corr.
2040 3436 2222 3492 Rhod.
