2569 4061
373 156 413 221 8
1072 156 1381 213 DIODORI
1418 157 1653 215 SICULI

371 301 616 405 μαλίαν
658 317 771 386 καὶ
815 320 890 385 τὸ
935 324 1198 403 πλῆθος
1239 331 1378 386 τῶν
1431 321 1912 406 συνταγμάτων
1967 321 2292 390 δυσκατά-

372 431 617 510 ληπτος
650 430 903 510 γίνεται
938 424 1176 504 τελέως
1210 424 1324 492 καὶ
1362 424 1760 512 δυσέφικτος
1795 427 1837 511 ἡ
1874 438 2009 494 τῶν
2045 447 2293 514 πεπρα-

371 529 635 617 γμένων
696 531 1047 619 ἀνάληψις·
1109 532 1156 617 ἡ
1213 527 1274 597 δ’
1337 532 1411 598 ἐν
1465 542 1619 618 μιᾶς
1680 532 2052 613 συντάξεως
2110 555 2294 620 περι-

372 646 598 724 γραφῇ
626 640 1036 725 πραγματεία
1062 641 1137 705 τὸ
1165 649 1302 705 τῶν
1330 639 1633 724 πράξεων
1673 641 2021 725 εἰρόμενον
2050 643 2292 728 ἔχουσα

372 745 495 829 τὴν
539 741 662 830 μὲν
707 745 1087 829 ἀνάγνωσιν
1134 743 1403 830 ἑτοίμην
1434 733 1811 833 παρέχεται,
1855 747 1979 830 τὴν
2023 744 2084 811 δ’
2130 747 2289 815 ἀνά-
2315 764 2359 804 54

374 856 578 935 ληψιν
631 854 763 937 ἔχει
814 855 1150 929 παντελῶς
1204 851 1899 938 εὐπαρακολούθητον.
1989 856 2293 921 καθόλου

376 953 451 1023 δὲ
494 969 629 1024 τῶν
674 959 895 1024 ἄλλων
937 967 1264 1024 τοσοῦτον
1324 958 1671 1045 ὑπερέχειν
1714 961 1964 1044 ταύτην
2007 958 2293 1045 ἡγητέον

376 1064 510 1152 ὅσφ
555 1064 1050 1150 χρησιμώτερόν
1095 1064 1234 1131 ἐστι
1288 1068 1365 1132 τὸ
1418 1075 1554 1132 πᾶν
1607 1076 1730 1133 τοῦ
1774 1064 2020 1152 μέρους
2063 1065 2176 1134 καὶ
2217 1068 2294 1133 τὸ

376 1165 648 1252 συνεχὲς
689 1177 813 1235 τοῦ
860 1170 1366 1256 διερρηγμένου,
1410 1173 1579 1257 πρὸς
1613 1170 1688 1238 δὲ
1734 1174 1997 1252 τούτοις
2030 1175 2106 1240 τὸ
2153 1174 2297 1257 διη·

376 1274 791 1362 κριβωμένον
853 1287 995 1354 τοῖς
1050 1281 1320 1364 χρόνοις
1382 1287 1504 1345 τοῦ
1566 1275 1734 1364 μηδὲ
1796 1278 2297 1364 γινωσκομένου
2326 1298 2381 1338 10

376 1383 552 1448 τίσιν
598 1381 900 1468 ἐπράχθη
945 1396 1220 1470 καιροῖς.

314 1492 359 1555 4
555 1492 813 1576 Διόπερ
869 1490 1057 1577 ἡμεῖς
1121 1492 1410 1579 ὁρῶντες
1470 1493 1722 1578 ταύτην
1788 1495 1912 1579 τὴν
1970 1493 2305 1560 ὑπόθεσιν

378 1599 883 1684 χρησιμωτάτην
946 1596 1068 1683 μὲν
1130 1595 1375 1687 οὖσαν,
1445 1605 1701 1666 πολλοῦ
1767 1595 1841 1666 δὲ
1885 1600 2129 1667 ’πόνου
2190 1598 2303 1667 καὶ

378 1706 629 1790 χρόνου
673 1704 1212 1790 προσδεομένην,
1254 1706 1613 1790 τριάκοντα
1657 1703 1780 1789 μὲν
1826 1708 1938 1788 ἔτη
1982 1705 2135 1791 περὶ
2184 1706 2300 1772 αὐ-

378 1811 502 1892 τὴν
548 1809 1206 1894 ἐπραγματεύθημεν,
1248 1810 1411 1892 μετὰ
1450 1810 1491 1873 δ
1493 1805 1525 1876 ὲ
1568 1815 1818 1893 πολλῆς
1850 1813 2305 1888 κακοπαθείας
2330 1828 2387 1874 ιᾱ

379 1912 491 1980 καὶ
534 1915 873 1982 κινδύνων
919 1913 1302 2000 ἐπήλθομεν
1344 1916 1601 2000 πολλὴν
1646 1925 1762 1999 τῆς
1805 1940 1876 1983 τε
1925 1912 2146 1995 Ἀσίας
2190 1915 2303 1984 καὶ

379 2029 493 2106 τῆς
528 2020 881 2109 Εὐρώπης,
928 2021 1041 2089 ἵνα
1075 2034 1211 2091 τῶν
1248 2022 1790 2108 ἀναγκαιοτάτων
1826 2022 1937 2092 καὶ
1972 2027 2302 2093 πλείστων

380 2140 602 2217 μερῶν
656 2129 977 2197 αὐτόπται
1030 2138 1454 2218 γενηθῶμεν
1514 2134 1730 2200 πολλὰ
1782 2135 1910 2220 γὰρ
1963 2135 2141 2221 παρὰ
2186 2135 2305 2211 τὰς

382 2236 658 2321 ἀγνοίας
700 2247 836 2304 τῶν
881 2241 1105 2305 τόπων
1143 2241 1512 2325 διήμαρτον
1548 2240 1673 2324 οὐχ
1710 2240 1782 2306 oc
1820 2243 2135 2326 τυχόντες
2167 2251 2303 2307 τῶν

383 2340 850 2427 συγγραφέων,
905 2342 1073 2410 ἀλλά
1125 2366 1301 2420 τινες
1353 2341 1464 2408 καὶ
1517 2355 1655 2411 τῶν
1697 2354 1779 2431 τῇ
1839 2344 2001 2430 δόξῃ
2045 2367 2304 2433 πεπρω·
2331 2363 2387 2405 20

313 2474 344 2520 2
382 2449 729 2514 τευκότων.
823 2448 1093 2534 ἀφορμῇ
1150 2444 1224 2516 δὲ
1280 2450 1449 2535 πρὸς
1505 2450 1629 2533 τὴν
1684 2449 2001 2533 ἐπιβολὴν
2054 2454 2304 2536 ταύτην

384 2553 807 2639 ἐχρησάμεθα
852 2555 1135 2638 μάλιστα
1179 2550 1303 2640 μὲν
1347 2563 1427 2640 τῇ
1473 2557 1643 2642 πρὸς
1684 2557 1808 2640 τὴν
1851 2558 2304 2642 πραγματείαν

385 2660 730 2748 ἐπιθυμίᾳ,
779 2658 867 2727 δι’
918 2661 1007 2744 ἣν
1041 2670 1247 2727 πᾶσιν
1292 2661 1681 2748 ἀνθρώποις
1722 2664 1799 2729 τὸ
1848 2664 2099 2730 δοκοῦν
2143 2663 2305 2728 ἄπο-

386 2791 510 2853 ρον
593 2761 765 2833 εἶναι
848 2769 1159 2853 τυγχάνει
1240 2772 1650 2853 συντελείας,
1732 2772 1953 2837 ἔπειτα
2032 2766 2144 2835 καὶ
2223 2778 2303 2855 τῇ

387 2874 461 2942 ἐν
530 2871 742 2960 Ῥώμῃ
822 2877 1105 2963 χορηγίᾳ
1193 2886 1330 2943 τῶν
1411 2878 1576 2963 πρὸς
1657 2877 1781 2960 τὴν
1860 2874 2303 2960 ὑποκειμένην
2332 2893 2385 2934 25
2512 2898 2519 2903 ’

316 3007 347 3055 3
386 2982 717 3051 ὑπόθεσιν
782 2981 1182 3065 ἀνηκόντων.
1273 2982 1316 3067 ἡ
1381 2984 1508 3068 γὰρ
1571 2984 1813 3067 ταύτης
1876 2991 1991 3065 τῆς
2053 2985 2353 3068 πόλεως,

496 3219 527 3267 2
567 3211 665 3266 καὶ
693 3210 1033 3281 δυσέφικτος
1061 3228 1167 3269 om.
1198 3212 1294 3267 ΑΕ
1367 3213 1962 3284 πεπραγματευμένους)
1988 3212 2033 3269 F
2105 3214 2149 3286 {3
2179 3215 2311 3284 μιᾶς

391 3281 639 3350 Βοὴέΐετ,
677 3282 779 3353 μιᾶ
816 3284 938 3340 cod.
1085 3289 1117 3337 9
1157 3281 1499 3355 διῃρημένου
1542 3283 1652 3339 OF
1783 3291 1849 3339 19
1887 3283 2171 3358 τυχόντες]
2210 3283 2312 3355 μό·-

389 3370 491 3406 νον
528 3353 654 3408 add.
699 3336 763 3409 F
855 3359 925 3408 24
962 3354 1029 3426 τῇ
1071 3386 1138 3396 -
1176 3356 1414 3428 χορηγίᾳ
1451 3355 1724 3428 Hertlein,
1762 3353 1858 3411 διὰ
1898 3355 2001 3425 τὴν
2042 3388 2106 3398 -
2146 3376 2310 3427 χορη-

389 3421 520 3486 γίαν
555 3420 687 3476 libri
830 3431 898 3479 25
938 3419 1025 3497 ἐν]
1066 3421 1129 3481 ἐν
1166 3428 1234 3498 τῇ
1272 3427 1384 3484 DF.
