2569 4061
986 394 1013 447 1
1050 399 1137 450 45.
1174 400 1260 450 46.
2007 393 2089 456 81

169 567 485 646 σμῆσθαι.
574 558 906 644 τεττάρων
968 557 1098 641 γὰρ
1164 557 1364 642 ἱερῶν
1417 555 2096 623 κατασκευασθέντων

60 663 64 668 ’
169 671 249 733 τό
301 690 370 733 τε
423 667 669 742 κάλλος
721 662 833 729 καὶ
885 665 960 729 τὸ
1017 661 1303 748 μέγεθος
1359 666 1756 747 θαυμαστὸν
1800 660 1974 731 εἶναι
2017 665 2094 730 τὸ

171 776 647 857 παλαιότατον,
690 772 1116 858 τρισκαίδεκα
1161 766 1284 855 μὲν
1331 770 1624 834 σταδίων
1667 771 1791 852 τὴν
1834 776 2097 856 περίμε-

169 902 366 968 τρον,
418 877 614 946 πέντε
670 875 745 943 δὲ
798 876 911 943 καὶ
962 877 1444 961 τετταράκοντα
1496 886 1728 959 πηχῶν
1781 878 1857 940 τὸ
1906 877 2100 960 ὕψος,

117 1019 146 1061 5
174 994 384 1053 εἴκοσι
439 983 515 1052 δὲ
567 983 680 1051 καὶ
722 985 1053 1070 τεττάρων
1099 985 1332 1048 ποδῶν
1376 984 1451 1047 τὸ
1496 982 1744 1059 πλάτος
1787 994 1922 1048 τῶν
1967 987 2102 1078 τοί·-

174 1115 327 1178 χων.
418 1094 803 1159 ἀκόλουθον
860 1087 936 1155 δὲ
996 1098 1077 1175 τῇ
1143 1091 1669 1177 μεγαλοπρεπείᾳ
1725 1089 1933 1174 ταύτῃ
1992 1089 2102 1155 καὶ
2139 1118 2173 1166 3

174 1202 294 1265 τὸν
340 1197 418 1265 ἐν
461 1200 641 1286 αὐτῷ
688 1201 941 1281 κόσμον
977 1207 1113 1261 τῶν
1151 1196 1602 1280 ἀναθημάτων
1637 1194 1983 1281 γενέσθαι,
2022 1203 2102 1280 τῇ

173 1328 245 1372 τε
293 1307 557 1391 δαπάνῃ
601 1306 998 1389 θαυμαστὸν
1051 1301 1162 1368 καὶ
1213 1312 1295 1387 τῇ
1350 1308 1735 1392 χειρουργίᾳ
1785 1314 2106 1391 περιττῶς

177 1411 635 1499 εἰργασμένον.
725 1412 842 1488 τὰς
886 1400 1009 1495 μὲν
1056 1401 1181 1474 οὖν
1228 1411 1582 1495 οἰκοδομὰς
1637 1409 2104 1498 διαμεμενηκέ-
2139 1439 2177 1484 4

93 1552 151 1592 10
177 1541 292 1584 ναι
346 1517 537 1602 μέχρι
588 1526 725 1581 τῶν
778 1513 1122 1601 νεωτέρων
1175 1517 1470 1600 χρόνων,
1526 1520 1645 1582 τὸν
1692 1517 1752 1583 δ’
1807 1521 2104 1606 ἄργυρον

77 1613 80 1616 ’
178 1622 290 1694 καὶ
329 1624 586 1706 χρυσὸν
621 1619 734 1704 καὶ
767 1622 892 1703 τὴν
930 1618 1017 1684 δι’
1066 1618 1426 1703 ἐλέφαντος
1460 1621 1571 1686 καὶ
1607 1627 1865 1702 λιθείας
1901 1630 2105 1690 πολυ-

180 1727 443 1793 τέλειαν
516 1726 648 1789 ὑπὸ
712 1730 997 1812 Περσῶν
1070 1730 1484 1809 σεσυλῆσθαι
1550 1725 1705 1790 καθ’
1779 1728 1897 1805 οὓς
1969 1753 2108 1794 και-

186 1834 351 1917 ροὺς
405 1828 724 1917 ἐνέπρησε
777 1832 859 1896 τὰ
911 1829 1053 1897 κατ’
1106 1837 1456 1916 Αἴγυπτον
1522 1832 1666 1917 ἱερὰ
1718 1834 2108 1918 Καμβύσης·

184 1940 295 2005 ὅτε
344 1939 431 2022 δή
476 1953 645 2023 φασι
687 1941 844 2016 τοὺς
891 1938 1158 2025 Πέρσας
1202 1942 1714 2023 μετενεγκόντας
1756 1940 1883 2023 τὴν
1920 1939 2112 2004 εὐπο-

99 2080 156 2121 15
186 2052 341 2133 ρίαν
394 2046 646 2130 ταύτην
699 2048 793 2124 εἰς
836 2049 959 2131 τὴν
1007 2045 1235 2112 Ἀσίαν
1280 2046 1394 2113 καὶ
1450 2050 1746 2133 τεχνίτας
1791 2047 1857 2126 ἐξ
1903 2048 2112 2130 Αίγύ-

184 2175 355 2219 πτου
401 2156 905 2240 παραλαβόντας
949 2155 1438 2220 κατασκευάσαι
1473 2156 1556 2220 τὰ
1591 2158 1952 2241 περιβόητα
1998 2158 2113 2237 βα-

188 2264 401 2326 σίλεια
446 2260 528 2325 τά
572 2282 643 2325 τε
690 2259 763 2324 ἐν
811 2263 1228 2346 Περσεπόλει
1272 2259 1385 2326 καὶ
1429 2263 1511 2325 τὰ
1556 2260 1630 2326 ἐν
1666 2263 1961 2338 Σούσοις
2004 2260 2115 2326 καὶ

80 2403 152 2452 56
188 2369 270 2432 τὰ
315 2367 389 2433 ἐν
434 2367 689 2452 Μηδία.
778 2376 1061 2431 τοσοῦτο
1120 2362 1194 2431 δὲ
1252 2372 1515 2450 πλῆθος
1557 2368 1911 2453 χρημάτων
1957 2367 2114 2433 ἀπο·
2152 2390 2185 2440 5

191 2476 514 2557 φαίνουσι
557 2470 907 2557 γεγονέναι
960 2474 1109 2538 τότε
1163 2470 1306 2539 κατ’
1360 2478 1706 2557 Αἴγυπτον
1762 2474 1926 2539 ὥστε
1980 2486 2116 2540 τῶν

109 2611 168 2653 20
193 2580 359 2643 κατὰ
402 2580 523 2663 τὴν
561 2579 842 2663 σύλησιν
889 2578 1396 2663 ἀπολειμμάτων
1435 2579 1992 2647 κατακαυθέντων
2035 2585 2116 2647 τὰ

196 2683 618 2769 συναχθέντα
678 2687 845 2751 κατὰ
916 2687 1155 2772 μικρὸν
1217 2685 1582 2773 εὑρεθῆναι
1651 2690 1933 2773 χρυσίου
1996 2686 2117 2774 μὲν

192 2795 397 2857 πλείω
441 2803 577 2856 τῶν
621 2795 1020 2874 τριακοσίων
1074 2792 1441 2878 ταλάντων,
1501 2795 1827 2881 ἀργυρίου
1881 2792 1942 2860 δ’
1995 2797 2120 2862 οὐκ

195 2898 444 2963 ἐλάττω
507 2907 644 2962 τῶν
709 2900 1054 2982 δισχιλίων
1120 2897 1232 2963 καὶ
1295 2903 1694 2985 τριακοσίων
1755 2903 2116 2968 ταλάντων.

196 2997 371 3068 εἶναι
419 3001 500 3067 δέ
531 3019 699 3086 φασι
732 3002 845 3068 καὶ
878 3004 1135 3087 τάφους
1172 3003 1466 3070 ἐνταῦθα
1501 3017 1636 3070 τῶν
1673 3006 1968 3092 ἀρχαίων
2004 3011 2119 3090 βα-
2158 3029 2190 3074 6

113 3142 169 3186 25
195 3108 441 3175 σιλέων
500 3114 931 3194 θαυμαστοὺς
992 3109 1103 3175 καὶ
1165 3122 1302 3176 τῶν
1360 3111 1926 3199 μεταγενεστέρων
1983 3122 2124 3186 τοῖς

198 3218 295 3293 είς
339 3216 424 3281 τὰ
466 3218 891 3301 παραπλήσια
936 3216 1521 3302 φιλοτιμουμένοις
1572 3218 1955 3305 ὑπερβολὴν
2001 3215 2126 3280 οὐκ

200 3323 701 3399 ἀπολείποντας.
776 3323 847 3386 oc
877 3319 1000 3407 μὲν
1036 3317 1161 3388 οὖν
1200 3324 1398 3410 ἱερεῖς
1433 3324 1506 3390 ἐκ
1541 3335 1677 3388 τῶν
1715 3323 2124 3407 ἀναγραφῶν
2164 3337 2194 3385 ’τ

200 3430 465 3512 ἔφασαν
515 3427 848 3514 εὑρίσκειν
893 3427 1054 3494 ἑπτὰ
1098 3431 1263 3516 πρὸς
1307 3441 1447 3507 τοῖς
1491 3426 1970 3513 τετταράκοντα
2016 3422 2128 3488 τά·-

347 3590 380 3638 2
418 3580 759 3655 θαυμαστὸν
787 3585 855 3655 D,
910 3586 1264 3656 θαυμαστῶν
1321 3578 1388 3639 ὃν
1443 3585 1507 3652 F,
1562 3581 1916 3650 θαυμαστῶν
1965 3576 2034 3633 ’ἓν
2085 3575 2131 3628 0

209 3661 282 3711 20
320 3650 783 3727 ἀπολειμμάτων]
820 3657 934 3711 τῶν
971 3656 1099 3711 add.
1138 3655 1188 3707 D
1335 3659 1402 3708 22
1441 3650 1693 3721 ἀργύρου
1732 3651 1884 3716 vulg.

314 3753 571 3797 Dtononus
600 3755 641 3796 Ι.
1780 3739 1812 3784 6

2538 3160 2563 3465 ὲμ--ἐ-μ--ἕῆ-ηψκ
