2569 4061
402 236 489 299 94
1068 232 1377 290 DIODORI
1413 232 1646 289 SICULI

396 409 532 463 τῶν
588 400 949 480 βασιλικῶν
1004 395 1116 462 καὶ
1180 398 1644 479 διοικήσοντας
1705 396 1963 462 ἅπαντα
2015 399 2097 462 τὰ
2157 400 2324 464 κατὰ

329 524 364 572 4
399 506 517 579 τὰς
561 505 737 581 ἰδίας
781 506 1086 590 μερίδας·
1161 501 1504 583 ἐπελέξατο
1550 500 1628 569 δὲ
1671 501 1784 569 καὶ
1831 504 2138 586 [τούτων]
2187 515 2323 572 τῶν

398 608 666 695 ἀνδρῶν
719 614 878 687 τοὺς
929 621 1074 688 ταῖς
1138 610 1389 696 ῥώμαις
1453 609 1893 696 διαφέροντας
1953 608 2067 676 καὶ
2129 628 2321 677 συνε-

397 720 682 800 στήσατο
737 719 1190 804 στρατόπεδον
1235 715 1425 795 ἄξιον
1478 725 1600 782 τοῦ
1645 715 1975 802 μεγέθους
2022 725 2140 801 τῆς
2186 717 2320 784 ἐπι-

395 826 624 908 βολῆς·
659 824 1030 911 κατέγραφε
1056 825 1190 908 γὰρ
1222 827 1437 903 πεζῶν
1464 818 1588 906 μὲν
1624 822 1939 907 ἑξήκοντα
1968 824 2318 911 μυριάδας,
2346 842 2375 882 5

398 930 614 1007 ἱππεῖς
657 928 736 996 δὲ
780 933 1178 1017 δισμυρίους
1218 928 1333 996 καὶ
1376 933 1957 1017 τετρακισχιλίους,
2007 932 2199 1015 ζεύγη
2244 928 2319 996 δὲ

325 1054 356 1103 5
393 1040 868 1122 πολεμιστήρια
942 1039 1260 1124 δισμύρια
1323 1036 1434 1103 καὶ
1507 1035 1972 1122 ἑπτακισχίλια.
2063 1035 2171 1102 ἐπὶ
2244 1035 2319 1102 δὲ

392 1146 510 1220 τὰς
571 1145 736 1209 κατὰ
789 1142 989 1227 μέρος
1049 1143 1409 1229 ἡγεμονίας
1464 1155 1600 1210 τῶν
1663 1153 2082 1226 στρατιωτῶν
2134 1142 2317 1222 ἔταξε

392 1253 551 1326 τοὺς
596 1253 1048 1335 συντρόφους,
1097 1249 1550 1335 ἐνηθληκότας
1593 1247 1716 1335 μὲν
1765 1251 1896 1333 ἤδη
1940 1260 2081 1328 τοῖς
2123 1249 2316 1316 πολέ·

393 1380 572 1440 μοις,
620 1356 861 1442 ἀρετὴν
907 1351 969 1422 δ’
1021 1356 1423 1441 ἐζηλωκότας
1468 1357 1541 1423 ἐκ
1584 1358 1874 1440 παίδων,
1921 1357 2195 1423 εὔνοιαν
2241 1353 2315 1422 δὲ
2344 1377 2397 1418 10

394 1461 763 1547 ἀδελφικὴν
817 1465 1088 1546 ἔχοντας
1139 1465 1307 1547 πρός
1359 1486 1431 1529 τε
1484 1465 1609 1529 τὸν
1657 1461 1933 1547 βασιλέα
1986 1460 2097 1528 καὶ
2148 1464 2314 1546 πρὸς

393 1568 749 1653 ἀλλήλους,
805 1572 1003 1647 ὄντας
1052 1572 1173 1636 τὸν
1227 1570 1523 1655 ἄρνθμὸν
1578 1573 1849 1647 πλείους
1892 1580 2029 1636 τῶν
2081 1572 2314 1654 χιλίων

322 1694 353 1742 6
390 1675 501 1741 καὶ
547 1674 971 1743 ἑπτακοσίων.
1062 1686 1224 1742 πᾶσι
1270 1674 1346 1741 δὲ
1388 1687 1531 1754 τοῖς
1583 1675 2087 1764 προειρημένοις
2129 1699 2313 1742 κατε-

389 1782 803 1867 κληρούχησε
856 1783 980 1865 τὴν
1033 1781 1313 1867 ἀρίστην
1365 1790 1482 1865 τῆς
1525 1782 1773 1868 χώρας,
1822 1782 2000 1859 ὅπως
2051 1784 2312 1868 ἔχοντες

391 1890 620 1965 ἱκανὰς
665 1889 1043 1973 προσόδους
1077 1886 1187 1953 καὶ
1233 1889 1518 1972 μηδενὸς
1554 1887 1802 1966 ἐνδεεῖς
1837 1890 2025 1967 ὄντες
2061 1888 2310 1955 ἀσκῶσι
2339 1910 2391 1951 15

282 1993 369 2059 55
387 1997 468 2060 τὰ
512 1994 664 2082 περὶ
717 1998 876 2074 τοὺς
918 1994 1263 2081 πολέμους.
1356 1997 1850 2075 κατασκευάσας
1905 1994 1981 2063 δὲ
2024 1998 2149 2082 τὴν
2195 1998 2310 2063 δύ-

387 2126 592 2189 ναμιν
626 2102 1058 2190 ἐστράτευσεν
1104 2101 1211 2169 ἐπὶ
1245 2104 1553 2190 πρώτους
1576 2107 1915 2182 Αἰθίοπας
1951 2107 2110 2182 τοὺς
2143 2105 2309 2191 πρὸς

384 2219 463 2296 τῇ
548 2214 922 2298 μεσημβρίᾳ
992 2220 1497 2295 κατοικοῦντας,
1579 2211 1692 2277 καὶ
1769 2215 2309 2298 καταπολεμήσας

385 2317 719 2401 ἠνάγκασε
754 2320 829 2382 τὸ
867 2320 1070 2393 ἔθνος
1105 2321 1364 2403 φόρους
1388 2322 1604 2383 τελεῖν
1640 2320 1877 2401 ἔβενον
1907 2316 2018 2383 καὶ
2053 2320 2306 2404 χρυσὸν

315 2441 346 2488 2
385 2421 496 2488 καὶ
549 2433 685 2488 τῶν
740 2423 1122 2507 ἐλεφάντων
1176 2426 1334 2498 τοὺς
1388 2422 1683 2499 ὀδόντας.
1774 2422 1970 2490 ἔπειτ’
2025 2428 2122 2502 εἰς
2183 2422 2306 2510 μὲν
2333 2444 2388 2485 20

382 2527 506 2610 τὴν
572 2526 912 2614 Ἐρυθρὰν
982 2529 1325 2593 θάλατταν
1397 2525 1735 2594 ἀπέστειλε
1817 2532 2059 2595 στόλον
2131 2543 2306 2596 νεῶν

381 2637 854 2720 τετρακοσίων,
909 2644 1168 2719 πρῶτος
1220 2644 1358 2701 τῶν
1412 2634 1749 2720 ἐγχωρίων
1803 2636 2021 2720 μακρά
2078 2637 2307 2722 σκάφη

380 2741 996 2825 ναυπηγησάμενος,
1042 2739 1153 2806 καὶ
1193 2742 1309 2819 τάς
1352 2765 1422 2807 τε
1458 2744 1708 2825 νήσους
1749 2742 1867 2818 τὰς
1901 2741 1977 2806 ἐν
2020 2752 2160 2820 τοῖς
2195 2746 2303 2808 τό-

379 2869 530 2924 ποις
574 2850 1012 2931 κατεκτήσατο
1059 2845 1170 2914 nal
1223 2857 1339 2933 τῆς
1383 2849 1661 2934 ἠπείρου
1707 2850 1789 2914 τὰ
1833 2850 2011 2935 παρὰ
2053 2850 2301 2916 θάλατ-

378 2977 501 3021 ταν
565 2954 731 3042 μέρη
785 2954 1267 3042 κατεστρέψατο
1324 2953 1514 3042 μέχρι
1567 2964 1691 3039 τῆς.
1726 2953 2035 3040 Ἰνδικῆς·
2100 2958 2301 3036 αὐτὸς
2327 2977 2382 3018 25

380 3059 454 3129 δὲ
500 3064 661 3149 μετὰ
706 3070 821 3146 τῆς
867 3063 1212 3147 δυνάμεως
1255 3066 1414 3148 πεζῇ
1459 3063 1581 3147 τὴν
1627 3066 1907 3149 πορείαν
1941 3066 2300 3150 ποιησάμε-

377 3292 491 3344 τῶν
529 3294 629 3347 aut
661 3291 773 3346 τῶν
810 3290 968 3349 Eioh.
1044 3297 1076 3346 2
1113 3285 1330 3346 τούτων
1365 3291 1493 3347 inel.
1525 3291 1748 3346 Bekker
1818 3298 1854 3346 4
1891 3288 2266 3363 συνεστήσατο

376 3358 440 3413 τὸ
478 3361 605 3417 add.
645 3360 694 3415 D
793 3370 826 3417 8
865 3361 1027 3429 ἔταξε
1066 3362 1177 3417 τῶν
1217 3364 1568 3431 στρατιωτῶν
1604 3362 1757 3433 vulg.
1859 3369 1891 3418 9
1929 3362 2194 3436 πολέμοις
2281 3407 2296 3431 ,

375 3433 665 3513 πολεμίοις
692 3433 866 3489 ceteri
941 3441 1008 3489 14
1036 3429 1271 3504 ἀρίστην
1300 3435 1400 3504 τῆς
1426 3430 1634 3507 χώρας]
1665 3435 1960 3505 καλλίστην
1989 3433 2178 3524 κόραν
2209 3436 2296 3491 ΟΕ

379 3500 444 3549 18
482 3517 586 3564 την
623 3504 973 3574 μεσημβρίαν
1011 3505 1074 3559 F
1141 3510 1209 3560 26
1247 3507 1456 3576 πυρίαν
1486 3508 1783 3578 ὃιασυρίας
1808 3524 2190 3578 ποιησαμενος
2225 3507 2293 3562 D.
