2569 4061
365 302 500 369 364
1033 300 1342 358 DIODORI
1379 300 1613 358 SICULI

363 461 423 532 δ’
453 464 560 532 ἐπὶ
595 466 721 549 τὴν
747 465 1058 550 κορυφὴν
1084 472 1207 530 τοῦ
1232 461 1587 541 ’Ἄτλαντος
1613 465 1814 550 ὄρους
1842 464 2307 548 ἀναβαίνοντα

362 570 474 638 καὶ
516 572 636 647 τὰς
677 579 813 635 τῶν
859 570 1123 657 ἄστρων
1158 572 1645 655 παρατηρήσεις
1679 570 2084 654 ποιούμενον
2123 569 2305 650 ἐξαί-

364 700 539 762 φνης
584 676 714 742 ὑπὸ
759 678 1156 762 πνευμάτων
1192 675 1700 761 συναρπαγέντα
1735 676 2042 760 μεγάλων
2077 677 2304 760 ἄφαν-

362 806 484 849 τον
536 780 885 866 γενέσθαι·
940 783 1052 848 διὰ
1108 777 1182 848 δὲ
1235 782 1361 865 τὴν
1407 781 1650 866 ἀρετὴν
1694 782 1905 847 αὐτοῦ
1948 784 2024 846 τὸ
2070 784 2304 861 πάθος

363 889 444 954 τὰ
480 892 708 974 πλήθη
746 888 1107 973 ἐλεήσαντα
1142 889 1335 972 τιμὰς
1372 887 1756 966 ἀθανάτους
1792 887 2147 973 ἀπονεῖμαι
2182 887 2303 953 καὶ
2331 906 2365 948 5

365 996 485 1061 τὸν
551 993 1077 1080 ἐπιφανέστατον
1138 1004 1274 1059 τῶν
1337 994 1503 1059 κατὰ
1564 996 1684 1060 τὸν
1749 994 2044 1079 οὐρανὸν
2107 993 2300 1060 ἀστέ·

302 1122 339 1170 4
376 1126 516 1188 ρων
563 1102 931 1187 ὁμωνύμως
978 1099 1207 1187 ἐκείνῳ
1261 1108 1816 1186 προσαγορεῦσαι.
1895 1099 2184 1187 ὑπάρξαι
2227 1097 2293 1164 δ’

347 1205 668 1293 ’Ἀτλαντιζ
711 1204 822 1271 καὶ
865 1202 1245 1291 θυγατέρας
1292 1202 1484 1289 ἑπτά,
1539 1207 1656 1283 τὰς
1698 1216 1940 1283 κοινῶς
1986 1203 2110 1291 μὲν
2158 1207 2297 1272 ἀπὸ

365 1322 486 1378 τοῦ
522 1312 769 1397 πατρὸς
804 1308 1220 1395 καλουμένας
1249 1308 1692 1395 Ἀτλαντίδας,
1734 1314 1875 1399 ἰδία
1912 1310 1975 1378 δ’
2014 1311 2300 1396 ἑκάστην

365 1416 861 1503 ὀνομαζομένην
896 1421 1154 1500 Μαῖαν,
1194 1414 1582 1503 Ἠλέκτραν,
1638 1416 2000 1503 Ταϋγέτην,
2047 1420 2297 1505 Στερό-
2327 1439 2386 1478 10

363 1544 523 1607 πην,
568 1526 925 1610 Μερόπην,
963 1521 1356 1608 Ἀλκυόνην,
1402 1523 1516 1591 καὶ
1548 1527 1932 1590 τελευταίαν
1969 1525 2295 1593 Κελαινώ.

363 1630 609 1708 ταύτας
664 1627 740 1696 δὲ
795 1632 1094 1716 μιγείσας
1146 1640 1288 1707 τοῖς
1334 1630 1881 1715 ἐπιφανεστάτοις
1925 1631 2141 1718 ἥρωσι
2182 1631 2299 1698 καὶ

363 1743 553 1815 θεοῖς
608 1737 941 1823 ἀρχηγοὺς
992 1745 1397 1820 καταστῆναι
1450 1746 1572 1803 τοῦ
1632 1739 1999 1820 [πλείστου]
2056 1736 2298 1821 γένους

364 1854 500 1910 τῶν
537 1845 941 1931 ἀνθρώπων,
979 1843 1300 1919 τεκούσας
1335 1846 1494 1919 τοὺς
1531 1840 1620 1908 δι’
1665 1844 1908 1931 ἀρετὴν
1943 1847 2148 1920 θεοὺς
2180 1842 2295 1908 καὶ

365 1951 588 2038 ἥρωας
633 1947 1156 2036 ὀνομασθέντας,
1206 1940 1356 2014 οἷον
1399 1949 1524 2033 τὴν
1560 1952 2021 2036 πρεσβυτάτην
2055 1953 2293 2015 Μαῖαν
2322 1968 2377 2008 15

368 2056 491 2123 Διὶ
519 2067 826 2144 μιγεῖσαν
853 2054 1104 2142 Ἑρμῆν
1130 2065 1478 2139 τεκνῶσαι,
1507 2061 1778 2121 πολλῶν
1805 2057 2083 2144 εὑρετὴν
2107 2060 2296 2141 γενό-

365 2186 572 2247 μενον
634 2172 775 2239 τοῖς
839 2162 1255 2248 ἀνθρώποις·
1328 2165 1807 2249 παραπλησίως
1871 2159 1947 2228 δὲ
2008 2162 2121 2229 καὶ
2182 2166 2299 2243 τὰς

365 2271 569 2347 ἄλλοις
623 2266 1048 2346 Ἀτλαντίδας
1099 2276 1418 2353 γεννῆσαι
1470 2270 1713 2346 παῖδας
1767 2267 2143 2354 ἐπιφανεῖς,
2200 2266 2297 2337 ὧν

364 2367 546 2453 τοὺς
568 2372 691 2461 μὲν
737 2375 988 2460 ἐθνῶν,
1031 2379 1190 2452 τοὺς
1237 2371 1312 2440 δὲ
1355 2377 1619 2441 πόλεων
1654 2373 1973 2458 γενέσθαι
2010 2380 2294 2455 κτίστας.

295 2498 330 2547 5
369 2482 601 2568 διόπερ
650 2480 732 2547 οὐ
778 2483 989 2566 μόνον
1033 2477 1190 2566 παρ’
1244 2479 1449 2558 ἐνίοις
1501 2492 1637 2547 τῶν
1691 2482 2072 2568 βαρβάρων,
2128 2482 2296 2549 ἀλλὰ
2324 2501 2377 2542 20

361 2584 475 2650 καὶ
518 2587 698 2671 παρὰ
740 2598 881 2664 τοῖς
919 2583 1201 2669 ’Ἕλλησι
1252 2589 1411 2663 τοὺς
1454 2590 1805 2666 πλείστους
1848 2599 1984 2653 τῶν
2031 2588 2294 2676 ἀρχαιο-

361 2691 578 2756 τάτων
604 2690 845 2777 ἡρώων
881 2692 977 2768 εἰς
1010 2693 1255 2769 ταύτας
1292 2691 1655 2784 ἀναφέρειν
1689 2696 1764 2758 τὸ
1800 2693 2011 2777 γένος.
2084 2695 2294 2783 ὑπάρ·

361 2797 469 2878 ξαι
517 2791 578 2861 δ’
630 2797 834 2874 αὐτὰς
876 2796 989 2863 καὶ
1036 2797 1396 2884 σώφρονας
1442 2800 1931 2886 διαφερόντως,
1975 2799 2088 2870 καὶ
2133 2804 2294 2886 μετὰ

362 2905 486 2989 τὴν
514 2904 830 2988 τελευτὴν
855 2914 1081 2989 τυχεῖν
1118 2904 1466 2972 ἀθανάτου
1501 2914 1694 2991 τιμῆς
1717 2905 1873 2993 παρ’
1908 2906 2295 2993 ἀνθρώποις

365 3011 530 3095 [καὶ]
575 3012 1106 3097 καθιδρυθείσας
1150 3010 1225 3077 έν
1267 3021 1361 3101 τῷ
1396 3014 1622 3100 κόσμῳ
1659 3009 1770 3078 καὶ
1804 3021 1884 3100 τῇ
1921 3024 2058 3078 τῶν
2096 3018 2291 3080 Πλει-
2318 3032 2370 3076 2⁵

362 3118 548 3185 άδων
595 3120 1012 3206 προσηγορίᾳ
1056 3121 1604 3204 περιληφθείσας.
1680 3118 2064 3204 ἐκλήθησαν
2112 3117 2186 3185 δὲ
2231 3126 2297 3187 αἱ

540 3350 576 3398 4
612 3342 702 3416 τὸ]
742 3345 909 3400 τοῦτο
947 3340 1013 3398 τὸ
1050 3342 1099 3397 D
1247 3350 1279 3399 9
1318 3345 1420 3399 τοῦ
1459 3360 1566 3400 om.
1607 3345 1654 3399 D
1777 3352 1846 3401 10
1882 3341 2203 3415 ἀστεροπὴν
2239 3348 2290 3401 Π

363 3417 430 3465 12
479 3410 890 3482 εὐφυεστάταις
932 3414 988 3468 II
1035 3417 1117 3483 (et
1161 3413 1295 3471 Eue.
1333 3432 1417 3483 pr.
1456 3430 1538 3472 ev.
1575 3414 1631 3470 ΙΙ
1668 3422 1718 3481 2,
1756 3418 1850 3486 46)
2033 3423 2098 3471 13
2136 3421 2292 3473 πλεί-

362 3496 496 3533 στου
534 3498 643 3538 om.
682 3483 778 3538 DF
927 3491 997 3540 25
1036 3484 1134 3539 καὶ
1173 3484 1281 3540 del.
1321 3484 1487 3541 Dind.
1632 3484 1888 3542 πλιάδων
1924 3487 1975 3541 D
2121 3495 2192 3543 26
2230 3487 2294 3543 αἱ

357 3546 488 3601 add.
524 3549 749 3607 Reiske.
