2569 4061
397 324 533 391 4Ίο
1066 323 1375 380 DIODORI
1412 320 1644 380 SICULI

396 488 904 571 ἐγκαταστῆσαι,
949 488 1117 574 πρὸς
1163 484 1237 552 δὲ
1283 488 1543 565 τούτοις
1587 494 1927 572 χρυσῶσαι
1972 487 2047 549 τὸ
2106 482 2335 570 δέρος,

396 595 508 658 ἵνα
557 594 667 658 διὰ
713 593 836 676 τὴν
883 591 1280 678 ἐπιφάνειαν
1337 592 1467 658 ὑπὸ
1521 603 1657 658 τῶν
1714 601 2130 678 στρατιωτῶν
2186 589 2335 657 ἐπι-

394 699 792 783 μελεστάτης
848 698 1104 785 ἀξιωθῇ
1170 704 1490 783 φυλακῆς.
1580 707 1786 763 ταῦτα
1848 693 1971 781 μὲν
2033 691 2161 763 οὖν
2226 696 2336 777 ἐξ-

395 802 578 871 έσται
624 808 782 884 τοὺς
827 805 1407 889 ἀναγινώσκοντας
1452 806 1709 888 κρίνειν
1754 805 1920 889 πρὸς
1971 805 2091 880 τὰς
2147 804 2333 881 ἰδίας

394 909 675 979 ἑκάστου
718 911 1150 1000 προαιρέσεις.
1855 937 1860 940 “
2363 928 2395 970 ⁵

284 1023 372 1088 48
583 1020 720 1101 Τὴν
768 1015 841 1085 δὲ
878 1021 1191 1102 Μήδειαν
1238 1019 1578 1103 ίστοροῦσι
1615 1018 2135 1100 καθηγήσασθαι
2179 1026 2327 1095 τοῖς

385 1120 858 1210 Ἀργοναύταις
913 1125 1080 1210 πρὸς
1132 1125 1207 1189 τὸ
1271 1133 1395 1190 τοῦ
1430 1122 1665 1209 ’Ἀρεος
1717 1121 2017 1206 τέμενος,
2074 1119 2326 1207 ἀπέχον

394 1227 845 1314 ἑβδομήκοντα
901 1232 1216 1307 σταδίους
1272 1229 1401 1297 ἀπὸ
1455 1239 1570 1314 τῆς
1623 1232 1907 1311 πόλεως,
1963 1228 2050 1311 ἣν
2103 1234 2323 1294 καλεῖ-

392 1339 556 1398 σθαι
601 1331 724 1418 μὲν
770 1336 1098 1423 Σύβαριν,
1146 1338 1322 1421 ἔχειν
1370 1332 1443 1402 δὲ
1489 1336 1569 1401 τὰ
1613 1337 1916 1418 βασίλεια
1961 1345 2097 1400 τῶν
2145 1338 2320 1400 Κόλ-

389 1462 545 1523 χων.
634 1446 1150 1527 προσελθοῦσαν
1217 1440 1293 1509 δὲ
1355 1454 1497 1520 ταῖς
1569 1443 1807 1518 πύλαις
1869 1440 2320 1526 κεκλειμέναις
2353 1460 2412 1500 10

388 1546 630 1623 νυκτὸς
693 1556 771 1633 τῇ
846 1551 1138 1634 Ταυρικῇ
1214 1547 1530 1638 διαλέκτῳ
1604 1556 2091 1633 προσφωνῆσαι
2162 1553 2320 1627 τοὺς

318 1677 350 1726 2
391 1655 752 1739 φρουρούς.
833 1666 968 1720 τῶν
1016 1652 1089 1722 δὲ
1137 1665 1553 1741 στρατιωτῶν
1601 1653 2011 1732 ἀνοιξάντων
2057 1657 2316 1742 προθύ·

388 1784 528 1844 μως
573 1761 664 1839 ὡς
709 1760 793 1826 ἂν
837 1761 1160 1845 βασιλέως
1203 1764 1515 1849 θυγατρί,
1562 1759 1730 1847 φασὶ
1774 1764 1931 1837 τοὺς
1960 1756 2319 1847 Ἀργοναύ-

386 1890 502 1943 τας
557 1870 981 1945 εἰσπεσόντας
1045 1866 1482 1953 ἐσπασμένοις
1542 1878 1680 1944 τοῐς
1744 1866 1966 1953 ξίφεσι
2027 1872 2317 1945 πολλοὺς

390 1968 514 2058 μὲν
562 1982 888 2058 φονεῦσαι
944 1984 1077 2040 τῶν
1133 1975 1524 2060 βαρβάρων,
1570 1974 1728 2051 τοὺς
1785 1971 1848 2039 δ’
1903 1975 2137 2050 ἄλλους
2192 1974 2311 2040 διὰ
2340 1996 2403 2038 15

386 2081 462 2145 τὸ
525 2080 902 2166 παράδοξον
974 2080 1596 2166 καταπληξαμένους
1669 2080 1974 2164 ἐκβαλεῖν
2047 2080 2118 2147 ἐκ
2189 2090 2314 2147 τοῦ

385 2183 721 2270 τεμένους,
767 2187 876 2253 καὶ
921 2190 994 2253 τὸ
1044 2186 1237 2275 δέρος
1283 2188 1737 2274 ἀναλαβόντας
1772 2190 1938 2275 πρὸς
1973 2190 2098 2273 τὴν
2138 2198 2313 2254 ναῦν

313 2318 346 2366 3
386 2289 770 2375 ἐπείγεσθαι
815 2296 979 2360 κατὰ
1025 2296 1347 2379 σπουδήν.
1411 2297 1882 2381 παραπλησίως
1930 2291 2005 2360 δὲ
2049 2295 2313 2373 τούτοις

381 2397 493 2463 καὶ
528 2400 651 2483 τὴν
680 2403 992 2486 Μήδειαν
1029 2400 1102 2467 έν
1139 2410 1229 2488 τῷ
1266 2399 1522 2486 τεμένει
1556 2404 1675 2468 τὸν
1713 2402 2311 2486 μυθολογούμενον

380 2505 644 2573 ἄυπνον
706 2509 1037 2594 δράκοντα
1090 2507 1720 2594 περιεσπειραμένον
1782 2509 1857 2573 τὸ
1923 2506 2119 2594 δέρος
2172 2521 2312 2587 τοῖς
2337 2530 2394 2570 20

382 2613 755 2696 φαρμάκοις
811 2614 1223 2696 ἀποκτεῖναι,
1289 2613 1399 2679 καὶ
1454 2616 1616 2699 μετὰ
1668 2612 1961 2691 Ἰάσονος
2023 2615 2148 2698 τὴν
2203 2614 2309 2680 ἐπὶ

311 2742 346 2790 4
383 2716 720 2782 θάλατταν
765 2721 1130 2803 κατάβασιν
1166 2724 1595 2803 ποιήσασθαι.
1655 2732 1790 2788 τῶν
1828 2717 1903 2786 δὲ
1940 2723 2308 2805 διαφυγόν-

378 2845 513 2887 των
568 2824 848 2908 Ταύρων
894 2824 1438 2908 ἀπαγγειλάντων
1482 2835 1575 2917 τῷ
1633 2831 1897 2912 βασιλεῖ
1945 2828 2069 2911 τὴν
2121 2852 2306 2912 γενο·

379 2928 588 3016 μένην
649 2930 982 3016 ἐπίθεσιν,
1039 2931 1207 3017 φασὶ
1260 2935 1380 2999 τὸν
1435 2936 1694 3019 Αἰήτην
1749 2936 1909 3020 μετὰ
1931 2986 1940 2993 2
1962 2945 2098 3001 τῶν
2153 2935 2306 3021 περὶ

378 3038 597 3104 αὐτὸν·
648 3050 1067 3126 στρατιωτῶν
1133 3041 1461 3121 διώξαντα
1524 3045 1682 3118 τοὺς
1723 3039 2048 3125 Ἕλληνας
2109 3066 2304 3108 κατα·
2331 3062 2386 3103 25

377 3147 608 3228 λαβεῖν
654 3150 937 3231 πλησίον
1000 3156 1117 3232 τῆς
1169 3148 1522 3233 θαλάττης·
1589 3147 1656 3226 ἐξ
1705 3147 1960 3232 ἐφόδου
2015 3145 2090 3214 δὲ
2144 3166 2305 3215 συν-

376 3249 640 3325 άψαντα
694 3252 910 3336 μάχην
965 3252 1227 3318 ἀνελεῖν
1283 3252 1401 3318 ἕνα
1459 3263 1594 3318 τῶν
1632 3249 2095 3340 Ἀργοναυτῶν
2132 3253 2302 3339 Ἴφι-

516 3443 549 3490 5
589 3434 863 3501 ἑκάστους
891 3442 992 3494 aut
1021 3440 1262 3497 ἕκαστον
1291 3442 1548 3498 Hertlein
1576 3444 1668 3511 (cf.
1692 3443 1772 3497 ΙΙΙ
1797 3451 1879 3511 16,
1900 3449 1957 3515 3)
2061 3452 2125 3500 11
2164 3442 2299 3508 τούς
2370 3476 2376 3482 ·

374 3506 663 3571 φρουρούς
700 3508 953 3563 Hertlein
993 3513 1061 3578 (ο.
1101 3517 1188 3580 48,
1229 3519 1301 3581 7),
1339 3520 1456 3576 τοῖς
1493 3517 1807 3582 φρουροῦσι
1843 3515 1922 3584 11,
1968 3521 2085 3578 τοῖς
2122 3534 2296 3585 φρου-

369 3576 491 3634 ροῖς
527 3573 576 3625 D
722 3583 791 3631 20
827 3584 944 3640 τοῖς
979 3594 1090 3635 om.
1127 3581 1283 3651 vulg.
2533 3630 2534 3675 ¹
