2569 4061
0 85 2569 130 ——ss

464 340 598 403 444
1130 338 1435 394 DIODORI
1475 338 1709 394 SICULI

464 508 641 587 μεθα
695 513 836 578 τοῖς
889 502 1187 586 ῥηθεῖσι,
1241 501 1395 587 περὶ
1450 500 1510 566 δ’
1556 500 1962 587 Ἡρακλέους
2014 504 2097 568 τὰ
2142 513 2390 589 συνεχῆ

358 611 438 675 31
463 620 602 686 τοῖς
646 607 1154 696 προειρημένοις
1197 610 1691 694 προσθήσομεν.
1762 606 2030 686 τελέσας
2068 610 2194 692 γὰρ
2232 612 2393 686 τοὺς

464 716 720 792 ἄθλους
754 715 879 798 τὴν
917 712 1040 799 μὲν
1077 713 1318 780 ἑαυτοῦ
1347 725 1631 796 γυναῖκα
1658 715 1986 800 Μεγάραν
2016 716 2393 803 συνῴκισεν

457 815 716 910 Ἰολάῳ,
765 823 876 886 διὰ
920 822 1046 904 τὴν
1089 818 1240 907 περὶ
1283 822 1365 885 τὰ
1410 819 1609 885 τέκνα
1655 823 2015 906 συμφορὰν
2060 822 2390 887 ὑποπτευ-

464 928 750 1012 σάμενος
785 928 907 1010 τὴν
945 926 1011 1005 ἐξ
1040 926 1295 1010 ἐκείνης
1320 928 1777 1009 παιδοποιίαν,
1818 925 2050 1013 ἑτέραν
2085 922 2147 991 δ’
2181 927 2391 1011 ἐζήτει
2420 945 2448 985 5

462 1036 628 1120 πρὸς
653 1032 907 1099 τέκνων
936 1032 1199 1115 γένεσιν
1229 1032 1635 1099 ἀνύποπτον.
1684 1035 1916 1120 διόπερ
1945 1033 2392 1116 ἐμνήστευσεν

455 1135 669 1224 Ἰόλην
724 1142 847 1224 τὴν
891 1140 1205 1227 Εὐρύτου
1260 1148 1384 1204 τοῦ
1432 1141 2002 1216 δυναστεύσαντος
2050 1140 2389 1221 Οἰχαλίας.

388 1267 420 1314 2
461 1245 498 1310 6
558 1244 617 1309 δ’
672 1245 976 1330 Εὔρυτος
1033 1246 1144 1310 διὰ
1198 1245 1323 1327 τὴν
1379 1244 1453 1310 ἐκ
1495 1255 1611 1329 τῆς
1655 1246 1974 1330 Μεγάρας
2020 1242 2392 1327 γενομένην

461 1350 738 1435 ἀτυχίαν
801 1351 1230 1434 εὐλαβηθείς,
1296 1350 1625 1437 ἀπεκρίθη
1682 1352 2173 1435 βουλεύσεσθαι
2236 1349 2387 1436 περὶ

364 1488 372 1495 ·
458 1464 580 1520 τοῦ
624 1456 861 1540 γάμου.
946 1456 982 1522 6
1030 1454 1092 1522 δ’
1147 1456 1499 1541 ἀποτυχὼν
1546 1465 1660 1541 τῆς
1705 1460 2060 1541 μνηστείας
2108 1458 2221 1521 διὰ
2263 1459 2390 1540 τὴν
2422 1477 2476 1515 10

391 1582 424 1630 3
463 1561 729 1646 ἀτιμίαν
786 1562 1059 1648 ἐξήλασε
1104 1565 1221 1641 τὰς
1266 1564 1509 1640 ἵππους
1553 1572 1676 1628 τοῦ
1719 1563 2052 1649 Εὐρύτου.
2137 1560 2390 1649 Ἰφίτου

463 1664 537 1733 δὲ
572 1658 575 1662 ⁴
608 1678 731 1734 τοῦ
794 1670 1109 1756 Εὐρύτου
1180 1671 1255 1735 τὸ
1329 1670 1606 1752 γεγονὸς
1676 1670 2217 1747 ὑποπτεύσαντος
2278 1668 2390 1735 καὶ

460 1774 1007 1861 παραγενομένου
1073 1777 1237 1841 κατὰ
1304 1778 1570 1860 ζήτησιν
1634 1785 1768 1840 τῶν
1832 1776 2054 1841 ἵππων
2120 1778 2215 1852 εἰς
2282 1777 2389 1839 Τί-

462 1888 716 1967 ρυνθα,
780 1891 1024 1948 τοῦτον
1089 1879 1210 1966 μὲν
1273 1882 1684 1965 ἀναβιβάσας
1747 1882 1811 1963 [6
1861 1879 2218 1966 ‘Hpocukfigss
2281 1880 2396 1945 ἐπί

457 2013 606 2055 τινα
634 1989 895 2075 πύργον
922 1988 1185 2073 ὑψηλὸν
1212 1987 1558 2054 ἐκέλευσεν
1596 1988 1862 2075 ἀφορᾶν
1900 1992 1989 2073 μή
2024 2010 2153 2054 που
2190 1990 2389 2072 νεμό-
2418 2005 2471 2045 15

458 2119 652 2179 μεναι
710 2096 1185 2179 τυγχάνουσιν·
1253 2096 1337 2160 οὐ
1399 2094 1782 2179 δυναμένου
1845 2092 1918 2160 δὲ
1964 2103 2370 2177 κατανοῆσαι
2389 2116 2495 2164 276

458 2210 581 2266 τοῦ
620 2199 908 2287 Ἰφίτου,
956 2204 1175 2285 φήσας
1222 2202 1429 2267 αὐτὸν
1476 2204 1740 2280 ψευδῶς
1785 2208 2224 2287 κατῃτιᾶσθαι
2268 2203 2391 2286 τὴν

393 2328 427 2375 4
467 2309 724 2391 κλοπὴν
769 2311 1287 2394 κατεκρήμνισεν
1332 2308 1459 2373 ἀπὸ
1495 2317 1617 2373 τοῦ
1654 2308 1934 2393 πύργου.
2012 2309 2123 2373 διὰ
2163 2305 2236 2373 δὲ
2273 2309 2391 2373 τὸν

467 2414 713 2479 τούτου
777 2414 1081 2479 θάνατον
1135 2410 1466 2497 “Ηρακλῆς
1529 2415 1822 2497 νοσήσας
1884 2419 2234 2499 παρῆλθεν
2298 2415 2391 2489 εἰς

461 2521 699 2585 Πύλον
735 2521 901 2605 πρὸς
929 2519 1185 2604 Νηλέα,
1224 2517 1335 2584 καὶ
1371 2520 1818 2603 παρεκάλεσεν
1853 2519 2059 2584 αὐτὸν
2095 2526 2392 2605 καθᾶραι
2421 2555 2473 2594 20

460 2627 580 2690 τὸν
627 2628 862 2710 φόνον.
939 2626 974 2689 6
1013 2621 1136 2709 μὲν
1183 2620 1310 2689 οὐν
1348 2628 1616 2708 Νηλεὺς
1660 2626 2195 2709 βουλευσάμενος
2231 2627 2392 2709 μετὰ

461 2740 596 2794 τῶν
633 2731 803 2795 υἱῶν
833 2733 1026 2813 ἔλαβε
1054 2731 1307 2807 πάντας
1334 2733 1508 2814 πλὴν
1537 2730 1879 2816 Νέστορος
1904 2739 2027 2796 τοῦ
2053 2733 2391 2797 νεωτάτου

463 2843 1075 2916 συγκαταινοῦντας
1128 2836 1216 2919 μὴ
1271 2837 1774 2922 προσδέξασθαι
1833 2837 1950 2900 τὸν
2008 2839 2389 2922 καθαρμόν”

395 2962 428 3011 5
468 2941 504 3007 6
563 2935 621 3005 δ’
663 2937 995 3025 “Ηρακλῆς
1047 2944 1194 3007 τότε
1252 2938 1375 3026 μὲν
1419 2942 1778 3028 παρελθὼν
1823 2943 1989 3027 πρὸς
2034 2946 2392 3027 Δηίφοβον

468 3049 587 3113 τὸν
642 3044 1040 3113 Ἱππολύτου
1104 3046 1214 3113 καὶ
1278 3052 1511 3125 πείσας
1581 3048 1787 3113 αὐτὸν
1851 3048 2234 3134 ἐκαθάρθη,
2308 3049 2391 3113 οὐ
2421 3083 2472 3124 25

468 3156 841 3239 δυνάμενος
879 3152 940 3219 δ’
978 3154 1402 3239 ἀπολυθῆναι
1439 3164 1553 3238 τῆς
1597 3157 1808 3219 νόσου
1856 3153 2236 3239 ἐπηρώτησε
2274 3156 2391 3219 τὸν

457 3258 752 3325 Ἀπόλλω
801 3257 952 3345 περὶ
996 3269 1112 3343 τῆς
1155 3263 1536 3346 θεραπείας.
1613 3261 1858 3325 τούτου
1905 3257 1978 3325 δὲ
2023 3263 2393 3345 χρήσαντος

450 3365 566 3432 ,ὅτι
599 3365 769 3451 ῥᾷον
806 3366 1017 3443 οὕτως
1054 3365 1554 3450 ἀπολυθήσεται
1592 3375 1707 3450 τῆς
1741 3369 1975 3450 νόσου,
2013 3369 2078 3431 εἰ
2109 3365 2394 3452 πραθεὶς

641 3490 672 3536 2
713 3483 1030 3554 εἰρημένοις
1066 3489 1118 3541 11
1249 3494 1284 3541 4
1321 3484 1519 3558 τέκνα]
1561 3484 1817 3555 σπουδὴν
1856 3488 1983 3543 add.
2022 3486 2072 3539 D
2184 3493 2217 3541 9
2258 3489 2390 3559 βου-

459 3548 774 3606 λεύσασθαι
810 3553 860 3606 D
1027 3563 1093 3609 14
1141 3554 1171 3609 6
1203 3553 1478 3623 Ἡρακλῆς
1517 3574 1626 3611 om.
1665 3558 1759 3612 DF
1924 3565 1989 3612 15
2031 3554 2253 3627 ἐφορᾶν
2292 3557 2400 3612 CF

461 3622 531 3667 24
568 3622 835 3691 διίφοβον
872 3623 922 3676 D
1029 3631 1097 3677 25
1135 3624 1233 3679 τὸν
1271 3643 1379 3680 om.
1419 3628 1467 3680 D
1574 3634 1642 3682 28
1679 3629 1779 3695 τῆς
1814 3625 1986 3682 νόσου
2028 3646 2136 3683 om.
2176 3627 2298 3682 FM.
