2569 4061
370 301 506 365 410
1067 299 1377 356 DIODOBI
1414 300 1649 356 SICULI

374 459 812 545 διαπονηθεὶς
840 459 1104 546 ἐγένετο
1135 463 1324 549 ῥώμῃ
1360 486 1431 528 τε
1460 464 1764 547 σώματος
1789 467 1964 528 πολὺ
1993 462 2311 550 προέχων

371 579 506 633 τῶν
559 568 784 634 ἄλλων
839 567 1153 635 ἁπάντων
1208 567 1321 633 καὶ
1373 578 1592 653 ψυχῆς
1645 572 2054 656 λαμπρότητι
2118 592 2312 657 περι-

370 677 640 758 βόητος,
696 675 771 753 ὅς
818 699 895 759 γε
938 676 1064 759 τὴν
1109 675 1375 759 ἡλικίαν
1421 677 1675 760 ἔφηβος
1721 675 1819 740 ὢν
1862 687 2132 760 πρῶτον
2181 675 2310 762 μὲν

369 779 795 867 ἠλευθέρωσε
839 784 957 860 τὰς
1004 784 1259 866 Θήβας,
1319 781 1688 858 ἀποδιδοὺς
1735 782 1824 858 ὡς
1867 784 2142 867 πατρίδι
2186 786 2312 861 τὰς

300 910 333 959 3
373 890 842 974 προσηκούσας
875 889 1163 973 χάριτας.
1237 887 1793 972 ὑποτεταγμένων
1828 889 1956 975 γὰρ
1993 898 2130 954 τῶν
2170 893 2308 974 Θη-
2336 907 2364 948 5

369 997 585 1078 βαίων
634 993 914 1083 Ἐργίνῳ
969 1002 1061 1082 τῷ
1115 997 1384 1077 βασιλεῖ
1430 1004 1566 1059 τῶν
1612 998 1928 1077 Μινυῶν,
1981 992 2095 1059 καὶ
2149 992 2294 1060 κατ’

370 1100 682 1166 ἐνιαυτὸν
728 1097 1142 1185 ὡρισμένους
1198 1101 1457 1186 φόρους
1508 1101 1909 1184 τελούντων,
1967 1100 2051 1165 οὐ
2105 1124 2307 1166 κατα-

368 1206 640 1289 πλαγεὶς
685 1207 808 1290 τὴν
844 1216 979 1270 τῶν
1017 1204 1545 1291 δεδουλωμένων
1582 1206 1922 1293 ὑπεροχὴν
1959 1206 2283 1292 ἐτόλμησε
2305 1230 2411 1280 256

370 1310 610 1398 πρᾶξιν
657 1309 1023 1377 ἐπιτελέσαι
1060 1316 1490 1399 περιβόητον·
1553 1317 1712 1391 τοὺς
1755 1315 1885 1399 γὰρ
1931 1336 2308 1400 παραγενο-

370 1416 614 1503 μένους
649 1427 786 1483 τῶν
822 1423 1116 1485 Μινυῶν
1153 1418 1261 1486 ἐπὶ
1295 1420 1421 1503 τὴν
1458 1417 1814 1502 ἀπαίτησιν
1850 1430 1986 1486 τῶν
2024 1422 2305 1505 δασμῶν
2335 1440 2388 1480 10

369 1521 480 1589 καὶ
553 1520 708 1608 μεθ’
786 1524 1047 1610 ὕβρεως
1120 1523 1722 1612 εἰσπραττομένους
1802 1525 2306 1611 ἀκρωτηριάσας

300 1651 335 1700 4
371 1628 680 1715 ἐξέβαλεν
737 1630 809 1698 ἐκ
863 1641 978 1716 τῆς
1031 1635 1303 1709 πόλεως.
1389 1629 1701 1717 Ἐργίνου
1764 1631 1825 1696 δ’
1880 1632 2305 1712 ἐξαιτοῦντος

368 1740 489 1803 τὸν
546 1744 784 1820 αἴτιον,
834 1736 1072 1824 Κρέων
1119 1738 1494 1823 βασιλεύων
1537 1749 1674 1804 τῶν
1720 1741 2058 1822 Θηβαίων,
2105 1762 2304 1804 κατα-

369 1843 642 1927 πλαγεὶς
699 1847 775 1910 τὸ
836 1845 1042 1930 βάρος
1099 1853 1215 1928 τῆς
1275 1843 1609 1928 ἐξουσίας,
1668 1843 1931 1930 ἕτοιμος
1984 1840 2070 1928 ἦν
2125 1843 2305 1910 ἐκδι-

372 1952 567 2017 δόναι
620 1953 741 2016 τὸν
796 1956 1013 2016 αἴτιον
1058 1960 1193 2015 τῶν
1240 1949 1685 2036 ἐγκλημάτων.
1778 1951 1814 2017 ὁ
1863 1947 1925 2016 δ’
1969 1948 2305 2038 Ἡρακλῆς
2335 1971 2387 2013 15

369 2061 602 2134 πείσας
672 2060 832 2134 τοὺς
902 2055 1254 2139 ἡλικιώτας
1319 2056 1728 2143 ἐλευθεροῦν
1792 2059 1917 2141 τὴν
1989 2061 2303 2144 πατρίδα,

368 2163 779 2230 κατέσπασεν
832 2163 905 2229 ἐκ
959 2174 1094 2230 τῶν
1139 2174 1326 2229 ναῶν
1370 2163 1487 2241 τάς
1530 2162 2050 2249 προσηλωμένας
2094 2186 2304 2230 πανο-

369 2273 594 2354 πλίας,
643 2270 721 2347 ἃς
767 2270 840 2335 oc
877 2271 1202 2355 πρόγονοι
1248 2274 1461 2335 σκῦλα
1503 2279 1644 2346 τοῖς
1688 2275 1878 2347 θεοῖς
1920 2266 2095 2354 ἦσαν
2140 2271 2306 2338 ἀνα-

369 2380 767 2454 τεθεικότες·
815 2376 899 2441 οὐ
943 2377 1070 2459 γὰρ
1116 2372 1204 2460 ἧν
1249 2377 1474 2464 εὑρεῖν
1517 2377 1683 2441 κατὰ
1718 2376 1843 2459 τὴν
1879 2380 2078 2444 πόλιν
2118 2380 2305 2445 ἰδιω-

370 2486 558 2550 τικὸν
605 2485 814 2550 ὅπλον
861 2483 973 2548 διά
1017 2484 1092 2548 τὸ
1138 2486 1298 2560 τοὺς
1334 2482 1605 2559 Μινύας
1640 2482 2136 2569 παρωπλικέναι
2172 2487 2303 2569 τὴν
2332 2504 2387 2544 20

369 2591 589 2671 πόλιν,
628 2589 742 2653 ’ἵνα
779 2589 1112 2672 μηδεμίαν
1150 2589 1584 2672 λαμβάνωσιν
1623 2589 1696 2653 οἰ
1726 2590 1891 2654 κατὰ
1924 2591 2043 2667 τὰς
2072 2593 2306 2675 Θήβας

300 2714 333 2764 5
371 2694 796 2770 ἀποστάσεως
867 2694 1159 2758 ἔννοιαν.
1264 2693 1301 2759 ὀ
1374 2692 1437 2760 δ’
1509 2692 1840 2781 Ἡρακλῆς
1910 2700 2306 2782 πυθόμενος

363 2795 670 2887 Ἐργῖνον
724 2801 844 2864 τὸν
902 2797 1180 2882 βασιλέα
1239 2810 1376 2865 τῶν
1434 2804 1727 2867 Μινυῶν
1788 2804 2154 2889 προσάγειν
2218 2813 2302 2891 τῇ

369 2910 558 2973 πόλει
605 2906 765 2992 μετὰ
812 2915 1255 2992 στρατιωτῶν,
1305 2904 1685 2991 ἀπαντήσας
1730 2906 1909 2996 αὐτῷ
1945 2910 2112 2974 κατά
2146 2932 2304 2976 τινα

371 3014 848 3101 στενοχωρίαν,
921 3010 1033 3078 καὶ
1094 3013 1168 3077 τὸ
1234 3010 1521 3098 μέγεθος
1583 3021 1701 3097 τῆς
1762 3024 1897 3080 τῶν
1959 3020 2301 3100 πολεμίων
2330 3033 2383 3075 25

372 3123 715 3207 δυνάμεως
760 3122 1093 3207 ἄχρηστον
1126 3121 1430 3203 ποιήσας,
1477 3119 1685 3184 αὐτόν
1718 3143 1789 3186 τε
1805 3179 1808 3182 .
1824 3122 1945 3186 τὸν
1984 3119 2301 3209 Ἐργῖνον

370 3225 588 3291 ἀνεῖλε
642 3223 753 3291 καὶ
808 3228 966 3302 τοὺς
1020 3219 1159 3310 μετ’
1221 3225 1431 3291 αὐτοῦ
1487 3226 1728 3309 σχεδὸν
1786 3226 2082 3306 ἅπαντας
2141 3228 2301 3295 ἀπέ-

549 3420 580 3467 6
619 3415 677 3467 ef.
713 3419 780 3467 23
822 3411 1052 3483 μηνύων
1092 3414 1140 3467 D
1290 3421 1319 3469 7
1359 3412 1698 3486 τελούντων]
1737 3412 1877 3485 μεθ’
1909 3412 2127 3491 ὕβρεως
2163 3421 2297 3477 add.

369 3480 618 3549 codiceS,
657 3481 767 3537 del.
806 3483 1028 3538 Bekker
1111 3489 1177 3537 10
1216 3483 1433 3553 μινύων
1472 3485 1519 3537 D
1611 3491 1671 3538 11
1714 3483 2206 3557 ἑκπραττομένους
2241 3491 2301 3545 Π

370 3550 435 3595 13
477 3549 768 3621 Θηβαίων]
807 3553 908 3605 καὶ
944 3554 1072 3608 add.
1114 3552 1222 3607 OF
1362 3559 1427 3608 25
1467 3550 1739 3627 μέγεθος]
1777 3558 2042 3627 μέγιστον
2079 3560 2147 3617 D.
