2569 4061
1039 319 1119 372 111
1157 324 1242 374 52.
1273 323 1359 374 53.
1864 274 1866 276 V
2031 319 2161 385 349

129 505 234 556 221
256 491 717 548 συνοικουσῶν
744 477 1368 566 προσταττομένοις·
1399 482 1486 565 μὴ
1516 482 1807 568 μετέχειν
1837 478 1900 548 δ’
1918 482 2164 558 αὐτοὺς

244 591 405 675 μήτε
443 590 785 672 στρατείας
830 581 979 672 μήτ’
1013 587 1216 672 ἀρχῆς
1261 585 1409 672 μήτ’
1445 589 1649 672 ἄλλης
1688 591 1868 667 τινὸς
1914 589 1988 655 ἐν
2024 597 2166 665 τοῖς

243 705 499 772 κοινοῖς
532 695 922 781 παρρησίας,
970 692 1036 771 έξ
1072 689 1153 777 ἧς
1189 696 1469 779 ἔμελλον
1506 694 2164 780 φρονηματισθέντες

245 800 688 885 ἐπιθήσεσθαι
752 812 896 877 ταῖς
958 800 1238 885 γυναιξί.
1333 801 1498 865 κατὰ
1562 795 1636 864 δὲ
1697 801 1815 877 τὰς
1871 800 2163 884 γενέσεις
2202 825 2233 874 3

189 930 215 970 5
243 918 377 972 τῶν
432 907 683 973 τέκνων
737 909 818 973 τὰ
872 903 995 992 μὲν
1049 906 1265 992 βρέφη
1323 908 1822 993 παραδίδοσθαι
1865 917 2005 983 τοῖς
2051 907 2165 973 ἀν-

245 1015 473 1099 δράσι,
539 1013 650 1081 καὶ
704 1014 986 1090 τούτους
1050 1012 1433 1098 διατρέφειν
1492 1013 1660 1078 αὐτὰ
1722 1014 1998 1096 γάλακτι
2054 1011 2166 1078 καὶ

244 1123 469 1198 ἄλλοις
532 1119 709 1186 τισὶν
782 1119 1112 1204 ἑψήμασιν
1176 1120 1435 1197 οἰκείως
1501 1131 1644 1197 ταῖς
1707 1131 1841 1186 τῶν
1906 1123 2166 1203 νηπίων

242 1225 555 1311 ἡλικίαις·
622 1228 685 1292 εἰ
737 1222 811 1291 δὲ
867 1226 1056 1309 τύχοι
1111 1230 1292 1308 θῆλυ
1346 1224 1710 1309 γεννηθέν,
1775 1225 2168 1291 ἐπικάεσθαι

243 1333 453 1399 αὐτοῦ
507 1336 666 1410 τοὺς
729 1332 1050 1416 μαστούς,
1106 1332 1218 1395 ’ἵνα
1281 1332 1370 1416 μὴ
1427 1335 1939 1419 μετεωρίζωνται
2001 1332 2166 1398 κατὰ

164 1462 218 1501 10
243 1443 403 1516 τοὺς
443 1447 561 1523 τῆς
607 1439 814 1523 ἀκμῆς
850 1440 1161 1522 χρόνους·
1209 1437 1531 1522 ἐμπόδιον
1568 1441 1694 1524 γὰρ
1735 1439 1816 1504 οὐ
1850 1441 1926 1505 τὸ
1961 1440 2167 1524 τυχὸν

244 1540 419 1610 εἶναι
458 1547 684 1609 δοκεῖν
728 1546 895 1630 πρὸς
930 1545 1046 1621 τὰς
1093 1547 1438 1630 στρατείας
1471 1548 1626 1621 τοὺς
1671 1544 2010 1628 ἐξέχοντας
2044 1555 2167 1611 τοῦ

249 1651 552 1734 σώματος
598 1651 912 1734 μαστούς·
962 1651 1067 1715 διὸ
1113 1649 1224 1715 καὶ
1270 1651 1529 1715 τούτων
1575 1651 1777 1727 αὐτὰς
1823 1651 2169 1735 ἀπεστερη-

248 1755 450 1840 μένας
476 1756 607 1822 ὑπὸ
636 1766 772 1822 τῶν
790 1753 1128 1840 Ἑλλήνων
1149 1753 1507 1840 Ἀμαζόνας
1532 1756 2168 1842 προσαγορεύεσθαι.

246 1867 712 1946 μυθολογοῦσι
749 1860 811 1927 δ’
846 1862 1050 1939 αὑτὰς
1094 1857 1422 1951 ᾠκηκέναι
1456 1872 1668 1946 νῆσον
1712 1863 1835 1946 τὴν
1880 1861 2010 1928 ἀπὸ
2048 1859 2170 1946 μὲν
2206 1885 2240 1933 4

166 1990 219 2032 15
246 1978 367 2036 τοῦ
421 1971 588 2057 πρὸς
645 1971 900 2055 δυσμὰς
960 1969 1283 2057 ὑπάρχειν
1340 1969 1551 2056 αὐτὴν
1587 1968 1914 2057 Ἑσπέραν
1966 1985 2170 2056 προσ-

250 2085 770 2162 αγορευθεῖσαν,
815 2077 1127 2163 κειμένην
1176 2072 1237 2142 δ’
1290 2077 1365 2143 ἐν
1418 2087 1496 2163 τῇ
1552 2078 1906 2163 Τριτωνίδι
1951 2079 2169 2162 λίμνῃ.

245 2183 495 2267 ταύτην
552 2181 626 2249 δὲ
680 2186 965 2269 πλησίον
1025 2184 1348 2271 ὑπάρχειν
1401 2193 1523 2249 τοῦ
1576 2182 1997 2268 περιέχοντος
2047 2184 2171 2267 τὴν

246 2297 375 2372 γῆν
423 2289 746 2374 ὠκεανοῦ,
793 2296 1385 2376 προσηγορεῦσθαι
1432 2285 1493 2354 δ’
1538 2290 1665 2355 ἀπό
1711 2312 1894 2366 τινος
1935 2289 2173 2374 ἐμβάλ-

247 2398 485 2473 λοντος
550 2399 646 2473 είς
708 2396 920 2480 αὐτὴν
978 2406 1280 2481 ποταμοῦ
1345 2398 1706 2481 Τρίτωνος·
1770 2402 2036 2462 κεῖσθαι
2098 2392 2172 2461 δὲ

169 2521 225 2561 20
250 2501 375 2583 τὴν
413 2503 654 2584 λίμνην
689 2503 939 2592 ταύτην
975 2508 1260 2586 πλησίον
1290 2505 1655 2579 Αἰθιοπίας
1691 2500 1803 2568 καὶ
1837 2510 1959 2567 τοῦ
1993 2504 2174 2590 παρὰ

250 2608 369 2672 τὸν
417 2608 713 2674 ὠκεανὸν
771 2610 1003 2696 ὄρους,
1050 2609 1086 2674 ὃ
1134 2608 1448 2695 μέγιστον
1503 2605 1626 2693 μὲν
1670 2609 1994 2695 ὑπάρχειν
2037 2619 2173 2675 τῶν

248 2713 322 2780 ἐν
377 2726 519 2791 τοῖς
571 2718 801 2793 τόποις
853 2714 967 2782 καὶ
1020 2718 1489 2802 προπεπτωκὸς
1543 2719 1640 2794 εἰς
1687 2718 1807 2782 τὸν
1854 2717 2171 2801 ὠκεανόν,

247 2821 695 2907 ὀνομάζεσθαι
763 2817 824 2887 δ’
876 2823 1007 2888 ὑπὸ
1062 2834 1197 2888 τῶν
1241 2822 1579 2908 Ἑλλήνων
1614 2822 1957 2889 ’Ἀτλαντω
2048 2825 2172 2908 τὴν
2209 2843 2242 2892 5

250 2924 326 2993 δὲ
369 2927 862 3015 προειρημένην
905 2938 1118 3013 νῆσον
1162 2930 1486 3018 ὑπάρχειν
1531 2927 1653 3015 μὲν
1698 2929 2026 3015 εὐμεγέθη
2063 2928 2173 2995 καὶ

167 3053 221 3094 25
250 3037 468 3120 πλήρη
497 3037 847 3121 καρπίμων
885 3034 1187 3123 δένδρων
1211 3038 1679 3120 παντοδαπῶν,
1710 3034 1825 3121 ἀφ’
1853 3032 1949 3102 ὧν
1986 3038 2173 3119 πορί-

254 3145 484 3220 ζεσθαι
530 3143 647 3219 τὰς
690 3144 944 3228 τροφὰς
987 3146 1145 3220 τοὺς
1190 3142 1574 3230 ἐγχωρίους.
1627 3145 1800 3227 ἔχειν
1848 3137 1908 3204 δ’
1964 3140 2173 3222 αὐτὴν

247 3246 362 3314 καὶ
414 3258 680 3333 κτηνῶν
733 3254 1020 3333 πλῆθος,
1088 3251 1299 3332 αἰγῶν
1353 3247 1465 3315 καὶ
1518 3248 1899 3335 προβάτων,
1956 3245 2023 3325 ἐξ
2075 3240 2174 3311 ὧν

248 3354 421 3439 γάλα
467 3354 579 3421 καὶ
613 3354 775 3443 κρέα
809 3357 975 3441 πρὸς
1011 3356 1384 3442 διατροφὴν
1419 3355 1740 3442 ὑπάρχειν
1775 3362 1916 3429 τοῖς
1949 3373 2174 3434 κεκτη-

391 3517 427 3586 4?
476 3508 791 3569 ἐπιθέσθαι
831 3513 884 3567 II
1029 3520 1059 3569 7
1110 3511 1344 3575 οἰκείοις
1380 3491 1576 3568 malim
1721 3516 1785 3562 11
1826 3511 1995 3563 δοκεῖ
2021 3506 2171 3577 libri,

251 3600 389 3637 corr.
431 3584 597 3638 Dind.
746 3591 811 3641 15
850 3590 951 3641 τοῦ
989 3583 1093 3654 μὲν
1130 3583 1284 3652 vulg.
1433 3589 1500 3637 22
1538 3575 1905 3651 προκεκυφός
1941 3578 2097 3633 Eich.
